<?xml version="1.0" encoding="UTF-8"?>
<!DOCTYPE html PUBLIC "-//W3C//DTD XHTML 1.0 Transitional//EN"
    "http://www.w3.org/TR/xhtml1/DTD/xhtml1-transitional.dtd">
<html xmlns="http://www.w3.org/1999/xhtml" xml:lang="en" lang="en">
 <head>
  <title>
</title>
<meta http-equiv="Content-Type" content="text/html;charset=utf-8" />
  <meta name='ocr-system' content='tesseract 3.04.00' />
  <meta name='ocr-capabilities' content='ocr_page ocr_carea ocr_par ocr_line ocrx_word'/>
</head>
<body>
  <div class='ocr_page' id='page_1' title='image "./povidiinasonisop03oviduoft_0143.png"; bbox 0 0 1729 3207; ppageno 0'>
   <div class='ocr_carea' id='block_1_1' title="bbox 377 209 1220 251">
    <p class='ocr_par' dir='ltr' id='par_1_1' title="bbox 377 209 1220 251">
     <span class='ocr_line' id='line_1_1' title="bbox 377 209 1220 251; baseline 0 0"><span class='ocrx_word' id='word_1_1' title='bbox 377 209 997 251; x_wconf 87' lang='lat' dir='ltr'><strong>METAMORPHOSEON</strong></span> <span class='ocrx_word' id='word_1_2' title='bbox 1031 210 1149 251; x_wconf 91' lang='lat' dir='ltr'>LIB.</span> <span class='ocrx_word' id='word_1_3' title='bbox 1184 210 1220 250; x_wconf 89' lang='grc' dir='ltr'>Ι.</span> 
     </span>
    </p>
   </div>
   <div class='ocr_carea' id='block_1_2' title="bbox 1409 213 1490 252">
    <p class='ocr_par' dir='ltr' id='par_1_2' title="bbox 1409 213 1490 252">
     <span class='ocr_line' id='line_1_2' title="bbox 1409 213 1490 252; baseline 0 0"><span class='ocrx_word' id='word_1_4' title='bbox 1409 213 1490 252; x_wconf 83' lang='grc'>133</span> 
     </span>
    </p>
   </div>
   <div class='ocr_carea' id='block_1_3' title="bbox 106 322 1487 844">
    <p class='ocr_par' dir='ltr' id='par_1_3' title="bbox 106 322 1482 467">
     <span class='ocr_line' id='line_1_3' title="bbox 106 322 1482 390; baseline 0.003 -21"><span class='ocrx_word' id='word_1_5' title='bbox 106 322 274 387; x_wconf 82' lang='lat' dir='ltr'><strong>Atque</strong></span> <span class='ocrx_word' id='word_1_6' title='bbox 293 324 363 371; x_wconf 89' lang='lat' dir='ltr'>ita</span> <span class='ocrx_word' id='word_1_7' title='bbox 379 325 660 389; x_wconf 82' lang='lat' dir='ltr'>disparibus</span> <span class='ocrx_word' id='word_1_8' title='bbox 682 326 884 373; x_wconf 89' lang='lat' dir='ltr'>calamis</span> <span class='ocrx_word' id='word_1_9' title='bbox 906 327 1200 390; x_wconf 80' lang='lat' dir='ltr'>compagine</span> <span class='ocrx_word' id='word_1_10' title='bbox 1220 342 1344 374; x_wconf 79' lang='lat' dir='ltr'>cerae</span> <span class='ocrx_word' id='word_1_11' title='bbox 1394 331 1448 374; x_wconf 88' lang='grc'>71</span> <span class='ocrx_word' id='word_1_12' title='bbox 1466 331 1482 373; x_wconf 91' lang='lat' dir='ltr'>l</span> 
     </span>
     <span class='ocr_line' id='line_1_4' title="bbox 107 399 1200 467; baseline 0.004 -21"><span class='ocrx_word' id='word_1_13' title='bbox 107 399 244 447; x_wconf 85' lang='lat' dir='ltr'><strong>Inter</strong></span> <span class='ocrx_word' id='word_1_14' title='bbox 269 417 322 448; x_wconf 89' lang='lat' dir='ltr'>se</span> <span class='ocrx_word' id='word_1_15' title='bbox 341 402 528 464; x_wconf 88' lang='lat' dir='ltr'>junctis</span> <span class='ocrx_word' id='word_1_16' title='bbox 554 418 734 449; x_wconf 91' lang='lat' dir='ltr'>nomen</span> <span class='ocrx_word' id='word_1_17' title='bbox 758 403 978 450; x_wconf 87' lang='lat' dir='ltr'>tenuisse</span> <span class='ocrx_word' id='word_1_18' title='bbox 1004 404 1200 467; x_wconf 80' lang='lat' dir='ltr'>puellae.</span> 
     </span>
    </p>

    <p class='ocr_par' dir='ltr' id='par_1_4' title="bbox 106 475 1487 844">
     <span class='ocr_line' id='line_1_5' title="bbox 106 475 1142 543; baseline 0.004 -21"><span class='ocrx_word' id='word_1_19' title='bbox 106 475 246 525; x_wconf 86' lang='lat' dir='ltr'>Talia</span> <span class='ocrx_word' id='word_1_20' title='bbox 268 478 508 536; x_wconf 89' lang='lat' dir='ltr'>dicturus,</span> <span class='ocrx_word' id='word_1_21' title='bbox 535 479 658 526; x_wconf 87' lang='lat' dir='ltr'>vidit</span> <span class='ocrx_word' id='word_1_22' title='bbox 684 479 945 543; x_wconf 84' lang='lat' dir='ltr'>Cyllenius</span> <span class='ocrx_word' id='word_1_23' title='bbox 971 496 1142 527; x_wconf 87' lang='lat' dir='ltr'>omnes</span> 
     </span>
     <span class='ocr_line' id='line_1_6' title="bbox 109 554 1450 621; baseline 0.001 -20"><span class='ocrx_word' id='word_1_24' title='bbox 109 554 445 604; x_wconf 88' lang='lat' dir='ltr'>Succubuisse</span> <span class='ocrx_word' id='word_1_25' title='bbox 469 558 655 612; x_wconf 91' lang='lat' dir='ltr'>oculos,</span> <span class='ocrx_word' id='word_1_26' title='bbox 683 558 1022 621; x_wconf 87' lang='lat' dir='ltr'>adopertaque</span> <span class='ocrx_word' id='word_1_27' title='bbox 1047 557 1234 604; x_wconf 88' lang='lat' dir='ltr'>lumina</span> <span class='ocrx_word' id='word_1_28' title='bbox 1259 573 1450 604; x_wconf 87' lang='lat' dir='ltr'>somno.</span> 
     </span>
     <span class='ocr_line' id='line_1_7' title="bbox 109 632 1442 699; baseline 0.001 -20"><span class='ocrx_word' id='word_1_29' title='bbox 109 632 386 698; x_wconf 84' lang='lat' dir='ltr'>Supprimit</span> <span class='ocrx_word' id='word_1_30' title='bbox 410 636 663 699; x_wconf 86' lang='lat' dir='ltr'>extemplo</span> <span class='ocrx_word' id='word_1_31' title='bbox 687 651 882 691; x_wconf 81' lang='lat' dir='ltr'>vocem3</span> <span class='ocrx_word' id='word_1_32' title='bbox 907 635 1170 697; x_wconf 86' lang='lat' dir='ltr'>firmatque</span> <span class='ocrx_word' id='word_1_33' title='bbox 1197 651 1442 698; x_wconf 87' lang='lat' dir='ltr'>soporem,</span> 
     </span>
     <span class='ocr_line' id='line_1_8' title="bbox 107 708 1487 776; baseline 0 -19"><span class='ocrx_word' id='word_1_34' title='bbox 107 708 364 773; x_wconf 80' lang='lat' dir='ltr'>Languida</span> <span class='ocrx_word' id='word_1_35' title='bbox 387 713 698 776; x_wconf 80' lang='lat' dir='ltr'>permulcens</span> <span class='ocrx_word' id='word_1_36' title='bbox 724 713 974 760; x_wconf 88' lang='lat' dir='ltr'>medicata</span> <span class='ocrx_word' id='word_1_37' title='bbox 997 712 1185 759; x_wconf 84' lang='lat' dir='ltr'>lumina</span> <span class='ocrx_word' id='word_1_38' title='bbox 1197 713 1350 775; x_wconf 84' lang='lat' dir='ltr'>virga.</span> <span class='ocrx_word' id='word_1_39' title='bbox 1394 714 1487 758; x_wconf 89' lang='grc'>716</span> 
     </span>
     <span class='ocr_line' id='line_1_9' title="bbox 108 787 1309 844; baseline 0.002 -10"><span class='ocrx_word' id='word_1_40' title='bbox 108 787 216 836; x_wconf 93' lang='lat' dir='ltr'>Nec</span> <span class='ocrx_word' id='word_1_41' title='bbox 241 806 399 838; x_wconf 89' lang='lat' dir='ltr'>mora:</span> <span class='ocrx_word' id='word_1_42' title='bbox 438 790 617 838; x_wconf 87' lang='lat' dir='ltr'>falcato</span> <span class='ocrx_word' id='word_1_43' title='bbox 642 798 902 839; x_wconf 88' lang='lat' dir='ltr'>nutantem</span> <span class='ocrx_word' id='word_1_44' title='bbox 926 791 1151 837; x_wconf 87' lang='lat' dir='ltr'>vulnerat</span> <span class='ocrx_word' id='word_1_45' title='bbox 1175 806 1309 844; x_wconf 89' lang='lat' dir='ltr'>ense,</span> 
     </span>
    </p>
   </div>
   <div class='ocr_carea' id='block_1_4' title="bbox 108 864 792 933">
    <p class='ocr_par' dir='ltr' id='par_1_5' title="bbox 108 864 792 933">
     <span class='ocr_line' id='line_1_10' title="bbox 108 864 792 933; baseline 0.006 -20"><span class='ocrx_word' id='word_1_46' title='bbox 108 864 220 920; x_wconf 82' lang='lat' dir='ltr'>Qua</span> <span class='ocrx_word' id='word_1_47' title='bbox 243 868 370 915; x_wconf 93' lang='lat' dir='ltr'>collo</span> <span class='ocrx_word' id='word_1_48' title='bbox 395 868 590 916; x_wconf 89' lang='lat' dir='ltr'>confine</span> <span class='ocrx_word' id='word_1_49' title='bbox 615 877 792 933; x_wconf 84' lang='lat' dir='ltr'>caput3</span> 
     </span>
    </p>
   </div>
   <div class='ocr_carea' id='block_1_5' title="bbox 105 988 772 2849">
    <p class='ocr_par' dir='ltr' id='par_1_6' title="bbox 105 988 768 2711">
     <span class='ocr_line' id='line_1_11' title="bbox 105 988 765 1023; baseline 0.006 -4"><span class='ocrx_word' id='word_1_50' title='bbox 105 988 216 1021; x_wconf 90' lang='lat' dir='ltr'>Heins.</span> <span class='ocrx_word' id='word_1_51' title='bbox 229 990 308 1022; x_wconf 89' lang='lat' dir='ltr'>Cod.</span> <span class='ocrx_word' id='word_1_52' title='bbox 321 991 362 1022; x_wconf 87' lang='lat' dir='ltr'>R.</span> <span class='ocrx_word' id='word_1_53' title='bbox 374 992 414 1023; x_wconf 92' lang='lat' dir='ltr'>B.</span> <span class='ocrx_word' id='word_1_54' title='bbox 425 993 573 1023; x_wconf 79' lang='lat' dir='ltr'>solatium.</span> <span class='ocrx_word' id='word_1_55' title='bbox 598 993 672 1023; x_wconf 82' lang='lat' dir='ltr'>Non</span> <span class='ocrx_word' id='word_1_56' title='bbox 684 993 765 1023; x_wconf 90' lang='lat' dir='ltr'>male</span> 
     </span>
     <span class='ocr_line' id='line_1_12' title="bbox 107 1039 765 1081; baseline 0.005 -12"><span class='ocrx_word' id='word_1_57' title='bbox 107 1045 209 1070; x_wconf 89' lang='lat' dir='ltr'>nostro</span> <span class='ocrx_word' id='word_1_58' title='bbox 230 1039 361 1081; x_wconf 84' lang='lat' dir='ltr'>judicio.</span> <span class='ocrx_word' id='word_1_59' title='bbox 415 1041 482 1072; x_wconf 78' lang='lat' dir='ltr'>Hoc</span> <span class='ocrx_word' id='word_1_60' title='bbox 509 1042 765 1073; x_wconf 69' lang='lat' dir='ltr'>mihi—manebit.</span> 
     </span>
     <span class='ocr_line' id='line_1_13' title="bbox 109 1087 765 1133; baseline 0.006 -15"><span class='ocrx_word' id='word_1_61' title='bbox 109 1087 170 1119; x_wconf 89' lang='lat' dir='ltr'>Hic</span> <span class='ocrx_word' id='word_1_62' title='bbox 191 1094 304 1121; x_wconf 90' lang='lat' dir='ltr'>cantus</span> <span class='ocrx_word' id='word_1_63' title='bbox 320 1101 370 1121; x_wconf 91' lang='lat' dir='ltr'>me</span> <span class='ocrx_word' id='word_1_64' title='bbox 391 1101 513 1133; x_wconf 86' lang='lat' dir='ltr'>semper</span> <span class='ocrx_word' id='word_1_65' title='bbox 537 1091 592 1121; x_wconf 89' lang='lat' dir='ltr'>tibi</span> <span class='ocrx_word' id='word_1_66' title='bbox 617 1091 765 1122; x_wconf 86' lang='lat' dir='ltr'>concilia-</span> 
     </span>
     <span class='ocr_line' id='line_1_14' title="bbox 105 1137 767 1182; baseline 0.005 -14"><span class='ocrx_word' id='word_1_67' title='bbox 105 1137 151 1168; x_wconf 90' lang='lat' dir='ltr'>bit</span> <span class='ocrx_word' id='word_1_68' title='bbox 162 1149 171 1176; x_wconf 89' lang='lat'>;</span> <span class='ocrx_word' id='word_1_69' title='bbox 195 1137 287 1180; x_wconf 86' lang='lat' dir='ltr'>hujus</span> <span class='ocrx_word' id='word_1_70' title='bbox 298 1139 367 1170; x_wconf 90' lang='lat' dir='ltr'>soni</span> <span class='ocrx_word' id='word_1_71' title='bbox 381 1150 477 1171; x_wconf 86' lang='lat' dir='ltr'>causa</span> <span class='ocrx_word' id='word_1_72' title='bbox 491 1151 614 1182; x_wconf 87' lang='lat' dir='ltr'>semper</span> <span class='ocrx_word' id='word_1_73' title='bbox 628 1146 698 1171; x_wconf 86' lang='lat' dir='ltr'>utar</span> <span class='ocrx_word' id='word_1_74' title='bbox 713 1146 767 1172; x_wconf 83' lang='lat' dir='ltr'>tua</span> 
     </span>
     <span class='ocr_line' id='line_1_15' title="bbox 106 1189 765 1235; baseline 0.005 -17"><span class='ocrx_word' id='word_1_75' title='bbox 106 1189 350 1235; x_wconf 78' lang='lat' dir='ltr'>consuetudine3</span> <span class='ocrx_word' id='word_1_76' title='bbox 374 1200 412 1220; x_wconf 87' lang='lat' dir='ltr'>ex</span> <span class='ocrx_word' id='word_1_77' title='bbox 435 1195 465 1220; x_wconf 88' lang='lat' dir='ltr'>te</span> <span class='ocrx_word' id='word_1_78' title='bbox 484 1189 598 1220; x_wconf 88' lang='lat' dir='ltr'>faciam</span> <span class='ocrx_word' id='word_1_79' title='bbox 616 1190 765 1227; x_wconf 85' lang='lat' dir='ltr'>fistulam,</span> 
     </span>
     <span class='ocr_line' id='line_1_16' title="bbox 106 1238 767 1278; baseline 0.003 -10"><span class='ocrx_word' id='word_1_80' title='bbox 106 1247 170 1278; x_wconf 89' lang='lat' dir='ltr'>qua</span> <span class='ocrx_word' id='word_1_81' title='bbox 197 1238 303 1268; x_wconf 91' lang='lat' dir='ltr'>crebro</span> <span class='ocrx_word' id='word_1_82' title='bbox 328 1243 399 1269; x_wconf 89' lang='lat' dir='ltr'>utar</span> <span class='ocrx_word' id='word_1_83' title='bbox 423 1238 478 1269; x_wconf 92' lang='lat' dir='ltr'>otii</span> <span class='ocrx_word' id='word_1_84' title='bbox 505 1238 636 1269; x_wconf 73' lang='lat' dir='ltr'>fallendi</span> <span class='ocrx_word' id='word_1_85' title='bbox 661 1250 767 1270; x_wconf 84' lang='lat' dir='ltr'>causa.</span> 
     </span>
     <span class='ocr_line' id='line_1_17' title="bbox 105 1286 767 1330; baseline 0.005 -14"><span class='ocrx_word' id='word_1_86' title='bbox 105 1286 148 1317; x_wconf 90' lang='lat' dir='ltr'>Et</span> <span class='ocrx_word' id='word_1_87' title='bbox 173 1286 295 1318; x_wconf 82' lang='lat' dir='ltr'>solebat</span> <span class='ocrx_word' id='word_1_88' title='bbox 322 1287 391 1318; x_wconf 90' lang='lat' dir='ltr'>Pan</span> <span class='ocrx_word' id='word_1_89' title='bbox 419 1298 540 1330; x_wconf 86' lang='lat' dir='ltr'>semper</span> <span class='ocrx_word' id='word_1_90' title='bbox 568 1287 626 1319; x_wconf 93' lang='lat' dir='ltr'>hoc</span> <span class='ocrx_word' id='word_1_91' title='bbox 655 1287 767 1320; x_wconf 82' lang='lat' dir='ltr'>instru-</span> 
     </span>
     <span class='ocr_line' id='line_1_18' title="bbox 105 1336 767 1369; baseline 0.003 -3"><span class='ocrx_word' id='word_1_92' title='bbox 105 1341 212 1367; x_wconf 89' lang='lat' dir='ltr'>mento</span> <span class='ocrx_word' id='word_1_93' title='bbox 239 1337 358 1368; x_wconf 89' lang='lat' dir='ltr'>musico</span> <span class='ocrx_word' id='word_1_94' title='bbox 392 1336 553 1368; x_wconf 87' lang='lat' dir='ltr'>delectari.</span> <span class='ocrx_word' id='word_1_95' title='bbox 599 1338 767 1369; x_wconf 82' lang='lat' dir='ltr'>Concilium</span> 
     </span>
     <span class='ocr_line' id='line_1_19' title="bbox 105 1385 768 1429; baseline 0.005 -13"><span class='ocrx_word' id='word_1_96' title='bbox 105 1385 151 1417; x_wconf 90' lang='lat' dir='ltr'>ita</span> <span class='ocrx_word' id='word_1_97' title='bbox 170 1385 243 1422; x_wconf 88' lang='lat' dir='ltr'>dici,</span> <span class='ocrx_word' id='word_1_98' title='bbox 259 1387 370 1428; x_wconf 89' lang='lat' dir='ltr'>probat</span> <span class='ocrx_word' id='word_1_99' title='bbox 388 1386 430 1417; x_wconf 88' lang='lat' dir='ltr'>ad</span> <span class='ocrx_word' id='word_1_100' title='bbox 451 1387 483 1418; x_wconf 93' lang='lat' dir='ltr'>h.</span> <span class='ocrx_word' id='word_1_101' title='bbox 495 1387 517 1418; x_wconf 92' lang='lat' dir='ltr'>l.</span> <span class='ocrx_word' id='word_1_102' title='bbox 539 1386 649 1418; x_wconf 86' lang='lat' dir='ltr'>Heius.</span> <span class='ocrx_word' id='word_1_103' title='bbox 694 1388 768 1429; x_wconf 84' lang='lat' dir='ltr'>Ipsa</span> 
     </span>
     <span class='ocr_line' id='line_1_20' title="bbox 106 1436 767 1469; baseline 0.002 -2"><span class='ocrx_word' id='word_1_104' title='bbox 106 1436 226 1468; x_wconf 83' lang='lat' dir='ltr'>foedera</span> <span class='ocrx_word' id='word_1_105' title='bbox 246 1442 277 1467; x_wconf 91' lang='lat' dir='ltr'>et</span> <span class='ocrx_word' id='word_1_106' title='bbox 297 1436 443 1468; x_wconf 88' lang='lat' dir='ltr'>amicitiae</span> <span class='ocrx_word' id='word_1_107' title='bbox 459 1442 611 1468; x_wconf 88' lang='lat' dir='ltr'>vocantur</span> <span class='ocrx_word' id='word_1_108' title='bbox 628 1439 767 1469; x_wconf 81' lang='lat' dir='ltr'>concilia.</span> 
     </span>
     <span class='ocr_line' id='line_1_21' title="bbox 107 1485 766 1528; baseline -0.002 -11"><span class='ocrx_word' id='word_1_109' title='bbox 107 1485 264 1517; x_wconf 85' lang='lat' dir='ltr'>Caeterum</span> <span class='ocrx_word' id='word_1_110' title='bbox 277 1485 383 1516; x_wconf 87' lang='lat' dir='ltr'>fistula</span> <span class='ocrx_word' id='word_1_111' title='bbox 398 1485 458 1516; x_wconf 80' lang='lat' dir='ltr'>fuit</span> <span class='ocrx_word' id='word_1_112' title='bbox 471 1485 584 1527; x_wconf 83' lang='lat' dir='ltr'>triplex</span> <span class='ocrx_word' id='word_1_113' title='bbox 597 1498 603 1515; x_wconf 91' lang='lat'><strong>:</strong></span> <span class='ocrx_word' id='word_1_114' title='bbox 627 1486 766 1528; x_wconf 80' lang='grc' dir='ltr'>μονοκά-</span> 
     </span>
     <span class='ocr_line' id='line_1_22' title="bbox 106 1535 766 1577; baseline 0 -11"><span class='ocrx_word' id='word_1_115' title='bbox 106 1535 219 1577; x_wconf 79' lang='grc' dir='ltr'><strong>λαμος,</strong></span> <span class='ocrx_word' id='word_1_116' title='bbox 239 1546 334 1577; x_wconf 88' lang='lat' dir='ltr'>quam</span> <span class='ocrx_word' id='word_1_117' title='bbox 352 1535 473 1566; x_wconf 89' lang='lat' dir='ltr'>invenit</span> <span class='ocrx_word' id='word_1_118' title='bbox 490 1535 667 1566; x_wconf 89' lang='lat' dir='ltr'>Mercurius</span> <span class='ocrx_word' id='word_1_119' title='bbox 682 1536 766 1576; x_wconf 92' lang='lat' dir='ltr'>(Ho-</span> 
     </span>
     <span class='ocr_line' id='line_1_23' title="bbox 107 1584 766 1627; baseline 0.002 -12"><span class='ocrx_word' id='word_1_120' title='bbox 107 1595 183 1616; x_wconf 88' lang='lat' dir='ltr'>mer.</span> <span class='ocrx_word' id='word_1_121' title='bbox 198 1585 316 1627; x_wconf 84' lang='lat' dir='ltr'>Hymn.</span> <span class='ocrx_word' id='word_1_122' title='bbox 334 1586 363 1616; x_wconf 95' lang='lat'>1.</span> <span class='ocrx_word' id='word_1_123' title='bbox 379 1585 481 1616; x_wconf 90' lang='lat' dir='ltr'>Merc.</span> <span class='ocrx_word' id='word_1_124' title='bbox 497 1585 558 1616; x_wconf 87' lang='lat'>509</span> <span class='ocrx_word' id='word_1_125' title='bbox 569 1584 595 1624; x_wconf 67' lang='grc' dir='ltr'>ς)</span> <span class='ocrx_word' id='word_1_126' title='bbox 620 1584 766 1616; x_wconf 80' lang='grc' dir='ltr'>πολυκά-</span> 
     </span>
     <span class='ocr_line' id='line_1_24' title="bbox 106 1633 766 1676; baseline 0.002 -12"><span class='ocrx_word' id='word_1_127' title='bbox 106 1634 223 1675; x_wconf 78' lang='grc' dir='ltr'><strong>λαμος,</strong></span> <span class='ocrx_word' id='word_1_128' title='bbox 248 1634 336 1676; x_wconf 87' lang='lat' dir='ltr'>cujus</span> <span class='ocrx_word' id='word_1_129' title='bbox 362 1637 471 1664; x_wconf 88' lang='lat' dir='ltr'>auctor</span> <span class='ocrx_word' id='word_1_130' title='bbox 495 1633 629 1665; x_wconf 87' lang='lat' dir='ltr'>Silenus.</span> <span class='ocrx_word' id='word_1_131' title='bbox 673 1634 766 1665; x_wconf 86' lang='lat' dir='ltr'>Illam</span> 
     </span>
     <span class='ocr_line' id='line_1_25' title="bbox 107 1683 766 1726; baseline 0 -12"><span class='ocrx_word' id='word_1_132' title='bbox 107 1683 255 1726; x_wconf 87' lang='lat' dir='ltr'>denique,</span> <span class='ocrx_word' id='word_1_133' title='bbox 278 1694 348 1725; x_wconf 83' lang='lat' dir='ltr'>quae</span> <span class='ocrx_word' id='word_1_134' title='bbox 371 1694 443 1715; x_wconf 86' lang='lat' dir='ltr'>cera</span> <span class='ocrx_word' id='word_1_135' title='bbox 471 1683 653 1725; x_wconf 85' lang='lat' dir='ltr'>glutinatur,</span> <span class='ocrx_word' id='word_1_136' title='bbox 677 1684 766 1726; x_wconf 89' lang='lat' dir='ltr'>cujus</span> 
     </span>
     <span class='ocr_line' id='line_1_26' title="bbox 107 1731 767 1775; baseline -0.002 -11"><span class='ocrx_word' id='word_1_137' title='bbox 107 1731 246 1764; x_wconf 89' lang='lat' dir='ltr'>inventio</span> <span class='ocrx_word' id='word_1_138' title='bbox 260 1733 325 1764; x_wconf 88' lang='lat' dir='ltr'>h.l.</span> <span class='ocrx_word' id='word_1_139' title='bbox 340 1738 373 1764; x_wconf 89' lang='lat' dir='ltr'>et</span> <span class='ocrx_word' id='word_1_140' title='bbox 384 1733 476 1775; x_wconf 89' lang='lat' dir='ltr'>Virg.</span> <span class='ocrx_word' id='word_1_141' title='bbox 490 1733 559 1764; x_wconf 84' lang='lat' dir='ltr'>Eel.</span> <span class='ocrx_word' id='word_1_142' title='bbox 574 1733 608 1764; x_wconf 86' lang='lat' dir='ltr'>ii.</span> <span class='ocrx_word' id='word_1_143' title='bbox 624 1734 676 1764; x_wconf 76' lang='lat'>32.</span> <span class='ocrx_word' id='word_1_144' title='bbox 688 1734 767 1764; x_wconf 87' lang='lat' dir='ltr'>Pani</span> 
     </span>
     <span class='ocr_line' id='line_1_27' title="bbox 108 1782 767 1824; baseline -0.003 -10"><span class='ocrx_word' id='word_1_145' title='bbox 108 1782 304 1820; x_wconf 82' lang='lat' dir='ltr'>adscribitur,</span> <span class='ocrx_word' id='word_1_146' title='bbox 328 1784 474 1824; x_wconf 85' lang='lat' dir='ltr'>Marsyas</span> <span class='ocrx_word' id='word_1_147' title='bbox 496 1782 651 1813; x_wconf 84' lang='lat' dir='ltr'>invenisse</span> <span class='ocrx_word' id='word_1_148' title='bbox 672 1783 767 1813; x_wconf 84' lang='lat' dir='ltr'>tradi-</span> 
     </span>
     <span class='ocr_line' id='line_1_28' title="bbox 109 1832 768 1875; baseline -0.002 -12"><span class='ocrx_word' id='word_1_149' title='bbox 109 1838 158 1864; x_wconf 89' lang='lat' dir='ltr'>tur</span> <span class='ocrx_word' id='word_1_150' title='bbox 173 1833 256 1875; x_wconf 89' lang='lat' dir='ltr'>apud</span> <span class='ocrx_word' id='word_1_151' title='bbox 272 1832 471 1869; x_wconf 61' lang='lat' dir='ltr'>Athenaeum,</span> <span class='ocrx_word' id='word_1_152' title='bbox 486 1832 528 1863; x_wconf 92' lang='lat' dir='ltr'>iv.</span> <span class='ocrx_word' id='word_1_153' title='bbox 543 1843 577 1874; x_wconf 91' lang='lat' dir='ltr'>p.</span> <span class='ocrx_word' id='word_1_154' title='bbox 596 1833 666 1863; x_wconf 84' lang='lat'>184.</span> <span class='ocrx_word' id='word_1_155' title='bbox 690 1832 768 1863; x_wconf 86' lang='lat' dir='ltr'>Pani</span> 
     </span>
     <span class='ocr_line' id='line_1_29' title="bbox 108 1881 767 1924; baseline -0.002 -11"><span class='ocrx_word' id='word_1_156' title='bbox 108 1888 217 1914; x_wconf 88' lang='lat' dir='ltr'>contra</span> <span class='ocrx_word' id='word_1_157' title='bbox 234 1882 288 1913; x_wconf 72' lang='lat' dir='ltr'>alii</span> <span class='ocrx_word' id='word_1_158' title='bbox 306 1881 447 1913; x_wconf 86' lang='lat' dir='ltr'>tribuunt</span> <span class='ocrx_word' id='word_1_159' title='bbox 462 1882 686 1924; x_wconf 80' lang='grc' dir='ltr'>πλαγίαυλον,</span> <span class='ocrx_word' id='word_1_160' title='bbox 703 1881 725 1912; x_wconf 86' lang='lat' dir='ltr'>i.</span> <span class='ocrx_word' id='word_1_161' title='bbox 740 1893 767 1913; x_wconf 93' lang='lat' dir='ltr'>e.</span> 
     </span>
     <span class='ocr_line' id='line_1_30' title="bbox 107 1931 766 1974; baseline -0.002 -11"><span class='ocrx_word' id='word_1_162' title='bbox 107 1931 218 1964; x_wconf 85' lang='lat' dir='ltr'>tibiam</span> <span class='ocrx_word' id='word_1_163' title='bbox 241 1932 420 1974; x_wconf 88' lang='lat' dir='ltr'>obliquam:</span> <span class='ocrx_word' id='word_1_164' title='bbox 444 1931 508 1962; x_wconf 89' lang='lat' dir='ltr'>vid.</span> <span class='ocrx_word' id='word_1_165' title='bbox 528 1931 652 1962; x_wconf 91' lang='lat' dir='ltr'>omnino</span> <span class='ocrx_word' id='word_1_166' title='bbox 667 1932 766 1973; x_wconf 89' lang='lat' dir='ltr'>Span-</span> 
     </span>
     <span class='ocr_line' id='line_1_31' title="bbox 110 1981 766 2014; baseline -0.003 -1"><span class='ocrx_word' id='word_1_167' title='bbox 110 1982 192 2014; x_wconf 90' lang='lat' dir='ltr'>hem.</span> <span class='ocrx_word' id='word_1_168' title='bbox 207 1981 247 2014; x_wconf 83' lang='lat' dir='ltr'>ad</span> <span class='ocrx_word' id='word_1_169' title='bbox 262 1981 389 2014; x_wconf 79' lang='lat' dir='ltr'>Gallim.</span> <span class='ocrx_word' id='word_1_170' title='bbox 400 1981 536 2013; x_wconf 89' lang='lat' dir='ltr'>h.Dian.</span> <span class='ocrx_word' id='word_1_171' title='bbox 550 1982 624 2012; x_wconf 78' lang='lat'>245.</span> <span class='ocrx_word' id='word_1_172' title='bbox 649 1981 766 2012; x_wconf 85' lang='lat' dir='ltr'>Veram</span> 
     </span>
     <span class='ocr_line' id='line_1_32' title="bbox 108 2029 765 2073; baseline -0.003 -11"><span class='ocrx_word' id='word_1_173' title='bbox 108 2031 218 2063; x_wconf 82' lang='lat' dir='ltr'>fistulae</span> <span class='ocrx_word' id='word_1_174' title='bbox 247 2030 397 2073; x_wconf 87' lang='lat' dir='ltr'>originem</span> <span class='ocrx_word' id='word_1_175' title='bbox 432 2030 527 2061; x_wconf 84' lang='lat' dir='ltr'>refert</span> <span class='ocrx_word' id='word_1_176' title='bbox 557 2029 642 2060; x_wconf 92' lang='lat' dir='ltr'>haud</span> <span class='ocrx_word' id='word_1_177' title='bbox 671 2029 765 2060; x_wconf 91' lang='lat' dir='ltr'>dubie</span> 
     </span>
     <span class='ocr_line' id='line_1_33' title="bbox 109 2079 766 2121; baseline -0.005 -9"><span class='ocrx_word' id='word_1_178' title='bbox 109 2082 234 2113; x_wconf 89' lang='lat' dir='ltr'>Lucret.</span> <span class='ocrx_word' id='word_1_179' title='bbox 261 2091 292 2112; x_wconf 89' lang='lat' dir='ltr'>v.</span> <span class='ocrx_word' id='word_1_180' title='bbox 323 2081 423 2111; x_wconf 84' lang='lat'>1283:</span> <span class='ocrx_word' id='word_1_181' title='bbox 455 2079 585 2121; x_wconf 79' lang='lat' dir='ltr'>Zephyri</span> <span class='ocrx_word' id='word_1_182' title='bbox 613 2091 685 2111; x_wconf 82' lang='lat' dir='ltr'>cava</span> <span class='ocrx_word' id='word_1_183' title='bbox 711 2091 766 2120; x_wconf 82' lang='lat' dir='ltr'>per</span> 
     </span>
     <span class='ocr_line' id='line_1_34' title="bbox 109 2130 764 2171; baseline -0.003 -10"><span class='ocrx_word' id='word_1_184' title='bbox 109 2131 290 2161; x_wconf 76' lang='lat' dir='ltr'>calamorum</span> <span class='ocrx_word' id='word_1_185' title='bbox 303 2131 400 2171; x_wconf 79' lang='lat' dir='ltr'>sybila</span> <span class='ocrx_word' id='word_1_186' title='bbox 414 2131 546 2169; x_wconf 83' lang='lat' dir='ltr'>primum</span> <span class='ocrx_word' id='word_1_187' title='bbox 561 2130 698 2170; x_wconf 78' lang='lat' dir='ltr'>Agrestes</span> <span class='ocrx_word' id='word_1_188' title='bbox 713 2131 764 2159; x_wconf 80' lang='lat' dir='ltr'>do-</span> 
     </span>
     <span class='ocr_line' id='line_1_35' title="bbox 109 2179 765 2221; baseline -0.002 -11"><span class='ocrx_word' id='word_1_189' title='bbox 109 2190 196 2211; x_wconf 81' lang='lat' dir='ltr'>cuere</span> <span class='ocrx_word' id='word_1_190' title='bbox 211 2191 298 2211; x_wconf 84' lang='lat' dir='ltr'>cavas</span> <span class='ocrx_word' id='word_1_191' title='bbox 311 2180 422 2221; x_wconf 85' lang='lat' dir='ltr'>inflare</span> <span class='ocrx_word' id='word_1_192' title='bbox 433 2181 557 2210; x_wconf 84' lang='lat' dir='ltr'>cicutas.</span> <span class='ocrx_word' id='word_1_193' title='bbox 584 2179 605 2210; x_wconf 88' lang='lat' dir='ltr'>J</span> <span class='ocrx_word' id='word_1_194' title='bbox 607 2189 657 2209; x_wconf 88' lang='lat' dir='ltr'>am</span> <span class='ocrx_word' id='word_1_195' title='bbox 668 2189 765 2220; x_wconf 89' lang='lat' dir='ltr'>quum</span> 
     </span>
     <span class='ocr_line' id='line_1_36' title="bbox 110 2227 766 2270; baseline -0.003 -10"><span class='ocrx_word' id='word_1_196' title='bbox 110 2229 229 2260; x_wconf 88' lang='lat' dir='ltr'>musica</span> <span class='ocrx_word' id='word_1_197' title='bbox 245 2229 284 2260; x_wconf 89' lang='lat' dir='ltr'>ob</span> <span class='ocrx_word' id='word_1_198' title='bbox 305 2227 459 2269; x_wconf 85' lang='lat' dir='ltr'>insignem</span> <span class='ocrx_word' id='word_1_199' title='bbox 481 2227 694 2270; x_wconf 82' lang='lat' dir='ltr'>praestantiam</span> <span class='ocrx_word' id='word_1_200' title='bbox 719 2227 766 2258; x_wconf 90' lang='lat' dir='ltr'>di-</span> 
     </span>
     <span class='ocr_line' id='line_1_37' title="bbox 111 2277 768 2320; baseline -0.003 -11"><span class='ocrx_word' id='word_1_201' title='bbox 111 2277 217 2309; x_wconf 87' lang='lat' dir='ltr'>vinum</span> <span class='ocrx_word' id='word_1_202' title='bbox 231 2288 308 2320; x_wconf 90' lang='lat' dir='ltr'>opus</span> <span class='ocrx_word' id='word_1_203' title='bbox 326 2277 503 2313; x_wconf 86' lang='lat' dir='ltr'>haberetur,</span> <span class='ocrx_word' id='word_1_204' title='bbox 520 2277 639 2307; x_wconf 85' lang='lat' dir='ltr'>factum</span> <span class='ocrx_word' id='word_1_205' title='bbox 661 2282 718 2312; x_wconf 90' lang='lat' dir='ltr'>est,</span> <span class='ocrx_word' id='word_1_206' title='bbox 734 2282 768 2307; x_wconf 89' lang='lat' dir='ltr'>ut</span> 
     </span>
     <span class='ocr_line' id='line_1_38' title="bbox 109 2325 768 2358; baseline -0.003 0"><span class='ocrx_word' id='word_1_207' title='bbox 109 2326 246 2358; x_wconf 83' lang='lat' dir='ltr'>inventio</span> <span class='ocrx_word' id='word_1_208' title='bbox 266 2325 535 2358; x_wconf 69' lang='lat' dir='ltr'>celebeirimorum</span> <span class='ocrx_word' id='word_1_209' title='bbox 549 2325 768 2356; x_wconf 86' lang='lat' dir='ltr'>instrumento-</span> 
     </span>
     <span class='ocr_line' id='line_1_39' title="bbox 110 2374 768 2413; baseline -0.002 -7"><span class='ocrx_word' id='word_1_210' title='bbox 110 2387 179 2407; x_wconf 90' lang='lat' dir='ltr'>rum</span> <span class='ocrx_word' id='word_1_211' title='bbox 203 2375 274 2406; x_wconf 89' lang='lat' dir='ltr'>Diis</span> <span class='ocrx_word' id='word_1_212' title='bbox 299 2375 478 2407; x_wconf 88' lang='lat' dir='ltr'>auctoribus</span> <span class='ocrx_word' id='word_1_213' title='bbox 503 2374 711 2413; x_wconf 85' lang='lat' dir='ltr'>tribueretur;</span> <span class='ocrx_word' id='word_1_214' title='bbox 737 2380 768 2405; x_wconf 89' lang='lat' dir='ltr'>et</span> 
     </span>
     <span class='ocr_line' id='line_1_40' title="bbox 110 2423 768 2467; baseline -0.003 -11"><span class='ocrx_word' id='word_1_215' title='bbox 110 2425 214 2456; x_wconf 88' lang='lat' dir='ltr'>fistula</span> <span class='ocrx_word' id='word_1_216' title='bbox 225 2425 352 2467; x_wconf 88' lang='lat' dir='ltr'>quidem</span> <span class='ocrx_word' id='word_1_217' title='bbox 363 2424 527 2467; x_wconf 87' lang='lat' dir='ltr'>pastoralis</span> <span class='ocrx_word' id='word_1_218' title='bbox 537 2423 707 2460; x_wconf 89' lang='lat' dir='ltr'>Pani‚Deo</span> <span class='ocrx_word' id='word_1_219' title='bbox 718 2429 768 2454; x_wconf 81' lang='lat' dir='ltr'>tu-</span> 
     </span>
     <span class='ocr_line' id='line_1_41' title="bbox 110 2474 768 2516; baseline -0.006 -10"><span class='ocrx_word' id='word_1_220' title='bbox 110 2474 199 2506; x_wconf 88' lang='lat' dir='ltr'>telari</span> <span class='ocrx_word' id='word_1_221' title='bbox 212 2480 381 2516; x_wconf 87' lang='lat' dir='ltr'>pastorum.</span> <span class='ocrx_word' id='word_1_222' title='bbox 418 2474 538 2504; x_wconf 86' lang='lat' dir='ltr'>Fistula</span> <span class='ocrx_word' id='word_1_223' title='bbox 553 2479 656 2504; x_wconf 85' lang='lat' dir='ltr'>autem</span> <span class='ocrx_word' id='word_1_224' title='bbox 671 2483 768 2514; x_wconf 89' lang='lat' dir='ltr'>quum</span> 
     </span>
     <span class='ocr_line' id='line_1_42' title="bbox 109 2522 766 2565; baseline -0.003 -11"><span class='ocrx_word' id='word_1_225' title='bbox 109 2522 150 2554; x_wconf 83' lang='lat' dir='ltr'>sit</span> <span class='ocrx_word' id='word_1_226' title='bbox 159 2523 398 2565; x_wconf 85' lang='lat' dir='ltr'>simplicissima,</span> <span class='ocrx_word' id='word_1_227' title='bbox 410 2533 512 2564; x_wconf 91' lang='lat' dir='ltr'>neque</span> <span class='ocrx_word' id='word_1_228' title='bbox 525 2532 598 2552; x_wconf 90' lang='lat' dir='ltr'>usus</span> <span class='ocrx_word' id='word_1_229' title='bbox 608 2522 675 2563; x_wconf 85' lang='lat' dir='ltr'>ejus</span> <span class='ocrx_word' id='word_1_230' title='bbox 689 2522 766 2552; x_wconf 88' lang='lat' dir='ltr'>mul-</span> 
     </span>
     <span class='ocr_line' id='line_1_43' title="bbox 112 2570 767 2613; baseline -0.005 -10"><span class='ocrx_word' id='word_1_231' title='bbox 112 2579 179 2603; x_wconf 89' lang='lat' dir='ltr'>tum</span> <span class='ocrx_word' id='word_1_232' title='bbox 199 2571 429 2603; x_wconf 82' lang='lat' dir='ltr'>exercitationis</span> <span class='ocrx_word' id='word_1_233' title='bbox 448 2571 595 2613; x_wconf 85' lang='lat' dir='ltr'>requirat,</span> <span class='ocrx_word' id='word_1_234' title='bbox 610 2570 670 2601; x_wconf 83' lang='lat' dir='ltr'>fuit</span> <span class='ocrx_word' id='word_1_235' title='bbox 684 2570 767 2601; x_wconf 89' lang='lat' dir='ltr'>haud</span> 
     </span>
     <span class='ocr_line' id='line_1_44' title="bbox 111 2619 766 2662; baseline -0.005 -10"><span class='ocrx_word' id='word_1_236' title='bbox 111 2621 205 2653; x_wconf 85' lang='lat' dir='ltr'>dubie</span> <span class='ocrx_word' id='word_1_237' title='bbox 229 2621 262 2651; x_wconf 91' lang='lat' dir='ltr'>in</span> <span class='ocrx_word' id='word_1_238' title='bbox 290 2620 510 2662; x_wconf 79' lang='lat' dir='ltr'>antiquissimis</span> <span class='ocrx_word' id='word_1_239' title='bbox 533 2619 766 2650; x_wconf 83' lang='lat' dir='ltr'>instrumentis:</span> 
     </span>
     <span class='ocr_line' id='line_1_45' title="bbox 116 2670 595 2711; baseline -0.002 -11"><span class='ocrx_word' id='word_1_240' title='bbox 116 2670 278 2701; x_wconf 83' lang='lat' dir='ltr'>Plutarch.</span> <span class='ocrx_word' id='word_1_241' title='bbox 294 2670 334 2701; x_wconf 88' lang='lat' dir='ltr'>de</span> <span class='ocrx_word' id='word_1_242' title='bbox 349 2671 438 2701; x_wconf 86' lang='lat' dir='ltr'>Mus.</span> <span class='ocrx_word' id='word_1_243' title='bbox 452 2681 484 2711; x_wconf 89' lang='lat' dir='ltr'>p.</span> <span class='ocrx_word' id='word_1_244' title='bbox 504 2670 595 2700; x_wconf 84' lang='lat'>1136.</span> 
     </span>
    </p>

    <p class='ocr_par' dir='ltr' id='par_1_7' title="bbox 115 2716 772 2800">
     <span class='ocr_line' id='line_1_46' title="bbox 156 2716 769 2758; baseline -0.005 -9"><span class='ocrx_word' id='word_1_245' title='bbox 156 2719 230 2749; x_wconf 90' lang='grc'><strong>711.</strong></span> <span class='ocrx_word' id='word_1_246' title='bbox 259 2719 448 2758; x_wconf 80' lang='lat' dir='ltr'>Disparilms,</span> <span class='ocrx_word' id='word_1_247' title='bbox 476 2719 597 2749; x_wconf 88' lang='lat' dir='ltr'>scilicet</span> <span class='ocrx_word' id='word_1_248' title='bbox 633 2716 769 2757; x_wconf 81' lang='lat' dir='ltr'>longitu-</span> 
     </span>
     <span class='ocr_line' id='line_1_47' title="bbox 115 2767 772 2800; baseline -0.005 -1"><span class='ocrx_word' id='word_1_249' title='bbox 115 2767 199 2800; x_wconf 87' lang='lat' dir='ltr'>dine.</span> <span class='ocrx_word' id='word_1_250' title='bbox 244 2767 366 2799; x_wconf 87' lang='lat' dir='ltr'>Calami</span> <span class='ocrx_word' id='word_1_251' title='bbox 388 2779 424 2800; x_wconf 90' lang='lat' dir='ltr'>eo</span> <span class='ocrx_word' id='word_1_252' title='bbox 445 2768 552 2799; x_wconf 87' lang='lat' dir='ltr'>ordine</span> <span class='ocrx_word' id='word_1_253' title='bbox 574 2767 772 2798; x_wconf 87' lang='lat' dir='ltr'>collocaban-</span> 
     </span>
    </p>

    <p class='ocr_par' dir='ltr' id='par_1_8' title="bbox 158 2818 336 2849">
     <span class='ocr_line' id='line_1_48' title="bbox 158 2818 336 2849; baseline 0 -1"><span class='ocrx_word' id='word_1_254' title='bbox 158 2818 257 2849; x_wconf 88' lang='lat' dir='ltr'>VOL.</span> <span class='ocrx_word' id='word_1_255' title='bbox 270 2818 336 2849; x_wconf 91' lang='lat' dir='ltr'>III.</span> 
     </span>
    </p>
   </div>
   <div class='ocr_carea' id='block_1_6' title="bbox 834 874 1345 930">
    <p class='ocr_par' dir='ltr' id='par_1_9' title="bbox 834 874 1345 930">
     <span class='ocr_line' id='line_1_49' title="bbox 834 874 1345 930; baseline -0.008 -14"><span class='ocrx_word' id='word_1_256' title='bbox 834 883 1057 930; x_wconf 83' lang='lat' dir='ltr'>saxoque</span> <span class='ocrx_word' id='word_1_257' title='bbox 1083 874 1345 914; x_wconf 85' lang='lat' dir='ltr'>cruentum</span> 
     </span>
    </p>
   </div>
   <div class='ocr_carea' id='block_1_7' title="bbox 833 990 1503 2845">
    <p class='ocr_par' dir='ltr' id='par_1_10' title="bbox 833 990 1498 1515">
     <span class='ocr_line' id='line_1_50' title="bbox 834 990 1495 1031; baseline -0.009 -8"><span class='ocrx_word' id='word_1_258' title='bbox 834 998 894 1029; x_wconf 90' lang='lat' dir='ltr'>tur,</span> <span class='ocrx_word' id='word_1_259' title='bbox 918 997 952 1022; x_wconf 87' lang='lat' dir='ltr'>ut</span> <span class='ocrx_word' id='word_1_260' title='bbox 976 990 1147 1022; x_wconf 85' lang='lat' dir='ltr'>breviorem</span> <span class='ocrx_word' id='word_1_261' title='bbox 1169 1000 1290 1031; x_wconf 88' lang='lat' dir='ltr'>semper</span> <span class='ocrx_word' id='word_1_262' title='bbox 1315 994 1495 1029; x_wconf 83' lang='lat' dir='ltr'>sequeretur</span> 
     </span>
     <span class='ocr_line' id='line_1_51' title="bbox 833 1036 1495 1082; baseline -0.009 -10"><span class='ocrx_word' id='word_1_263' title='bbox 833 1041 962 1082; x_wconf 88' lang='lat' dir='ltr'>longior.</span> <span class='ocrx_word' id='word_1_264' title='bbox 1007 1040 1074 1070; x_wconf 81' lang='lat' dir='ltr'>Res</span> <span class='ocrx_word' id='word_1_265' title='bbox 1099 1040 1184 1070; x_wconf 87' lang='lat' dir='ltr'>clara</span> <span class='ocrx_word' id='word_1_266' title='bbox 1210 1044 1256 1069; x_wconf 87' lang='lat' dir='ltr'>est</span> <span class='ocrx_word' id='word_1_267' title='bbox 1277 1049 1315 1068; x_wconf 80' lang='lat' dir='ltr'>ex</span> <span class='ocrx_word' id='word_1_268' title='bbox 1342 1036 1406 1067; x_wconf 85' lang='lat' dir='ltr'>viii.</span> <span class='ocrx_word' id='word_1_269' title='bbox 1435 1038 1495 1067; x_wconf 88' lang='lat'>190</span> 
     </span>
     <span class='ocr_line' id='line_1_52' title="bbox 833 1085 1496 1132; baseline -0.008 -11"><span class='ocrx_word' id='word_1_270' title='bbox 833 1101 904 1132; x_wconf 86' lang='lat' dir='ltr'>sqq.</span> <span class='ocrx_word' id='word_1_271' title='bbox 942 1089 991 1121; x_wconf 88' lang='lat' dir='ltr'>Cf.</span> <span class='ocrx_word' id='word_1_272' title='bbox 1005 1088 1095 1129; x_wconf 70' lang='lat' dir='ltr'>Yirg.</span> <span class='ocrx_word' id='word_1_273' title='bbox 1112 1088 1181 1118; x_wconf 86' lang='lat' dir='ltr'>Ecl.</span> <span class='ocrx_word' id='word_1_274' title='bbox 1195 1087 1227 1117; x_wconf 92' lang='lat' dir='ltr'>ii.</span> <span class='ocrx_word' id='word_1_275' title='bbox 1244 1088 1295 1117; x_wconf 87' lang='lat'>36.</span> <span class='ocrx_word' id='word_1_276' title='bbox 1317 1085 1371 1117; x_wconf 87' lang='lat' dir='ltr'>ubi</span> <span class='ocrx_word' id='word_1_277' title='bbox 1390 1086 1496 1116; x_wconf 77' lang='lat' dir='ltr'>fistula</span> 
     </span>
     <span class='ocr_line' id='line_1_53' title="bbox 834 1134 1493 1181; baseline -0.008 -11"><span class='ocrx_word' id='word_1_278' title='bbox 834 1150 871 1170; x_wconf 81' lang='lat' dir='ltr'>ex</span> <span class='ocrx_word' id='word_1_279' title='bbox 885 1145 1005 1181; x_wconf 85' lang='lat' dir='ltr'>septem</span> <span class='ocrx_word' id='word_1_280' title='bbox 1017 1137 1127 1169; x_wconf 84' lang='lat' dir='ltr'>cicutis</span> <span class='ocrx_word' id='word_1_281' title='bbox 1142 1136 1318 1178; x_wconf 85' lang='lat' dir='ltr'>disparibus</span> <span class='ocrx_word' id='word_1_282' title='bbox 1333 1135 1391 1165; x_wconf 89' lang='lat' dir='ltr'>hoc</span> <span class='ocrx_word' id='word_1_283' title='bbox 1403 1134 1493 1165; x_wconf 89' lang='lat' dir='ltr'>modo</span> 
     </span>
     <span class='ocr_line' id='line_1_54' title="bbox 834 1184 1496 1230; baseline -0.009 -11"><span class='ocrx_word' id='word_1_284' title='bbox 834 1188 1015 1230; x_wconf 87' lang='lat' dir='ltr'>composita.</span> <span class='ocrx_word' id='word_1_285' title='bbox 1055 1187 1233 1227; x_wconf 77' lang='lat' dir='ltr'>Compagz’ne</span> <span class='ocrx_word' id='word_1_286' title='bbox 1251 1184 1408 1226; x_wconf 84' lang='lat' dir='ltr'>vituperat</span> <span class='ocrx_word' id='word_1_287' title='bbox 1428 1184 1496 1214; x_wconf 84' lang='lat' dir='ltr'>Ser-</span> 
     </span>
     <span class='ocr_line' id='line_1_55' title="bbox 833 1233 1496 1277; baseline -0.008 -8"><span class='ocrx_word' id='word_1_288' title='bbox 833 1237 902 1268; x_wconf 85' lang='lat' dir='ltr'>vius</span> <span class='ocrx_word' id='word_1_289' title='bbox 927 1237 967 1268; x_wconf 91' lang='lat' dir='ltr'>ad</span> <span class='ocrx_word' id='word_1_290' title='bbox 997 1235 1177 1277; x_wconf 72' lang='lat' dir='ltr'>Virgilium,</span> <span class='ocrx_word' id='word_1_291' title='bbox 1207 1233 1338 1265; x_wconf 82' lang='lat' dir='ltr'>AEneid.</span> <span class='ocrx_word' id='word_1_292' title='bbox 1368 1233 1389 1263; x_wconf 88' lang='lat' dir='ltr'>i.</span> <span class='ocrx_word' id='word_1_293' title='bbox 1418 1234 1496 1264; x_wconf 80' lang='lat'>293.</span> 
     </span>
     <span class='ocr_line' id='line_1_56' title="bbox 834 1281 1498 1328; baseline -0.011 -11"><span class='ocrx_word' id='word_1_294' title='bbox 834 1286 923 1328; x_wconf 87' lang='lat' dir='ltr'>quasi</span> <span class='ocrx_word' id='word_1_295' title='bbox 942 1296 1052 1328; x_wconf 87' lang='lat' dir='ltr'>parum</span> <span class='ocrx_word' id='word_1_296' title='bbox 1070 1284 1192 1315; x_wconf 87' lang='lat' dir='ltr'>Latine.</span> <span class='ocrx_word' id='word_1_297' title='bbox 1237 1282 1300 1313; x_wconf 87' lang='lat' dir='ltr'>Sed</span> <span class='ocrx_word' id='word_1_298' title='bbox 1315 1283 1424 1313; x_wconf 89' lang='lat' dir='ltr'>Burm.</span> <span class='ocrx_word' id='word_1_299' title='bbox 1442 1281 1498 1311; x_wconf 79' lang='lat' dir='ltr'>do-</span> 
     </span>
     <span class='ocr_line' id='line_1_57' title="bbox 833 1331 1497 1372; baseline -0.011 -6"><span class='ocrx_word' id='word_1_300' title='bbox 833 1341 882 1366; x_wconf 81' lang='lat' dir='ltr'>cet</span> <span class='ocrx_word' id='word_1_301' title='bbox 893 1335 924 1365; x_wconf 90' lang='lat' dir='ltr'>h.</span> <span class='ocrx_word' id='word_1_302' title='bbox 933 1335 955 1366; x_wconf 89' lang='lat' dir='ltr'>l.</span> <span class='ocrx_word' id='word_1_303' title='bbox 968 1334 1061 1365; x_wconf 86' lang='lat' dir='ltr'>etiam</span> <span class='ocrx_word' id='word_1_304' title='bbox 1073 1333 1187 1364; x_wconf 85' lang='lat' dir='ltr'>Manil.</span> <span class='ocrx_word' id='word_1_305' title='bbox 1200 1332 1314 1363; x_wconf 83' lang='lat' dir='ltr'>dixisse</span> <span class='ocrx_word' id='word_1_306' title='bbox 1326 1331 1497 1372; x_wconf 77' lang='lat' dir='ltr'>compagine</span> 
     </span>
     <span class='ocr_line' id='line_1_58' title="bbox 833 1381 1494 1427; baseline -0.009 -11"><span class='ocrx_word' id='word_1_307' title='bbox 833 1396 887 1427; x_wconf 91' lang='lat' dir='ltr'>pro</span> <span class='ocrx_word' id='word_1_308' title='bbox 902 1396 1049 1427; x_wconf 81' lang='lat' dir='ltr'>compage,</span> <span class='ocrx_word' id='word_1_309' title='bbox 1066 1390 1121 1414; x_wconf 87' lang='lat' dir='ltr'>aut</span> <span class='ocrx_word' id='word_1_310' title='bbox 1138 1383 1335 1424; x_wconf 78' lang='lat' dir='ltr'>compagibus.</span> <span class='ocrx_word' id='word_1_311' title='bbox 1382 1381 1494 1411; x_wconf 77' lang='lat' dir='ltr'>Nomen</span> 
     </span>
     <span class='ocr_line' id='line_1_59' title="bbox 836 1429 1497 1474; baseline -0.009 -9"><span class='ocrx_word' id='word_1_312' title='bbox 836 1437 962 1466; x_wconf 74' lang='lat' dir='ltr'>tenuisse</span> <span class='ocrx_word' id='word_1_313' title='bbox 983 1435 1102 1474; x_wconf 78' lang='lat' dir='ltr'>puellae.</span> <span class='ocrx_word' id='word_1_314' title='bbox 1136 1432 1221 1462; x_wconf 72' lang='lat' dir='ltr'>Nam</span> <span class='ocrx_word' id='word_1_315' title='bbox 1243 1431 1354 1473; x_wconf 78' lang='grc' dir='ltr'>σύριγξ</span> <span class='ocrx_word' id='word_1_316' title='bbox 1376 1429 1497 1461; x_wconf 80' lang='lat' dir='ltr'>Graecis</span> 
     </span>
     <span class='ocr_line' id='line_1_60' title="bbox 833 1480 1494 1515; baseline -0.006 -2"><span class='ocrx_word' id='word_1_317' title='bbox 833 1483 948 1515; x_wconf 83' lang='lat' dir='ltr'>fistula.</span> <span class='ocrx_word' id='word_1_318' title='bbox 973 1483 1055 1514; x_wconf 79' lang='lat' dir='ltr'>Vide</span> <span class='ocrx_word' id='word_1_319' title='bbox 1068 1488 1155 1513; x_wconf 87' lang='lat' dir='ltr'>notas</span> <span class='ocrx_word' id='word_1_320' title='bbox 1166 1481 1197 1512; x_wconf 91' lang='lat' dir='ltr'>in</span> <span class='ocrx_word' id='word_1_321' title='bbox 1210 1491 1288 1512; x_wconf 70' lang='grc' dir='ltr'><strong>νει-5.</strong></span> <span class='ocrx_word' id='word_1_322' title='bbox 1304 1481 1365 1511; x_wconf 85' lang='lat'>702</span> <span class='ocrx_word' id='word_1_323' title='bbox 1377 1485 1409 1511; x_wconf 90' lang='lat' dir='ltr'>et</span> <span class='ocrx_word' id='word_1_324' title='bbox 1420 1480 1494 1510; x_wconf 88' lang='lat'>706.</span> 
     </span>
    </p>

    <p class='ocr_par' dir='ltr' id='par_1_11' title="bbox 834 1529 1500 2009">
     <span class='ocr_line' id='line_1_61' title="bbox 878 1529 1495 1573; baseline -0.008 -9"><span class='ocrx_word' id='word_1_325' title='bbox 878 1534 951 1564; x_wconf 88' lang='lat'>713.</span> <span class='ocrx_word' id='word_1_326' title='bbox 981 1533 1148 1573; x_wconf 70' lang='lat' dir='ltr'>Cyllenius,</span> <span class='ocrx_word' id='word_1_327' title='bbox 1182 1529 1371 1565; x_wconf 84' lang='lat' dir='ltr'>Mercurius,</span> <span class='ocrx_word' id='word_1_328' title='bbox 1400 1539 1495 1570; x_wconf 90' lang='lat' dir='ltr'>quem</span> 
     </span>
     <span class='ocr_line' id='line_1_62' title="bbox 834 1578 1497 1622; baseline -0.005 -10"><span class='ocrx_word' id='word_1_329' title='bbox 834 1582 924 1613; x_wconf 83' lang='lat' dir='ltr'>Maia</span> <span class='ocrx_word' id='word_1_330' title='bbox 952 1582 984 1612; x_wconf 90' lang='lat' dir='ltr'>in</span> <span class='ocrx_word' id='word_1_331' title='bbox 1011 1581 1173 1622; x_wconf 88' lang='lat' dir='ltr'>Cyllenes,</span> <span class='ocrx_word' id='word_1_332' title='bbox 1200 1579 1313 1610; x_wconf 88' lang='lat' dir='ltr'>montis</span> <span class='ocrx_word' id='word_1_333' title='bbox 1342 1578 1497 1614; x_wconf 83' lang='lat' dir='ltr'>Arcadiae,</span> 
     </span>
     <span class='ocr_line' id='line_1_63' title="bbox 834 1627 1489 1672; baseline -0.008 -10"><span class='ocrx_word' id='word_1_334' title='bbox 834 1631 949 1662; x_wconf 81' lang='lat' dir='ltr'>vertice</span> <span class='ocrx_word' id='word_1_335' title='bbox 965 1631 1102 1672; x_wconf 86' lang='lat' dir='ltr'>peperit:</span> <span class='ocrx_word' id='word_1_336' title='bbox 1126 1629 1217 1670; x_wconf 84' lang='lat' dir='ltr'>Virg.</span> <span class='ocrx_word' id='word_1_337' title='bbox 1234 1629 1309 1659; x_wconf 80' lang='lat' dir='ltr'>AEn.</span> <span class='ocrx_word' id='word_1_338' title='bbox 1325 1627 1390 1658; x_wconf 83' lang='lat' dir='ltr'>viii.</span> <span class='ocrx_word' id='word_1_339' title='bbox 1409 1628 1469 1658; x_wconf 84' lang='lat'>139</span> <span class='ocrx_word' id='word_1_340' title='bbox 1483 1640 1489 1657; x_wconf 88' lang='grc'>;</span> 
     </span>
     <span class='ocr_line' id='line_1_64' title="bbox 836 1676 1496 1719; baseline -0.005 -9"><span class='ocrx_word' id='word_1_341' title='bbox 836 1681 1029 1711; x_wconf 83' lang='lat' dir='ltr'>Permulcens</span> <span class='ocrx_word' id='word_1_342' title='bbox 1052 1681 1156 1710; x_wconf 78' lang='lat' dir='ltr'>medic.</span> <span class='ocrx_word' id='word_1_343' title='bbox 1172 1681 1269 1719; x_wconf 70' lang='lat' dir='ltr'>virga,</span> <span class='ocrx_word' id='word_1_344' title='bbox 1292 1676 1403 1718; x_wconf 70' lang='grc' dir='ltr'>ῥάβδῳ</span> <span class='ocrx_word' id='word_1_345' title='bbox 1425 1676 1496 1707; x_wconf 79' lang='grc' dir='ltr'>Θέλ-</span> 
     </span>
     <span class='ocr_line' id='line_1_65' title="bbox 837 1728 1496 1772; baseline -0.008 -10"><span class='ocrx_word' id='word_1_346' title='bbox 837 1744 906 1772; x_wconf 80' lang='grc' dir='ltr'>γων</span> <span class='ocrx_word' id='word_1_347' title='bbox 927 1728 1132 1764; x_wconf 73' lang='grc' dir='ltr'>ὑπνοόὠτιόι,</span> <span class='ocrx_word' id='word_1_348' title='bbox 1149 1729 1248 1770; x_wconf 91' lang='lat' dir='ltr'>Orph.</span> <span class='ocrx_word' id='word_1_349' title='bbox 1264 1728 1370 1769; x_wconf 77' lang='lat' dir='ltr'>hymn.</span> <span class='ocrx_word' id='word_1_350' title='bbox 1386 1728 1439 1758; x_wconf 88' lang='grc'>56.</span> <span class='ocrx_word' id='word_1_351' title='bbox 1455 1728 1474 1757; x_wconf 87' lang='grc'>8</span> <span class='ocrx_word' id='word_1_352' title='bbox 1490 1740 1496 1756; x_wconf 90' lang='lat'>:</span> 
     </span>
     <span class='ocr_line' id='line_1_66' title="bbox 836 1776 1497 1821; baseline -0.008 -10"><span class='ocrx_word' id='word_1_353' title='bbox 836 1782 994 1817; x_wconf 77' lang='lat' dir='ltr'>medicata,</span> <span class='ocrx_word' id='word_1_354' title='bbox 1007 1779 1108 1811; x_wconf 86' lang='lat' dir='ltr'>succis</span> <span class='ocrx_word' id='word_1_355' title='bbox 1122 1777 1291 1821; x_wconf 86' lang='lat' dir='ltr'>soporificis</span> <span class='ocrx_word' id='word_1_356' title='bbox 1303 1777 1412 1808; x_wconf 88' lang='lat' dir='ltr'>tincta.</span> <span class='ocrx_word' id='word_1_357' title='bbox 1425 1776 1497 1807; x_wconf 70' lang='lat' dir='ltr'>Vir-</span> 
     </span>
     <span class='ocr_line' id='line_1_67' title="bbox 835 1827 1497 1870; baseline -0.006 -10"><span class='ocrx_word' id='word_1_358' title='bbox 835 1830 889 1870; x_wconf 72' lang='lat' dir='ltr'>gil.</span> <span class='ocrx_word' id='word_1_359' title='bbox 906 1831 981 1860; x_wconf 83' lang='lat' dir='ltr'>AEn.</span> <span class='ocrx_word' id='word_1_360' title='bbox 996 1829 1038 1860; x_wconf 90' lang='lat' dir='ltr'>vi.</span> <span class='ocrx_word' id='word_1_361' title='bbox 1054 1830 1128 1859; x_wconf 82' lang='lat'>420.</span> <span class='ocrx_word' id='word_1_362' title='bbox 1163 1827 1249 1858; x_wconf 82' lang='lat' dir='ltr'>Talis</span> <span class='ocrx_word' id='word_1_363' title='bbox 1272 1837 1408 1862; x_wconf 89' lang='lat' dir='ltr'>somnus,</span> <span class='ocrx_word' id='word_1_364' title='bbox 1427 1836 1497 1856; x_wconf 89' lang='lat' dir='ltr'>suc-</span> 
     </span>
     <span class='ocr_line' id='line_1_68' title="bbox 835 1874 1498 1921; baseline -0.008 -11"><span class='ocrx_word' id='word_1_365' title='bbox 835 1879 879 1909; x_wconf 89' lang='lat' dir='ltr'>cis</span> <span class='ocrx_word' id='word_1_366' title='bbox 900 1878 1068 1921; x_wconf 86' lang='lat' dir='ltr'>soporificis</span> <span class='ocrx_word' id='word_1_367' title='bbox 1086 1877 1228 1913; x_wconf 88' lang='lat' dir='ltr'>effectus,</span> <span class='ocrx_word' id='word_1_368' title='bbox 1242 1878 1404 1907; x_wconf 79' lang='lat' dir='ltr'>medicatus</span> <span class='ocrx_word' id='word_1_369' title='bbox 1420 1874 1498 1905; x_wconf 86' lang='lat' dir='ltr'>dici-</span> 
     </span>
     <span class='ocr_line' id='line_1_69' title="bbox 836 1926 1500 1964; baseline -0.006 -6"><span class='ocrx_word' id='word_1_370' title='bbox 836 1934 884 1959; x_wconf 92' lang='lat' dir='ltr'>tur</span> <span class='ocrx_word' id='word_1_371' title='bbox 904 1927 1056 1959; x_wconf 89' lang='lat' dir='ltr'>Heroidd.</span> <span class='ocrx_word' id='word_1_372' title='bbox 1078 1927 1133 1958; x_wconf 86' lang='lat' dir='ltr'>xii.</span> <span class='ocrx_word' id='word_1_373' title='bbox 1152 1927 1232 1964; x_wconf 78' lang='lat'>1073</span> <span class='ocrx_word' id='word_1_374' title='bbox 1255 1936 1329 1956; x_wconf 88' lang='lat' dir='ltr'>nam</span> <span class='ocrx_word' id='word_1_375' title='bbox 1352 1926 1500 1956; x_wconf 74' lang='lat' dir='ltr'>medicare</span> 
     </span>
     <span class='ocr_line' id='line_1_70' title="bbox 836 1976 1295 2009; baseline -0.004 -1"><span class='ocrx_word' id='word_1_376' title='bbox 836 1977 961 2009; x_wconf 90' lang='lat' dir='ltr'>omnino</span> <span class='ocrx_word' id='word_1_377' title='bbox 978 1983 1024 2009; x_wconf 89' lang='lat' dir='ltr'>est</span> <span class='ocrx_word' id='word_1_378' title='bbox 1040 1977 1142 2008; x_wconf 87' lang='lat' dir='ltr'>succis</span> <span class='ocrx_word' id='word_1_379' title='bbox 1157 1976 1295 2007; x_wconf 88' lang='lat' dir='ltr'>inficere.</span> 
     </span>
    </p>

    <p class='ocr_par' dir='ltr' id='par_1_12' title="bbox 833 2025 1503 2710">
     <span class='ocr_line' id='line_1_71' title="bbox 877 2025 1500 2065; baseline -0.005 -7"><span class='ocrx_word' id='word_1_380' title='bbox 877 2028 952 2058; x_wconf 91' lang='lat'>717.</span> <span class='ocrx_word' id='word_1_381' title='bbox 992 2025 1252 2065; x_wconf 67' lang='lat' dir='ltr'>Falcula—ense]</span> <span class='ocrx_word' id='word_1_382' title='bbox 1294 2025 1437 2055; x_wconf 78' lang='lat' dir='ltr'>Falcatus</span> <span class='ocrx_word' id='word_1_383' title='bbox 1473 2036 1500 2056; x_wconf 82' lang='lat' dir='ltr'>e.</span> 
     </span>
     <span class='ocr_line' id='line_1_72' title="bbox 834 2072 1502 2118; baseline -0.004 -11"><span class='ocrx_word' id='word_1_384' title='bbox 834 2076 940 2118; x_wconf 87' lang='lat' dir='ltr'>harpe,</span> <span class='ocrx_word' id='word_1_385' title='bbox 952 2075 1058 2118; x_wconf 76' lang='grc' dir='ltr'><strong>α’ρπὴ.</strong></span> <span class='ocrx_word' id='word_1_386' title='bbox 1092 2076 1166 2106; x_wconf 82' lang='lat' dir='ltr'>Val.</span> <span class='ocrx_word' id='word_1_387' title='bbox 1182 2074 1270 2105; x_wconf 88' lang='lat' dir='ltr'>Flac.</span> <span class='ocrx_word' id='word_1_388' title='bbox 1286 2072 1328 2104; x_wconf 92' lang='lat' dir='ltr'>iv.</span> <span class='ocrx_word' id='word_1_389' title='bbox 1344 2074 1406 2104; x_wconf 85' lang='lat'>390</span> <span class='ocrx_word' id='word_1_390' title='bbox 1422 2084 1428 2102; x_wconf 92' lang='lat'>:</span> <span class='ocrx_word' id='word_1_391' title='bbox 1448 2073 1502 2104; x_wconf 88' lang='lat' dir='ltr'>Ce-</span> 
     </span>
     <span class='ocr_line' id='line_1_73' title="bbox 833 2124 1500 2164; baseline -0.007 -7"><span class='ocrx_word' id='word_1_392' title='bbox 833 2127 921 2157; x_wconf 82' lang='lat' dir='ltr'>lerem</span> <span class='ocrx_word' id='word_1_393' title='bbox 941 2127 1092 2156; x_wconf 78' lang='lat' dir='ltr'>mediisin</span> <span class='ocrx_word' id='word_1_394' title='bbox 1107 2125 1244 2155; x_wconf 79' lang='lat' dir='ltr'>cuntibus</span> <span class='ocrx_word' id='word_1_395' title='bbox 1263 2124 1355 2164; x_wconf 74' lang='lat' dir='ltr'>exigit</span> <span class='ocrx_word' id='word_1_396' title='bbox 1374 2124 1500 2162; x_wconf 81' lang='lat' dir='ltr'>harpen.</span> 
     </span>
     <span class='ocr_line' id='line_1_74' title="bbox 833 2171 1500 2217; baseline -0.007 -11"><span class='ocrx_word' id='word_1_397' title='bbox 833 2176 909 2217; x_wconf 84' lang='lat' dir='ltr'>Ejus</span> <span class='ocrx_word' id='word_1_398' title='bbox 947 2186 1020 2206; x_wconf 85' lang='lat' dir='ltr'>usus</span> <span class='ocrx_word' id='word_1_399' title='bbox 1049 2174 1193 2215; x_wconf 86' lang='lat' dir='ltr'>frequens</span> <span class='ocrx_word' id='word_1_400' title='bbox 1227 2173 1260 2203; x_wconf 89' lang='lat' dir='ltr'>in</span> <span class='ocrx_word' id='word_1_401' title='bbox 1295 2171 1500 2213; x_wconf 78' lang='lat' dir='ltr'>mythologia,</span> 
     </span>
     <span class='ocr_line' id='line_1_75' title="bbox 834 2220 1500 2266; baseline -0.008 -10"><span class='ocrx_word' id='word_1_402' title='bbox 834 2224 980 2266; x_wconf 91' lang='lat' dir='ltr'>Apollod.</span> <span class='ocrx_word' id='word_1_403' title='bbox 1001 2225 1028 2255; x_wconf 92' lang='lat' dir='ltr'>I.</span> <span class='ocrx_word' id='word_1_404' title='bbox 1046 2224 1068 2254; x_wconf 89' lang='lat' dir='ltr'>i.</span> <span class='ocrx_word' id='word_1_405' title='bbox 1088 2225 1139 2261; x_wconf 87' lang='lat'>1.;</span> <span class='ocrx_word' id='word_1_406' title='bbox 1161 2223 1194 2253; x_wconf 88' lang='lat'>6.</span> <span class='ocrx_word' id='word_1_407' title='bbox 1215 2224 1246 2253; x_wconf 87' lang='lat'>3.</span> <span class='ocrx_word' id='word_1_408' title='bbox 1290 2220 1359 2252; x_wconf 84' lang='lat' dir='ltr'>Tali</span> <span class='ocrx_word' id='word_1_409' title='bbox 1380 2232 1453 2252; x_wconf 86' lang='lat' dir='ltr'>ense</span> <span class='ocrx_word' id='word_1_410' title='bbox 1470 2228 1500 2252; x_wconf 90' lang='lat' dir='ltr'>et</span> 
     </span>
     <span class='ocr_line' id='line_1_76' title="bbox 834 2270 1501 2309; baseline -0.007 -4"><span class='ocrx_word' id='word_1_411' title='bbox 834 2275 967 2305; x_wconf 89' lang='lat' dir='ltr'>Perseus</span> <span class='ocrx_word' id='word_1_412' title='bbox 983 2284 1068 2309; x_wconf 88' lang='lat' dir='ltr'>usus,</span> <span class='ocrx_word' id='word_1_413' title='bbox 1083 2273 1127 2303; x_wconf 89' lang='lat' dir='ltr'>iv.</span> <span class='ocrx_word' id='word_1_414' title='bbox 1145 2272 1218 2302; x_wconf 83' lang='lat'>726.</span> <span class='ocrx_word' id='word_1_415' title='bbox 1241 2271 1303 2302; x_wconf 89' lang='lat' dir='ltr'>Sed</span> <span class='ocrx_word' id='word_1_416' title='bbox 1320 2270 1403 2301; x_wconf 87' lang='lat' dir='ltr'>unde</span> <span class='ocrx_word' id='word_1_417' title='bbox 1418 2281 1501 2301; x_wconf 89' lang='lat' dir='ltr'>nunc</span> 
     </span>
     <span class='ocr_line' id='line_1_77' title="bbox 835 2319 1500 2364; baseline -0.006 -10"><span class='ocrx_word' id='word_1_418' title='bbox 835 2324 994 2354; x_wconf 88' lang='lat' dir='ltr'>Mercurio</span> <span class='ocrx_word' id='word_1_419' title='bbox 1013 2323 1132 2364; x_wconf 58' lang='lat' dir='ltr'>harpe?</span> <span class='ocrx_word' id='word_1_420' title='bbox 1176 2321 1360 2352; x_wconf 84' lang='lat' dir='ltr'>Adveniens</span> <span class='ocrx_word' id='word_1_421' title='bbox 1380 2319 1500 2360; x_wconf 85' lang='lat' dir='ltr'>virgam</span> 
     </span>
     <span class='ocr_line' id='line_1_78' title="bbox 836 2368 1501 2406; baseline -0.008 -3"><span class='ocrx_word' id='word_1_422' title='bbox 836 2372 1051 2403; x_wconf 88' lang='lat' dir='ltr'>tantummodo</span> <span class='ocrx_word' id='word_1_423' title='bbox 1073 2371 1211 2406; x_wconf 87' lang='lat' dir='ltr'>retinuit,</span> <span class='ocrx_word' id='word_1_424' title='bbox 1228 2371 1301 2401; x_wconf 85' lang='lat'>675.</span> <span class='ocrx_word' id='word_1_425' title='bbox 1320 2379 1377 2400; x_wconf 91' lang='lat' dir='ltr'>nec</span> <span class='ocrx_word' id='word_1_426' title='bbox 1398 2368 1501 2399; x_wconf 83' lang='lat' dir='ltr'>itineri</span> 
     </span>
     <span class='ocr_line' id='line_1_79' title="bbox 836 2418 1499 2462; baseline -0.008 -10"><span class='ocrx_word' id='word_1_427' title='bbox 836 2433 869 2452; x_wconf 89' lang='lat' dir='ltr'>se</span> <span class='ocrx_word' id='word_1_428' title='bbox 884 2421 1053 2462; x_wconf 85' lang='lat' dir='ltr'>accingens</span> <span class='ocrx_word' id='word_1_429' title='bbox 1062 2420 1182 2462; x_wconf 89' lang='lat' dir='ltr'>harpen</span> <span class='ocrx_word' id='word_1_430' title='bbox 1194 2425 1376 2461; x_wconf 87' lang='lat' dir='ltr'>sumpserat.</span> <span class='ocrx_word' id='word_1_431' title='bbox 1404 2418 1499 2460; x_wconf 90' lang='lat' dir='ltr'>Apud</span> 
     </span>
     <span class='ocr_line' id='line_1_80' title="bbox 836 2468 1501 2513; baseline -0.009 -11"><span class='ocrx_word' id='word_1_432' title='bbox 836 2470 984 2513; x_wconf 91' lang='lat' dir='ltr'>Apollod.</span> <span class='ocrx_word' id='word_1_433' title='bbox 1010 2469 1118 2511; x_wconf 90' lang='lat' dir='ltr'>lapide</span> <span class='ocrx_word' id='word_1_434' title='bbox 1140 2468 1233 2500; x_wconf 84' lang='lat' dir='ltr'>misso</span> <span class='ocrx_word' id='word_1_435' title='bbox 1259 2469 1381 2509; x_wconf 79' lang='lat' dir='ltr'>Argum</span> <span class='ocrx_word' id='word_1_436' title='bbox 1407 2468 1501 2497; x_wconf 85' lang='lat' dir='ltr'>inter-</span> 
     </span>
     <span class='ocr_line' id='line_1_81' title="bbox 836 2516 1502 2558; baseline -0.006 -8"><span class='ocrx_word' id='word_1_437' title='bbox 836 2521 912 2552; x_wconf 86' lang='lat' dir='ltr'>ficit.</span> <span class='ocrx_word' id='word_1_438' title='bbox 957 2519 1046 2550; x_wconf 82' lang='lat' dir='ltr'>Nihil</span> <span class='ocrx_word' id='word_1_439' title='bbox 1083 2519 1192 2550; x_wconf 88' lang='lat' dir='ltr'>definit</span> <span class='ocrx_word' id='word_1_440' title='bbox 1229 2517 1374 2558; x_wconf 82' lang='lat' dir='ltr'>AEschyl.</span> <span class='ocrx_word' id='word_1_441' title='bbox 1416 2516 1502 2558; x_wconf 88' lang='lat' dir='ltr'>apud</span> 
     </span>
     <span class='ocr_line' id='line_1_82' title="bbox 836 2566 1503 2612; baseline -0.009 -11"><span class='ocrx_word' id='word_1_442' title='bbox 836 2581 928 2612; x_wconf 87' lang='lat' dir='ltr'>quem</span> <span class='ocrx_word' id='word_1_443' title='bbox 953 2570 1026 2600; x_wconf 86' lang='lat'>685.</span> <span class='ocrx_word' id='word_1_444' title='bbox 1038 2568 1142 2600; x_wconf 86' lang='lat' dir='ltr'>subita</span> <span class='ocrx_word' id='word_1_445' title='bbox 1162 2579 1242 2599; x_wconf 88' lang='lat' dir='ltr'>mors</span> <span class='ocrx_word' id='word_1_446' title='bbox 1264 2577 1336 2597; x_wconf 91' lang='lat' dir='ltr'>eum</span> <span class='ocrx_word' id='word_1_447' title='bbox 1357 2566 1421 2597; x_wconf 86' lang='lat' dir='ltr'>vita</span> <span class='ocrx_word' id='word_1_448' title='bbox 1440 2566 1503 2607; x_wconf 90' lang='lat' dir='ltr'>pri-</span> 
     </span>
     <span class='ocr_line' id='line_1_83' title="bbox 836 2615 1502 2655; baseline -0.009 -5"><span class='ocrx_word' id='word_1_449' title='bbox 836 2625 899 2650; x_wconf 86' lang='lat' dir='ltr'>vat.</span> <span class='ocrx_word' id='word_1_450' title='bbox 944 2619 1111 2649; x_wconf 74' lang='lat' dir='ltr'>Nutantem</span> <span class='ocrx_word' id='word_1_451' title='bbox 1123 2629 1133 2655; x_wconf 87' lang='lat'>,·</span> <span class='ocrx_word' id='word_1_452' title='bbox 1158 2623 1232 2648; x_wconf 87' lang='lat' dir='ltr'>tunc</span> <span class='ocrx_word' id='word_1_453' title='bbox 1249 2615 1351 2647; x_wconf 85' lang='lat' dir='ltr'>cervix</span> <span class='ocrx_word' id='word_1_454' title='bbox 1368 2615 1502 2646; x_wconf 87' lang='lat' dir='ltr'>maxime</span> 
     </span>
     <span class='ocr_line' id='line_1_84' title="bbox 838 2667 1112 2710; baseline -0.007 -11"><span class='ocrx_word' id='word_1_455' title='bbox 838 2669 966 2710; x_wconf 82' lang='lat' dir='ltr'>patebat</span> <span class='ocrx_word' id='word_1_456' title='bbox 984 2667 1112 2698; x_wconf 86' lang='lat' dir='ltr'>vulneri.</span> 
     </span>
    </p>

    <p class='ocr_par' dir='ltr' id='par_1_13' title="bbox 841 2714 1503 2809">
     <span class='ocr_line' id='line_1_85' title="bbox 883 2714 1503 2755; baseline -0.008 -8"><span class='ocrx_word' id='word_1_457' title='bbox 883 2717 957 2747; x_wconf 85' lang='lat'>718.</span> <span class='ocrx_word' id='word_1_458' title='bbox 996 2717 1064 2751; x_wconf 82' lang='lat' dir='ltr'>Qua</span> <span class='ocrx_word' id='word_1_459' title='bbox 1088 2717 1162 2746; x_wconf 86' lang='lat' dir='ltr'>collo</span> <span class='ocrx_word' id='word_1_460' title='bbox 1184 2714 1324 2755; x_wconf 65' lang='lat' dir='ltr'>confine]</span> <span class='ocrx_word' id='word_1_461' title='bbox 1357 2714 1429 2751; x_wconf 82' lang='lat' dir='ltr'>Qua</span> <span class='ocrx_word' id='word_1_462' title='bbox 1452 2722 1503 2742; x_wconf 81' lang='lat' dir='ltr'>ca-</span> 
     </span>
     <span class='ocr_line' id='line_1_86' title="bbox 841 2764 1244 2809; baseline -0.01 -12"><span class='ocrx_word' id='word_1_463' title='bbox 841 2772 896 2809; x_wconf 82' lang='lat' dir='ltr'>put</span> <span class='ocrx_word' id='word_1_464' title='bbox 907 2765 1048 2807; x_wconf 81' lang='lat' dir='ltr'>jungitur</span> <span class='ocrx_word' id='word_1_465' title='bbox 1063 2776 1134 2796; x_wconf 90' lang='lat' dir='ltr'>cum</span> <span class='ocrx_word' id='word_1_466' title='bbox 1151 2764 1244 2796; x_wconf 82' lang='lat' dir='ltr'>collo.</span> 
     </span>
    </p>

    <p class='ocr_par' dir='ltr' id='par_1_14' title="bbox 975 2816 999 2845">
     <span class='ocr_line' id='line_1_87' title="bbox 975 2816 999 2845; baseline 0 0"><span class='ocrx_word' id='word_1_467' title='bbox 975 2816 999 2845; x_wconf 96' lang='lat' dir='ltr'>L</span> 
     </span>
    </p>
   </div>
  </div>
 </body>
</html>
