1763 3181
469 373 532 426 P.
573 371 835 425 OVIDII
874 370 1221 424 NASONIS

281 534 1403 602 METAMORPHOSEON

531 701 757 743 LIBER
796 698 1160 748 QUARTUS.

712 860 972 894 „4-

767 1000 875 1031 FAB.
898 1000 928 1031 Ι.

157 1117 264 1178 AT
289 1147 386 1179 non
411 1131 642 1179 Alcithoe
669 1131 919 1195 Minyeias
945 1129 1083 1192 orgia
1106 1135 1278 1176 censet

159 1208 469 1273 Accipienda
494 1208 618 1266 Dei3
659 1209 747 1256 sed
772 1209 935 1256 adhuc
960 1205 1223 1254 temeraria
1248 1204 1506 1252 Bacchum

157 1285 454 1349 Progeniem
478 1292 628 1350 negat
650 1302 762 1334 esse
785 1285 815 1332 J
820 1285 951 1342 ovis3
992 1283 1253 1346 sociasque
1278 1297 1469 1329 sorores

159 1360 439 1427 Impietatis
464 1363 631 1411 habet.

202 1498 338 1529 1—415.
353 1499 396 1529 At
407 1509 467 1529 non
482 1499 619 1529 Alcithoe
629 1497 814 1538 Minyeias]

156 1546 342 1577 Tractarunt
357 1547 437 1578 hanc
453 1547 594 1578 fabulam
609 1547 703 1577 etiam
715 1546 817 1577 AElia-

158 1605 216 1626 nus
231 1596 272 1627 V.
286 1596 330 1627 Η.
343 1595 388 1627 iii.
403 1596 456 1627 42.
470 1601 565 1637 atque
580 1606 597 1626 e
613 1594 773 1626 Nicandro
787 1601 819 1625 et

159 1643 297 1675 Corinna
311 1643 430 1675 Anton.
446 1644 518 1676 Lib.
532 1656 565 1676 x.
583 1645 632 1675 Ac
647 1643 679 1674 hi
692 1642 819 1685 quidem

159 1691 245 1723 aliud
277 1692 400 1724 facinus
439 1693 572 1729 addunt,
603 1692 687 1734 quod
722 1702 819 1723 unum

159 1741 199 1772 de
222 1742 402 1773 mulieribus
425 1742 488 1773 illis
512 1741 674 1773 Plutarch.
701 1742 821 1778 Quaest.

161 1790 264 1822 Graec.
287 1797 362 1823 tom.
385 1791 436 1822 vii.
461 1791 545 1833 Opp.
568 1802 600 1833 p.
617 1791 691 1821 197.
712 1789 822 1820 Reisk.

160 1846 276 1872 narrat.
322 1842 415 1872 Hanc
439 1851 565 1882 quoque
580 1839 720 1870 fabulam
736 1839 820 1880 apud

160 1901 215 1922 nos
234 1890 472 1932 elegantissimis
495 1889 684 1921 carminibus
706 1887 819 1918 imitati

161 1945 233 1971 sunt
246 1945 346 1982 poetae
360 1939 486 1976 summi,
504 1939 689 1981 Lafontctz'ne
703 1943 735 1968 et
754 1938 821 1967 Vol-

162 1990 258 2020 ἰαίνει
287 1990 379 2020 ambo
404 1988 498 2020 laude
521 1988 629 2030 digni3
658 1986 714 2018 sed
739 1986 821 2028 prior

161 2037 356 2080 antiquitatis
379 2038 534 2070 sincerum
556 2047 695 2080 saporem
721 2035 822 2076 magis

161 2087 289 2120 redolet.
335 2088 512 2128 Minye'ias;
542 2086 586 2118 sic
609 2091 692 2117 recte
713 2095 821 2116 emen-

162 2137 276 2168 darunt
299 2137 439 2178 Scaliger
462 2144 494 2167 et
515 2135 663 2167 Heinsius
686 2134 744 2165 hoc
769 2144 822 2164 no-

162 2196 245 2223 men,
279 2186 363 2228 quod
391 2186 458 2228 jam
492 2184 650 2216 Lactantii
685 2189 822 2225 ternpore

163 2240 340 2277 corruptum
361 2240 428 2266 erat
440 2247 449 2274 ;
472 2234 505 2265 in
527 2235 593 2276 ejus
615 2233 696 2264 enim
719 2231 822 2273 Argu-

163 2291 267 2316 mento
280 2290 327 2316 est
340 2284 443 2315 Minci
458 2284 533 2316 filia.
567 2284 740 2324 Minyeides
750 2292 820 2323 quae

163 2333 288 2371 fuerint,
299 2344 361 2365 non
371 2339 455 2365 certo
465 2333 584 2365 definiri
599 2337 712 2374 potest,
725 2342 822 2373 quum

165 2383 379 2425 patronymica
405 2394 487 2425 saepe
511 2382 687 2424 nepotibus,
712 2391 822 2422 prone-

166 2432 291 2474 potibus
319 2438 350 2463 et
377 2432 502 2463 omnino
528 2430 657 2473 posteris
684 2430 824 2460 tribuan-

165 2486 227 2512 tur.
259 2481 291 2512 Si
310 2481 513 2512 Plutarchum
525 2485 556 2511 et
571 2479 688 2510 Anton.
703 2477 824 2513 audias,

165 2530 291 2561 fuerunt
304 2530 424 2572 Minyae
445 2530 520 2561 filia.
566 2529 616 2559 De
637 2527 750 2569 Minya
770 2537 826 2558 au-

167 2584 230 2610 tem
253 2579 382 2621 ejusque
402 2578 595 2621 genealogia,
612 2577 675 2608 vid.
691 2578 827 2607 Pausan.

169 2629 274 2660 Boeot.
301 2639 332 2670 p.
353 2629 427 2659 783.
471 2628 543 2659 Fuit
571 2627 654 2658 filius
683 2626 825 2667 Chrysae,

168 2676 330 2718 filiumque
351 2676 461 2708 habuit
485 2676 728 2710 Orchomenum,
754 2684 827 2704 con-

170 2725 301 2758 ditorem
322 2726 511 2759 Orchomeni
531 2726 628 2758 urbis.
674 2723 736 2755 Sed
752 2722 829 2754 nihil

705 1362 911 1410 Festum
935 1361 1189 1410 celebrare
1215 1357 1465 1415 sacerdos,

884 1496 937 1527 ille
953 1496 992 1527 de
1006 1495 1055 1526 his
1069 1493 1259 1526 mulieribus.
1292 1492 1419 1523 AEliano
1432 1489 1543 1521 dicun-

884 1551 934 1577 tur
954 1544 1092 1577 Μινὺων
1118 1541 1304 1585 Θυγατέρες,
1332 1546 1367 1572 ut
1388 1539 1483 1570 fuisse
1498 1538 1546 1570 di—

886 1601 996 1626 cantur
1020 1605 1037 1625 e
1061 1593 1176 1636 populo
1205 1592 1399 1632 Minyarum,
1424 1589 1458 1619 id
1487 1593 1545 1625 est,

885 1644 998 1686 populo
1012 1642 1132 1684 Minyae
1144 1641 1274 1683 imperio
1288 1640 1447 1681 subjecto;
1463 1638 1546 1668 Pau-

886 1704 953 1724 san.
969 1692 1032 1722 d.l.
1048 1697 1079 1722 et
1094 1690 1237 1722 Corinth.
1249 1700 1281 1731 p.
1297 1689 1371 1719 178.
1409 1685 1547 1717 Nomina

887 1752 993 1773 earum
1008 1740 1093 1772 varie
1115 1739 1313 1770 exhibentur.
1358 1736 1471 1767 Nostro
1485 1744 1548 1766 una

886 1797 934 1822 est
949 1791 1096 1826 Alcithoe,
1112 1789 1211 1820 altera
1226 1788 1380 1818 Leuconoe
1389 1797 1399 1823 ,·
1424 1784 1548 1817 tertiam

887 1851 949 1871 non
969 1839 1120 1870 nominat.
1167 1837 1196 1868 A
1214 1835 1384 1868 Plutarcho
1397 1838 1548 1865 vocantur

888 1890 1047 1928 Leucippe,
1058 1888 1220 1926 Aristippe,
1234 1885 1369 1915 Alcithoe
1380 1896 1391 1921 ,-
1416 1883 1455 1914 ab
1467 1882 1548 1913 AEli-

886 1948 958 1974 ano,
971 1938 1132 1976 Leucippe,
1144 1936 1280 1974 Arsippe,
1292 1933 1434 1963 Alcathoe
1443 1943 1452 1961 .·
1477 1941 1547 1972 quae

886 1985 1020 2017 varietas
1040 1984 1091 2016 vel
1115 1982 1247 2014 librariis
1270 1981 1413 2017 debetur,
1434 1979 1496 2015 vel,
1516 1984 1551 2010 ut

888 2045 971 2077 saepe
987 2035 1019 2065 in
1040 2032 1155 2075 mythis
1174 2032 1305 2067 facturn,
1320 2029 1395 2072 ipsis
1416 2027 1549 2060 auctori-

886 2084 957 2115 bus.
1002 2082 1110 2114 Fuisse
1125 2086 1229 2112 autem
1244 2080 1306 2111 illae
1325 2078 1426 2120 (quod
1444 2082 1476 2109 et
1491 2078 1549 2107 AE-

887 2132 964 2165 lian.
973 2131 1084 2173 tradit)
1102 2130 1246 2162 mulieres
1256 2129 1393 2160 honestae
1404 2126 1550 2158 videntur

888 2183 1131 2223 maritorumque
1167 2185 1318 2213 amantes,
1356 2187 1427 2219 quae
1466 2175 1550 2206 domi

889 2232 934 2263 rei
963 2230 1109 2262 familiari
1145 2238 1268 2270 operam
1305 2226 1379 2257 dare
1408 2224 1550 2261 mallent,

890 2291 986 2322 quam
1002 2289 1083 2310 nova
1097 2287 1186 2309 sacra
1199 2277 1409 2317 frequentare.
1453 2273 1550 2309 Hinc,

889 2336 924 2360 ut
945 2329 1039 2361 sacris
1062 2327 1124 2358 illis
1148 2326 1243 2356 honos
1263 2324 1439 2359 accederet,
1457 2333 1552 2364 poena

890 2380 964 2410 ficta
977 2384 1034 2414 est,
1045 2387 1139 2418 quam
1154 2375 1302 2406 Bacchus
1317 2375 1356 2404 ab
1368 2372 1434 2403 istis
1445 2382 1549 2413 sump-

891 2427 974 2459 serit.
1032 2426 1083 2456 De
1112 2425 1213 2465 Orgiis
1237 2422 1308 2453 vide
1339 2421 1378 2452 ad
1404 2420 1447 2452 iii.
1476 2421 1550 2451 518.

893 2478 1045 2515 Accipere,
1080 2474 1250 2506 celebrare.
1305 2470 1423 2502 Eodem
1459 2480 1552 2500 sensu

893 2536 997 2565 cupere
1011 2526 1107 2566 orgia,
1122 2522 1213 2562 Virg.
1228 2522 1304 2551 AEn.
1318 2519 1372 2550 vii.
1385 2519 1457 2549 403.
1498 2517 1552 2547 Te-

894 2576 1034 2610 meraria,
1049 2572 1145 2614 impia
1160 2571 1191 2601 in
1208 2571 1323 2605 Deum,
1338 2568 1433 2598 etiam
1446 2565 1487 2597 vi.
1501 2566 1554 2596 32.

937 2624 967 2654 4.
991 2622 1142 2656 Sacerdos,
1167 2617 1310 2649 Tiresias.
1355 2615 1554 2646 Bacchantes

893 2673 1030 2712 pellibus,
1061 2678 1219 2700 cervorum
1245 2672 1276 2697 et
1302 2666 1462 2696 damarum
1489 2663 1554 2704 tegi

896 2721 1050 2758 solebant,
1077 2728 1146 2760 quae
1183 2716 1365 2747 dicebantur
1397 2715 1530 2745 nebrides
1543 2723 1556 2750 ;
