<?xml version="1.0" encoding="UTF-8"?>
<!DOCTYPE html PUBLIC "-//W3C//DTD XHTML 1.0 Transitional//EN"
    "http://www.w3.org/TR/xhtml1/DTD/xhtml1-transitional.dtd">
<html xmlns="http://www.w3.org/1999/xhtml" xml:lang="en" lang="en">
 <head>
  <title>
</title>
<meta http-equiv="Content-Type" content="text/html;charset=utf-8" />
  <meta name='ocr-system' content='tesseract 3.04.00' />
  <meta name='ocr-capabilities' content='ocr_page ocr_carea ocr_par ocr_line ocrx_word'/>
</head>
<body>
  <div class='ocr_page' id='page_1' title='image "./povidiinasonisop03oviduoft_0099.png"; bbox 0 0 1729 3207; ppageno 0'>
   <div class='ocr_carea' id='block_1_1' title="bbox 368 203 1489 247">
    <p class='ocr_par' dir='ltr' id='par_1_1' title="bbox 368 203 1489 247">
     <span class='ocr_line' id='line_1_1' title="bbox 368 203 1489 247; baseline 0.001 -1"><span class='ocrx_word' id='word_1_1' title='bbox 368 203 992 246; x_wconf 81' lang='lat' dir='ltr'>METAMORPHOSEON</span> <span class='ocrx_word' id='word_1_2' title='bbox 1026 203 1146 245; x_wconf 93' lang='lat' dir='ltr'>LIB.</span> <span class='ocrx_word' id='word_1_3' title='bbox 1182 204 1217 245; x_wconf 96' lang='lat' dir='ltr'>I.</span> <span class='ocrx_word' id='word_1_4' title='bbox 1433 208 1489 247; x_wconf 62' lang='lat'>8³)</span> 
     </span>
    </p>
   </div>
   <div class='ocr_carea' id='block_1_2' title="bbox 97 319 1492 694">
    <p class='ocr_par' dir='ltr' id='par_1_2' title="bbox 102 319 1272 460">
     <span class='ocr_line' id='line_1_2' title="bbox 102 319 1272 381; baseline 0 -14"><span class='ocrx_word' id='word_1_5' title='bbox 102 320 209 367; x_wconf 91' lang='lat' dir='ltr'>Nec</span> <span class='ocrx_word' id='word_1_6' title='bbox 234 327 497 367; x_wconf 89' lang='lat' dir='ltr'>contentus</span> <span class='ocrx_word' id='word_1_7' title='bbox 523 336 599 375; x_wconf 90' lang='lat' dir='ltr'>eo,</span> <span class='ocrx_word' id='word_1_8' title='bbox 626 319 762 366; x_wconf 89' lang='lat' dir='ltr'>missi</span> <span class='ocrx_word' id='word_1_9' title='bbox 788 319 850 366; x_wconf 89' lang='lat' dir='ltr'>de</span> <span class='ocrx_word' id='word_1_10' title='bbox 875 326 1022 381; x_wconf 81' lang='lat' dir='ltr'>gente</span> <span class='ocrx_word' id='word_1_11' title='bbox 1049 319 1272 367; x_wconf 85' lang='lat' dir='ltr'>Molossa</span> 
     </span>
     <span class='ocr_line' id='line_1_3' title="bbox 102 397 1238 460; baseline 0 -15"><span class='ocrx_word' id='word_1_12' title='bbox 102 398 306 445; x_wconf 89' lang='lat' dir='ltr'>Obsidis</span> <span class='ocrx_word' id='word_1_13' title='bbox 332 397 478 444; x_wconf 89' lang='lat' dir='ltr'>unius</span> <span class='ocrx_word' id='word_1_14' title='bbox 497 397 728 460; x_wconf 84' lang='lat' dir='ltr'>jugulum</span> <span class='ocrx_word' id='word_1_15' title='bbox 753 413 987 444; x_wconf 88' lang='lat' dir='ltr'>mucrone</span> <span class='ocrx_word' id='word_1_16' title='bbox 1012 397 1238 445; x_wconf 88' lang='lat' dir='ltr'>resolvit:</span> 
     </span>
    </p>

    <p class='ocr_par' dir='ltr' id='par_1_3' title="bbox 97 474 1354 616">
     <span class='ocr_line' id='line_1_4' title="bbox 97 474 1354 537; baseline 0.002 -17"><span class='ocrx_word' id='word_1_17' title='bbox 97 474 266 537; x_wconf 85' lang='lat' dir='ltr'><strong>Atque</strong></span> <span class='ocrx_word' id='word_1_18' title='bbox 291 474 359 522; x_wconf 87' lang='lat' dir='ltr'>ita</span> <span class='ocrx_word' id='word_1_19' title='bbox 383 474 660 522; x_wconf 81' lang='lat' dir='ltr'>semineces</span> <span class='ocrx_word' id='word_1_20' title='bbox 686 474 864 537; x_wconf 87' lang='lat' dir='ltr'>partim</span> <span class='ocrx_word' id='word_1_21' title='bbox 890 474 1193 522; x_wconf 87' lang='lat' dir='ltr'>ferventibus</span> <span class='ocrx_word' id='word_1_22' title='bbox 1219 482 1354 522; x_wconf 83' lang='lat' dir='ltr'>artus</span> 
     </span>
     <span class='ocr_line' id='line_1_5' title="bbox 101 551 1245 616; baseline 0 -18"><span class='ocrx_word' id='word_1_23' title='bbox 101 551 267 600; x_wconf 89' lang='lat' dir='ltr'>Mollit</span> <span class='ocrx_word' id='word_1_24' title='bbox 290 552 450 615; x_wconf 83' lang='lat' dir='ltr'>aquis,</span> <span class='ocrx_word' id='word_1_25' title='bbox 478 553 658 616; x_wconf 84' lang='lat' dir='ltr'>partim</span> <span class='ocrx_word' id='word_1_26' title='bbox 683 553 910 615; x_wconf 88' lang='lat' dir='ltr'>subjecto</span> <span class='ocrx_word' id='word_1_27' title='bbox 928 552 1104 599; x_wconf 88' lang='lat' dir='ltr'>torruit</span> <span class='ocrx_word' id='word_1_28' title='bbox 1128 552 1245 614; x_wconf 81' lang='lat' dir='ltr'>igni.</span> 
     </span>
    </p>

    <p class='ocr_par' dir='ltr' id='par_1_4' title="bbox 99 629 1492 694">
     <span class='ocr_line' id='line_1_6' title="bbox 99 629 1492 694; baseline 0.001 -18"><span class='ocrx_word' id='word_1_29' title='bbox 99 629 237 683; x_wconf 83' lang='lat' dir='ltr'>Quos</span> <span class='ocrx_word' id='word_1_30' title='bbox 264 630 410 676; x_wconf 91' lang='lat' dir='ltr'>simul</span> <span class='ocrx_word' id='word_1_31' title='bbox 435 629 673 694; x_wconf 85' lang='lat' dir='ltr'>imposuit</span> <span class='ocrx_word' id='word_1_32' title='bbox 701 631 913 687; x_wconf 82' lang='lat' dir='ltr'>mensis3</span> <span class='ocrx_word' id='word_1_33' title='bbox 955 646 1047 692; x_wconf 80' lang='lat' dir='ltr'>ego</span> <span class='ocrx_word' id='word_1_34' title='bbox 1071 629 1267 676; x_wconf 88' lang='lat' dir='ltr'>vindice</span> <span class='ocrx_word' id='word_1_35' title='bbox 1292 630 1492 678; x_wconf 84' lang='lat' dir='ltr'>flamma</span> 
     </span>
    </p>
   </div>
   <div class='ocr_carea' id='block_1_3' title="bbox 102 705 1178 770">
    <p class='ocr_par' dir='ltr' id='par_1_5' title="bbox 102 705 1178 770">
     <span class='ocr_line' id='line_1_7' title="bbox 102 705 1178 770; baseline 0.002 -18"><span class='ocrx_word' id='word_1_36' title='bbox 102 705 160 752; x_wconf 88' lang='lat' dir='ltr'>In</span> <span class='ocrx_word' id='word_1_37' title='bbox 185 707 384 754; x_wconf 91' lang='lat' dir='ltr'>domino</span> <span class='ocrx_word' id='word_1_38' title='bbox 409 708 584 770; x_wconf 84' lang='lat' dir='ltr'>dignos</span> <span class='ocrx_word' id='word_1_39' title='bbox 611 708 762 755; x_wconf 84' lang='lat' dir='ltr'>everti</span> <span class='ocrx_word' id='word_1_40' title='bbox 787 715 920 755; x_wconf 82' lang='lat' dir='ltr'>tecta</span> <span class='ocrx_word' id='word_1_41' title='bbox 944 708 1178 754; x_wconf 81' lang='lat' dir='ltr'>Penates.</span> 
     </span>
    </p>
   </div>
   <div class='ocr_carea' id='block_1_4' title="bbox 1395 712 1486 755">
    <p class='ocr_par' dir='ltr' id='par_1_6' title="bbox 1395 712 1486 755">
     <span class='ocr_line' id='line_1_8' title="bbox 1395 712 1486 755; baseline 0 0"><span class='ocrx_word' id='word_1_42' title='bbox 1395 712 1486 755; x_wconf 82' lang='lat'>231</span> 
     </span>
    </p>
   </div>
   <div class='ocr_carea' id='block_1_5' title="bbox 99 781 1340 1004">
    <p class='ocr_par' dir='ltr' id='par_1_7' title="bbox 99 781 1340 1004">
     <span class='ocr_line' id='line_1_9' title="bbox 99 781 1293 848; baseline 0.003 -19"><span class='ocrx_word' id='word_1_43' title='bbox 99 781 320 830; x_wconf 85' lang='lat' dir='ltr'>Territus</span> <span class='ocrx_word' id='word_1_44' title='bbox 345 784 429 831; x_wconf 91' lang='lat' dir='ltr'>ille</span> <span class='ocrx_word' id='word_1_45' title='bbox 452 784 606 847; x_wconf 79' lang='lat' dir='ltr'>fugit3</span> <span class='ocrx_word' id='word_1_46' title='bbox 648 791 925 848; x_wconf 84' lang='lat' dir='ltr'>nactusque</span> <span class='ocrx_word' id='word_1_47' title='bbox 951 785 1146 832; x_wconf 84' lang='lat' dir='ltr'>silentia</span> <span class='ocrx_word' id='word_1_48' title='bbox 1170 785 1293 832; x_wconf 89' lang='lat' dir='ltr'>ruris</span> 
     </span>
     <span class='ocr_line' id='line_1_10' title="bbox 103 859 1325 926; baseline 0.002 -19"><span class='ocrx_word' id='word_1_49' title='bbox 103 859 357 916; x_wconf 83' lang='lat' dir='ltr'>Exululat‚</span> <span class='ocrx_word' id='word_1_50' title='bbox 384 860 666 924; x_wconf 81' lang='lat' dir='ltr'>frustraque</span> <span class='ocrx_word' id='word_1_51' title='bbox 692 861 829 925; x_wconf 92' lang='lat' dir='ltr'>loqui</span> <span class='ocrx_word' id='word_1_52' title='bbox 854 869 1088 910; x_wconf 83' lang='lat' dir='ltr'>conatur:</span> <span class='ocrx_word' id='word_1_53' title='bbox 1130 863 1191 909; x_wconf 82' lang='lat' dir='ltr'>ab</span> <span class='ocrx_word' id='word_1_54' title='bbox 1217 863 1325 926; x_wconf 85' lang='lat' dir='ltr'>ipso</span> 
     </span>
     <span class='ocr_line' id='line_1_11' title="bbox 103 937 1340 1004; baseline 0.002 -20"><span class='ocrx_word' id='word_1_55' title='bbox 103 937 306 1001; x_wconf 80' lang='lat' dir='ltr'>Colligit</span> <span class='ocrx_word' id='word_1_56' title='bbox 329 955 384 986; x_wconf 91' lang='lat' dir='ltr'>os</span> <span class='ocrx_word' id='word_1_57' title='bbox 410 940 614 996; x_wconf 81' lang='lat' dir='ltr'>rabiem,</span> <span class='ocrx_word' id='word_1_58' title='bbox 643 940 905 1003; x_wconf 87' lang='lat' dir='ltr'>solitaeque</span> <span class='ocrx_word' id='word_1_59' title='bbox 930 940 1164 1004; x_wconf 86' lang='lat' dir='ltr'>cupidine</span> <span class='ocrx_word' id='word_1_60' title='bbox 1189 940 1340 987; x_wconf 86' lang='lat' dir='ltr'>caedis</span> 
     </span>
    </p>
   </div>
   <div class='ocr_carea' id='block_1_6' title="bbox 101 1083 777 2800">
    <p class='ocr_par' dir='ltr' id='par_1_8' title="bbox 101 1083 767 1217">
     <span class='ocr_line' id='line_1_12' title="bbox 101 1083 765 1127; baseline 0.003 -14"><span class='ocrx_word' id='word_1_61' title='bbox 101 1083 249 1114; x_wconf 88' lang='lat' dir='ltr'>Nostrum</span> <span class='ocrx_word' id='word_1_62' title='bbox 265 1083 420 1114; x_wconf 85' lang='lat' dir='ltr'>invidiose</span> <span class='ocrx_word' id='word_1_63' title='bbox 436 1089 573 1126; x_wconf 86' lang='lat' dir='ltr'>repetere</span> <span class='ocrx_word' id='word_1_64' title='bbox 586 1085 653 1127; x_wconf 89' lang='lat' dir='ltr'>ipsa</span> <span class='ocrx_word' id='word_1_65' title='bbox 664 1086 765 1126; x_wconf 85' lang='lat' dir='ltr'>Lyca-</span> 
     </span>
     <span class='ocr_line' id='line_1_13' title="bbox 101 1131 767 1174; baseline 0.006 -13"><span class='ocrx_word' id='word_1_66' title='bbox 101 1131 167 1162; x_wconf 90' lang='lat' dir='ltr'>onis</span> <span class='ocrx_word' id='word_1_67' title='bbox 181 1133 286 1163; x_wconf 88' lang='lat' dir='ltr'>verba.</span> <span class='ocrx_word' id='word_1_68' title='bbox 330 1133 389 1164; x_wconf 90' lang='lat' dir='ltr'>Ille</span> <span class='ocrx_word' id='word_1_69' title='bbox 406 1139 511 1164; x_wconf 88' lang='lat' dir='ltr'>autem</span> <span class='ocrx_word' id='word_1_70' title='bbox 528 1133 650 1165; x_wconf 81' lang='lat' dir='ltr'>dixerat</span> <span class='ocrx_word' id='word_1_71' title='bbox 672 1135 767 1174; x_wconf 74' lang='lat' dir='ltr'>Erpe-</span> 
     </span>
     <span class='ocr_line' id='line_1_14' title="bbox 101 1181 535 1217; baseline 0.005 -7"><span class='ocrx_word' id='word_1_72' title='bbox 101 1182 177 1217; x_wconf 73' lang='grc' dir='ltr'>ινίαν1</span> <span class='ocrx_word' id='word_1_73' title='bbox 194 1191 252 1212; x_wconf 87' lang='lat' dir='ltr'>nec</span> <span class='ocrx_word' id='word_1_74' title='bbox 268 1192 370 1212; x_wconf 75' lang='lat' dir='ltr'>verum</span> <span class='ocrx_word' id='word_1_75' title='bbox 386 1182 444 1212; x_wconf 89' lang='lat' dir='ltr'>erit</span> <span class='ocrx_word' id='word_1_76' title='bbox 459 1181 535 1213; x_wconf 88' lang='lat' dir='ltr'>dub.</span> 
     </span>
    </p>

    <p class='ocr_par' dir='ltr' id='par_1_9' title="bbox 103 1231 773 1913">
     <span class='ocr_line' id='line_1_15' title="bbox 145 1231 768 1273; baseline 0.003 -13"><span class='ocrx_word' id='word_1_77' title='bbox 145 1231 220 1260; x_wconf 88' lang='lat'>226.</span> <span class='ocrx_word' id='word_1_78' title='bbox 248 1231 379 1267; x_wconf 81' lang='lat' dir='ltr'>Molossi,</span> <span class='ocrx_word' id='word_1_79' title='bbox 397 1232 429 1261; x_wconf 88' lang='lat' dir='ltr'>in</span> <span class='ocrx_word' id='word_1_80' title='bbox 452 1231 557 1271; x_wconf 90' lang='lat' dir='ltr'>Epiro,</span> <span class='ocrx_word' id='word_1_81' title='bbox 580 1231 664 1273; x_wconf 84' lang='lat' dir='ltr'>apud</span> <span class='ocrx_word' id='word_1_82' title='bbox 690 1242 768 1272; x_wconf 85' lang='lat' dir='ltr'>quos</span> 
     </span>
     <span class='ocr_line' id='line_1_16' title="bbox 105 1279 765 1322; baseline 0.002 -12"><span class='ocrx_word' id='word_1_83' title='bbox 105 1279 258 1310; x_wconf 83' lang='lat' dir='ltr'>Dodonaei</span> <span class='ocrx_word' id='word_1_84' title='bbox 273 1279 361 1311; x_wconf 86' lang='lat' dir='ltr'>Jovis</span> <span class='ocrx_word' id='word_1_85' title='bbox 373 1281 522 1322; x_wconf 87' lang='lat' dir='ltr'>templum</span> <span class='ocrx_word' id='word_1_86' title='bbox 536 1293 542 1310; x_wconf 89' lang='lat'>:</span> <span class='ocrx_word' id='word_1_87' title='bbox 568 1281 650 1311; x_wconf 86' lang='lat' dir='ltr'>Plin.</span> <span class='ocrx_word' id='word_1_88' title='bbox 663 1281 705 1311; x_wconf 92' lang='lat' dir='ltr'>H.</span> <span class='ocrx_word' id='word_1_89' title='bbox 721 1281 765 1311; x_wconf 88' lang='lat' dir='ltr'>N.</span> 
     </span>
     <span class='ocr_line' id='line_1_17' title="bbox 103 1328 767 1360; baseline 0.003 -2"><span class='ocrx_word' id='word_1_90' title='bbox 103 1328 162 1359; x_wconf 90' lang='lat' dir='ltr'>IV.</span> <span class='ocrx_word' id='word_1_91' title='bbox 178 1328 198 1359; x_wconf 84' lang='lat' dir='ltr'>i.</span> <span class='ocrx_word' id='word_1_92' title='bbox 244 1329 322 1359; x_wconf 87' lang='lat' dir='ltr'>Haec</span> <span class='ocrx_word' id='word_1_93' title='bbox 338 1329 377 1360; x_wconf 88' lang='lat' dir='ltr'>de</span> <span class='ocrx_word' id='word_1_94' title='bbox 398 1329 505 1360; x_wconf 87' lang='lat' dir='ltr'>obside</span> <span class='ocrx_word' id='word_1_95' title='bbox 519 1330 657 1360; x_wconf 82' lang='lat' dir='ltr'>Molosso</span> <span class='ocrx_word' id='word_1_96' title='bbox 673 1329 767 1360; x_wconf 89' lang='lat' dir='ltr'>Ovid.</span> 
     </span>
     <span class='ocr_line' id='line_1_18' title="bbox 106 1377 767 1415; baseline 0.003 -8"><span class='ocrx_word' id='word_1_97' title='bbox 106 1383 139 1408; x_wconf 91' lang='lat' dir='ltr'>ut</span> <span class='ocrx_word' id='word_1_98' title='bbox 154 1377 288 1414; x_wconf 87' lang='lat' dir='ltr'>videtur,</span> <span class='ocrx_word' id='word_1_99' title='bbox 305 1378 343 1408; x_wconf 89' lang='lat' dir='ltr'>de</span> <span class='ocrx_word' id='word_1_100' title='bbox 360 1389 414 1409; x_wconf 90' lang='lat' dir='ltr'>suo</span> <span class='ocrx_word' id='word_1_101' title='bbox 434 1378 566 1415; x_wconf 84' lang='lat' dir='ltr'>addidit,</span> <span class='ocrx_word' id='word_1_102' title='bbox 584 1379 638 1410; x_wconf 88' lang='lat' dir='ltr'>sed</span> <span class='ocrx_word' id='word_1_103' title='bbox 658 1386 767 1410; x_wconf 86' lang='lat' dir='ltr'>contra</span> 
     </span>
     <span class='ocr_line' id='line_1_19' title="bbox 103 1426 766 1464; baseline 0.003 -7"><span class='ocrx_word' id='word_1_104' title='bbox 103 1426 207 1458; x_wconf 90' lang='lat' dir='ltr'>fidem.</span> <span class='ocrx_word' id='word_1_105' title='bbox 252 1428 346 1464; x_wconf 87' lang='lat' dir='ltr'>Nam,</span> <span class='ocrx_word' id='word_1_106' title='bbox 364 1433 397 1458; x_wconf 87' lang='lat' dir='ltr'>ut</span> <span class='ocrx_word' id='word_1_107' title='bbox 417 1427 540 1458; x_wconf 86' lang='lat' dir='ltr'>mittam</span> <span class='ocrx_word' id='word_1_108' title='bbox 563 1428 632 1459; x_wconf 88' lang='lat' dir='ltr'>illos</span> <span class='ocrx_word' id='word_1_109' title='bbox 654 1439 668 1459; x_wconf 83' lang='lat' dir='ltr'>a</span> <span class='ocrx_word' id='word_1_110' title='bbox 693 1429 766 1459; x_wconf 88' lang='grc' dir='ltr'>Μο-</span> 
     </span>
     <span class='ocr_line' id='line_1_20' title="bbox 103 1476 767 1519; baseline 0.002 -12"><span class='ocrx_word' id='word_1_111' title='bbox 103 1476 184 1507; x_wconf 86' lang='lat' dir='ltr'>losso</span> <span class='ocrx_word' id='word_1_112' title='bbox 205 1476 342 1513; x_wconf 89' lang='lat' dir='ltr'>demum,</span> <span class='ocrx_word' id='word_1_113' title='bbox 357 1477 555 1519; x_wconf 85' lang='lat' dir='ltr'>Neoptolemi</span> <span class='ocrx_word' id='word_1_114' title='bbox 579 1478 652 1514; x_wconf 87' lang='lat' dir='ltr'>filio,</span> <span class='ocrx_word' id='word_1_115' title='bbox 670 1478 767 1508; x_wconf 86' lang='lat' dir='ltr'>nomi-</span> 
     </span>
     <span class='ocr_line' id='line_1_21' title="bbox 106 1526 768 1568; baseline 0.002 -13"><span class='ocrx_word' id='word_1_116' title='bbox 106 1530 194 1556; x_wconf 85' lang='lat' dir='ltr'>natos</span> <span class='ocrx_word' id='word_1_117' title='bbox 203 1536 279 1562; x_wconf 88' lang='lat' dir='ltr'>esse,</span> <span class='ocrx_word' id='word_1_118' title='bbox 289 1526 359 1567; x_wconf 92' lang='lat' dir='ltr'>quis</span> <span class='ocrx_word' id='word_1_119' title='bbox 370 1526 487 1563; x_wconf 75' lang='lat' dir='ltr'>credat,</span> <span class='ocrx_word' id='word_1_120' title='bbox 495 1526 578 1568; x_wconf 84' lang='lat' dir='ltr'>quod</span> <span class='ocrx_word' id='word_1_121' title='bbox 583 1527 650 1568; x_wconf 84' lang='lat' dir='ltr'>jam</span> <span class='ocrx_word' id='word_1_122' title='bbox 661 1528 768 1558; x_wconf 89' lang='lat' dir='ltr'>Burm.</span> 
     </span>
     <span class='ocr_line' id='line_1_22' title="bbox 106 1574 773 1618; baseline 0.003 -13"><span class='ocrx_word' id='word_1_123' title='bbox 106 1575 235 1612; x_wconf 89' lang='lat' dir='ltr'>monuit,</span> <span class='ocrx_word' id='word_1_124' title='bbox 248 1574 305 1606; x_wconf 88' lang='lat' dir='ltr'>illa</span> <span class='ocrx_word' id='word_1_125' title='bbox 320 1581 411 1606; x_wconf 84' lang='lat' dir='ltr'>aetate</span> <span class='ocrx_word' id='word_1_126' title='bbox 427 1581 491 1606; x_wconf 89' lang='lat' dir='ltr'>tam</span> <span class='ocrx_word' id='word_1_127' title='bbox 504 1576 674 1618; x_wconf 84' lang='lat' dir='ltr'>longinqua</span> <span class='ocrx_word' id='word_1_128' title='bbox 689 1577 773 1616; x_wconf 78' lang='lat' dir='ltr'>bella</span> 
     </span>
     <span class='ocr_line' id='line_1_23' title="bbox 106 1625 770 1667; baseline 0.003 -12"><span class='ocrx_word' id='word_1_129' title='bbox 106 1635 172 1655; x_wconf 81' lang='lat' dir='ltr'>esse</span> <span class='ocrx_word' id='word_1_130' title='bbox 198 1627 304 1666; x_wconf 64' lang='lat' dir='ltr'>gesta?</span> <span class='ocrx_word' id='word_1_131' title='bbox 327 1625 510 1667; x_wconf 88' lang='lat' dir='ltr'>Apollodor.</span> <span class='ocrx_word' id='word_1_132' title='bbox 536 1633 650 1663; x_wconf 80' lang='lat' dir='ltr'>narrat,</span> <span class='ocrx_word' id='word_1_133' title='bbox 676 1626 770 1657; x_wconf 87' lang='lat' dir='ltr'>fuisse</span> 
     </span>
     <span class='ocr_line' id='line_1_24' title="bbox 108 1672 771 1718; baseline 0.003 -14"><span class='ocrx_word' id='word_1_134' title='bbox 108 1672 166 1706; x_wconf 77' lang='grc' dir='ltr'>ἕνα</span> <span class='ocrx_word' id='word_1_135' title='bbox 188 1677 255 1705; x_wconf 82' lang='grc' dir='ltr'>τῶν</span> <span class='ocrx_word' id='word_1_136' title='bbox 269 1674 445 1717; x_wconf 79' lang='grc' dir='ltr'>ἐπιχορίων</span> <span class='ocrx_word' id='word_1_137' title='bbox 461 1673 575 1711; x_wconf 62' lang='lat' dir='ltr'>wama,</span> <span class='ocrx_word' id='word_1_138' title='bbox 592 1676 681 1718; x_wconf 86' lang='lat' dir='ltr'>cujus</span> <span class='ocrx_word' id='word_1_139' title='bbox 704 1685 771 1706; x_wconf 82' lang='lat' dir='ltr'>car-</span> 
     </span>
     <span class='ocr_line' id='line_1_25' title="bbox 108 1723 770 1766; baseline 0.003 -13"><span class='ocrx_word' id='word_1_140' title='bbox 108 1733 163 1754; x_wconf 87' lang='lat' dir='ltr'>nes</span> <span class='ocrx_word' id='word_1_141' title='bbox 188 1723 260 1755; x_wconf 87' lang='lat' dir='ltr'>Jovi</span> <span class='ocrx_word' id='word_1_142' title='bbox 298 1723 476 1765; x_wconf 90' lang='lat' dir='ltr'>apposuerit</span> <span class='ocrx_word' id='word_1_143' title='bbox 510 1729 660 1766; x_wconf 85' lang='lat' dir='ltr'>tyrannus</span> <span class='ocrx_word' id='word_1_144' title='bbox 674 1737 681 1763; x_wconf 87' lang='lat'>;</span> <span class='ocrx_word' id='word_1_145' title='bbox 717 1724 770 1755; x_wconf 85' lang='lat' dir='ltr'>alii</span> 
     </span>
     <span class='ocr_line' id='line_1_26' title="bbox 106 1773 772 1815; baseline 0.002 -12"><span class='ocrx_word' id='word_1_146' title='bbox 106 1783 211 1803; x_wconf 85' lang='lat' dir='ltr'>rursus</span> <span class='ocrx_word' id='word_1_147' title='bbox 245 1773 276 1803; x_wconf 97' lang='lat' dir='ltr'>N</span> <span class='ocrx_word' id='word_1_148' title='bbox 278 1773 429 1814; x_wconf 86' lang='lat' dir='ltr'>yctimum</span> <span class='ocrx_word' id='word_1_149' title='bbox 466 1773 636 1809; x_wconf 88' lang='lat' dir='ltr'>nominant,</span> <span class='ocrx_word' id='word_1_150' title='bbox 674 1774 772 1815; x_wconf 86' lang='lat' dir='ltr'>ipsius</span> 
     </span>
     <span class='ocr_line' id='line_1_27' title="bbox 108 1821 767 1865; baseline 0.002 -12"><span class='ocrx_word' id='word_1_151' title='bbox 108 1821 263 1863; x_wconf 88' lang='lat' dir='ltr'>Lycaonis</span> <span class='ocrx_word' id='word_1_152' title='bbox 278 1822 387 1857; x_wconf 88' lang='lat' dir='ltr'>filium,</span> <span class='ocrx_word' id='word_1_153' title='bbox 401 1828 455 1852; x_wconf 82' lang='lat' dir='ltr'>aut</span> <span class='ocrx_word' id='word_1_154' title='bbox 467 1822 593 1853; x_wconf 88' lang='lat' dir='ltr'>Arcada</span> <span class='ocrx_word' id='word_1_155' title='bbox 609 1830 767 1865; x_wconf 83' lang='lat' dir='ltr'>nepotem:</span> 
     </span>
     <span class='ocr_line' id='line_1_28' title="bbox 108 1870 706 1913; baseline 0.002 -11"><span class='ocrx_word' id='word_1_156' title='bbox 108 1870 178 1902; x_wconf 84' lang='lat' dir='ltr'>vide</span> <span class='ocrx_word' id='word_1_157' title='bbox 194 1872 340 1902; x_wconf 90' lang='lat' dir='ltr'>Munker.</span> <span class='ocrx_word' id='word_1_158' title='bbox 357 1871 396 1901; x_wconf 87' lang='lat' dir='ltr'>ad</span> <span class='ocrx_word' id='word_1_159' title='bbox 413 1871 531 1913; x_wconf 73' lang='lat' dir='ltr'>Hygia.</span> <span class='ocrx_word' id='word_1_160' title='bbox 548 1873 613 1903; x_wconf 88' lang='lat' dir='ltr'>fab.</span> <span class='ocrx_word' id='word_1_161' title='bbox 632 1873 706 1903; x_wconf 85' lang='lat'><strong>176.</strong></span> 
     </span>
    </p>

    <p class='ocr_par' dir='ltr' id='par_1_10' title="bbox 110 1920 775 2298">
     <span class='ocr_line' id='line_1_29' title="bbox 151 1920 771 1963; baseline 0.003 -13"><span class='ocrx_word' id='word_1_162' title='bbox 151 1921 226 1951; x_wconf 84' lang='lat'>228.</span> <span class='ocrx_word' id='word_1_163' title='bbox 250 1921 348 1961; x_wconf 79' lang='lat' dir='ltr'>Atque</span> <span class='ocrx_word' id='word_1_164' title='bbox 371 1920 443 1961; x_wconf 59' lang='lat' dir='ltr'>itm]</span> <span class='ocrx_word' id='word_1_165' title='bbox 463 1922 533 1958; x_wconf 87' lang='lat' dir='ltr'>Quo</span> <span class='ocrx_word' id='word_1_166' title='bbox 545 1921 638 1957; x_wconf 88' lang='lat' dir='ltr'>facto,</span> <span class='ocrx_word' id='word_1_167' title='bbox 651 1926 771 1963; x_wconf 86' lang='lat' dir='ltr'>postea,</span> 
     </span>
     <span class='ocr_line' id='line_1_30' title="bbox 111 1969 771 2011; baseline 0.002 -11"><span class='ocrx_word' id='word_1_168' title='bbox 111 1974 144 2000; x_wconf 90' lang='lat' dir='ltr'>ut</span> <span class='ocrx_word' id='word_1_169' title='bbox 158 1970 220 2000; x_wconf 88' lang='grc'>377</span> <span class='ocrx_word' id='word_1_170' title='bbox 233 1981 242 2008; x_wconf 75' lang='lat'>5</span> <span class='ocrx_word' id='word_1_171' title='bbox 266 1969 309 2000; x_wconf 90' lang='lat' dir='ltr'>iii.</span> <span class='ocrx_word' id='word_1_172' title='bbox 321 1971 372 2000; x_wconf 82' lang='lat'>22.</span> <span class='ocrx_word' id='word_1_173' title='bbox 385 1975 416 2000; x_wconf 89' lang='lat' dir='ltr'>et</span> <span class='ocrx_word' id='word_1_174' title='bbox 430 1969 554 2011; x_wconf 88' lang='lat' dir='ltr'>passim.</span> <span class='ocrx_word' id='word_1_175' title='bbox 600 1971 771 2008; x_wconf 80' lang='lat' dir='ltr'>Semineces,</span> 
     </span>
     <span class='ocr_line' id='line_1_31' title="bbox 110 2019 773 2062; baseline 0.003 -13"><span class='ocrx_word' id='word_1_176' title='bbox 110 2019 300 2062; x_wconf 82' lang='lat' dir='ltr'>palpitantes</span> <span class='ocrx_word' id='word_1_177' title='bbox 326 2019 450 2050; x_wconf 86' lang='lat' dir='ltr'>adhuc:</span> <span class='ocrx_word' id='word_1_178' title='bbox 479 2020 649 2051; x_wconf 36' lang='lat' dir='ltr'>Tri-amentia</span> <span class='ocrx_word' id='word_1_179' title='bbox 661 2020 773 2062; x_wconf 72' lang='lat' dir='ltr'>frusta</span> 
     </span>
     <span class='ocr_line' id='line_1_32' title="bbox 112 2068 774 2111; baseline 0.003 -12"><span class='ocrx_word' id='word_1_180' title='bbox 112 2068 191 2100; x_wconf 82' lang='lat' dir='ltr'>dixit</span> <span class='ocrx_word' id='word_1_181' title='bbox 219 2069 310 2111; x_wconf 80' lang='lat' dir='ltr'>Virg.</span> <span class='ocrx_word' id='word_1_182' title='bbox 342 2070 419 2100; x_wconf 84' lang='lat' dir='ltr'>AEn.</span> <span class='ocrx_word' id='word_1_183' title='bbox 449 2069 470 2099; x_wconf 92' lang='lat' dir='ltr'>i.</span> <span class='ocrx_word' id='word_1_184' title='bbox 500 2070 574 2100; x_wconf 81' lang='lat'>212.</span> <span class='ocrx_word' id='word_1_185' title='bbox 620 2069 774 2101; x_wconf 85' lang='lat' dir='ltr'>Carnibus</span> 
     </span>
     <span class='ocr_line' id='line_1_33' title="bbox 113 2118 774 2159; baseline 0.002 -11"><span class='ocrx_word' id='word_1_186' title='bbox 113 2128 195 2159; x_wconf 86' lang='lat' dir='ltr'>aqua</span> <span class='ocrx_word' id='word_1_187' title='bbox 216 2119 339 2149; x_wconf 81' lang='lat' dir='ltr'>mollitis</span> <span class='ocrx_word' id='word_1_188' title='bbox 364 2129 389 2149; x_wconf 87' lang='lat' dir='ltr'>s.</span> <span class='ocrx_word' id='word_1_189' title='bbox 412 2118 502 2149; x_wconf 85' lang='lat' dir='ltr'>elixis</span> <span class='ocrx_word' id='word_1_190' title='bbox 525 2123 594 2159; x_wconf 87' lang='lat' dir='ltr'>post</span> <span class='ocrx_word' id='word_1_191' title='bbox 617 2118 774 2149; x_wconf 84' lang='lat' dir='ltr'>heroicum</span> 
     </span>
     <span class='ocr_line' id='line_1_34' title="bbox 112 2167 775 2210; baseline 0.002 -13"><span class='ocrx_word' id='word_1_192' title='bbox 112 2167 238 2198; x_wconf 90' lang='lat' dir='ltr'>demum</span> <span class='ocrx_word' id='word_1_193' title='bbox 258 2173 382 2210; x_wconf 85' lang='lat' dir='ltr'>tempus</span> <span class='ocrx_word' id='word_1_194' title='bbox 406 2167 547 2198; x_wconf 86' lang='lat' dir='ltr'>homines</span> <span class='ocrx_word' id='word_1_195' title='bbox 562 2167 647 2198; x_wconf 89' lang='lat' dir='ltr'>vesci</span> <span class='ocrx_word' id='word_1_196' title='bbox 670 2178 775 2210; x_wconf 84' lang='lat' dir='ltr'>coepe-</span> 
     </span>
     <span class='ocr_line' id='line_1_35' title="bbox 111 2217 773 2259; baseline 0 -12"><span class='ocrx_word' id='word_1_197' title='bbox 111 2221 193 2253; x_wconf 86' lang='lat' dir='ltr'>runt,</span> <span class='ocrx_word' id='word_1_198' title='bbox 209 2227 304 2259; x_wconf 89' lang='lat' dir='ltr'>quum</span> <span class='ocrx_word' id='word_1_199' title='bbox 328 2222 421 2248; x_wconf 85' lang='lat' dir='ltr'>antea</span> <span class='ocrx_word' id='word_1_200' title='bbox 436 2220 517 2248; x_wconf 82' lang='lat' dir='ltr'>tostis</span> <span class='ocrx_word' id='word_1_201' title='bbox 531 2217 686 2248; x_wconf 76' lang='lat' dir='ltr'>duntaxat</span> <span class='ocrx_word' id='word_1_202' title='bbox 705 2222 773 2248; x_wconf 88' lang='lat' dir='ltr'>ute-</span> 
     </span>
     <span class='ocr_line' id='line_1_36' title="bbox 112 2271 227 2298; baseline 0 -1"><span class='ocrx_word' id='word_1_203' title='bbox 112 2271 227 2298; x_wconf 87' lang='lat' dir='ltr'>rentur.</span> 
     </span>
    </p>

    <p class='ocr_par' dir='ltr' id='par_1_11' title="bbox 112 2315 777 2800">
     <span class='ocr_line' id='line_1_37' title="bbox 156 2315 773 2356; baseline -0.002 -10"><span class='ocrx_word' id='word_1_204' title='bbox 156 2316 230 2346; x_wconf 87' lang='lat'>230.</span> <span class='ocrx_word' id='word_1_205' title='bbox 269 2316 347 2350; x_wconf 80' lang='lat' dir='ltr'>Quos</span> <span class='ocrx_word' id='word_1_206' title='bbox 369 2316 458 2346; x_wconf 81' lang='lat' dir='ltr'>simul</span> <span class='ocrx_word' id='word_1_207' title='bbox 481 2318 620 2355; x_wconf 79' lang='lat' dir='ltr'>imposuit</span> <span class='ocrx_word' id='word_1_208' title='bbox 642 2315 773 2356; x_wconf 63' lang='lat' dir='ltr'>mensis]</span> 
     </span>
     <span class='ocr_line' id='line_1_38' title="bbox 115 2364 774 2406; baseline 0.002 -12"><span class='ocrx_word' id='word_1_209' title='bbox 115 2365 182 2396; x_wconf 90' lang='lat' dir='ltr'>Hoc</span> <span class='ocrx_word' id='word_1_210' title='bbox 201 2364 354 2406; x_wconf 81' lang='lat' dir='ltr'>Hyginus,</span> <span class='ocrx_word' id='word_1_211' title='bbox 370 2365 424 2395; x_wconf 91' lang='lat' dir='ltr'>lib.</span> <span class='ocrx_word' id='word_1_212' title='bbox 437 2364 471 2395; x_wconf 90' lang='lat' dir='ltr'>ii.</span> <span class='ocrx_word' id='word_1_213' title='bbox 490 2365 537 2396; x_wconf 85' lang='lat' dir='ltr'>tit.</span> <span class='ocrx_word' id='word_1_214' title='bbox 548 2365 774 2406; x_wconf 84' lang='lat' dir='ltr'>Arctophylax,</span> 
     </span>
     <span class='ocr_line' id='line_1_39' title="bbox 112 2413 777 2451; baseline 0.002 -7"><span class='ocrx_word' id='word_1_215' title='bbox 112 2414 203 2445; x_wconf 82' lang='lat' dir='ltr'>refert</span> <span class='ocrx_word' id='word_1_216' title='bbox 218 2414 257 2445; x_wconf 91' lang='lat' dir='ltr'>de</span> <span class='ocrx_word' id='word_1_217' title='bbox 272 2414 396 2445; x_wconf 84' lang='lat' dir='ltr'>Arcade</span> <span class='ocrx_word' id='word_1_218' title='bbox 413 2414 595 2445; x_wconf 83' lang='lat' dir='ltr'>Callistonis</span> <span class='ocrx_word' id='word_1_219' title='bbox 609 2413 684 2451; x_wconf 80' lang='lat' dir='ltr'>filio,</span> <span class='ocrx_word' id='word_1_220' title='bbox 696 2425 777 2445; x_wconf 83' lang='lat' dir='ltr'>caeso</span> 
     </span>
     <span class='ocr_line' id='line_1_40' title="bbox 114 2463 775 2504; baseline 0.002 -11"><span class='ocrx_word' id='word_1_221' title='bbox 114 2472 133 2493; x_wconf 83' lang='lat' dir='ltr'>a</span> <span class='ocrx_word' id='word_1_222' title='bbox 147 2463 312 2504; x_wconf 79' lang='lat' dir='ltr'>Lycaone3</span> <span class='ocrx_word' id='word_1_223' title='bbox 335 2473 442 2494; x_wconf 90' lang='lat' dir='ltr'>verum</span> <span class='ocrx_word' id='word_1_224' title='bbox 463 2463 557 2500; x_wconf 89' lang='lat' dir='ltr'>idem,</span> <span class='ocrx_word' id='word_1_225' title='bbox 574 2464 605 2493; x_wconf 92' lang='lat' dir='ltr'>in</span> <span class='ocrx_word' id='word_1_226' title='bbox 621 2464 683 2495; x_wconf 83' lang='lat' dir='ltr'>fab.</span> <span class='ocrx_word' id='word_1_227' title='bbox 703 2464 775 2494; x_wconf 89' lang='lat'>176.</span> 
     </span>
     <span class='ocr_line' id='line_1_41' title="bbox 114 2511 776 2554; baseline 0.003 -13"><span class='ocrx_word' id='word_1_228' title='bbox 114 2517 218 2542; x_wconf 85' lang='lat' dir='ltr'>narrat</span> <span class='ocrx_word' id='word_1_229' title='bbox 238 2511 393 2554; x_wconf 86' lang='lat' dir='ltr'>Lycaonis</span> <span class='ocrx_word' id='word_1_230' title='bbox 413 2512 491 2543; x_wconf 85' lang='lat' dir='ltr'>filios</span> <span class='ocrx_word' id='word_1_231' title='bbox 506 2513 619 2544; x_wconf 91' lang='lat' dir='ltr'>Jovem</span> <span class='ocrx_word' id='word_1_232' title='bbox 640 2518 776 2543; x_wconf 87' lang='lat' dir='ltr'>tentatu-</span> 
     </span>
     <span class='ocr_line' id='line_1_42' title="bbox 114 2561 777 2598; baseline 0.003 -8"><span class='ocrx_word' id='word_1_233' title='bbox 114 2570 177 2596; x_wconf 87' lang='lat' dir='ltr'>ros,</span> <span class='ocrx_word' id='word_1_234' title='bbox 195 2561 285 2591; x_wconf 88' lang='lat' dir='ltr'>Deus</span> <span class='ocrx_word' id='word_1_235' title='bbox 300 2571 339 2592; x_wconf 89' lang='lat' dir='ltr'>ne</span> <span class='ocrx_word' id='word_1_236' title='bbox 355 2566 446 2598; x_wconf 83' lang='lat' dir='ltr'>esset,</span> <span class='ocrx_word' id='word_1_237' title='bbox 464 2572 589 2592; x_wconf 87' lang='lat' dir='ltr'>carnem</span> <span class='ocrx_word' id='word_1_238' title='bbox 609 2562 777 2592; x_wconf 83' lang='lat' dir='ltr'>humanam</span> 
     </span>
     <span class='ocr_line' id='line_1_43' title="bbox 115 2610 773 2653; baseline 0.003 -13"><span class='ocrx_word' id='word_1_239' title='bbox 115 2620 187 2640; x_wconf 91' lang='lat' dir='ltr'>cum</span> <span class='ocrx_word' id='word_1_240' title='bbox 205 2610 268 2640; x_wconf 87' lang='lat' dir='ltr'>alia</span> <span class='ocrx_word' id='word_1_241' title='bbox 288 2610 412 2641; x_wconf 85' lang='lat' dir='ltr'>mistam</span> <span class='ocrx_word' id='word_1_242' title='bbox 434 2611 462 2642; x_wconf 87' lang='lat' dir='ltr'>ei</span> <span class='ocrx_word' id='word_1_243' title='bbox 485 2611 517 2641; x_wconf 89' lang='lat' dir='ltr'>in</span> <span class='ocrx_word' id='word_1_244' title='bbox 534 2612 625 2653; x_wconf 90' lang='lat' dir='ltr'>epulo</span> <span class='ocrx_word' id='word_1_245' title='bbox 641 2622 773 2653; x_wconf 87' lang='lat' dir='ltr'>apposu-</span> 
     </span>
     <span class='ocr_line' id='line_1_44' title="bbox 114 2658 771 2702; baseline 0.005 -14"><span class='ocrx_word' id='word_1_246' title='bbox 114 2658 174 2689; x_wconf 82' lang='lat' dir='ltr'>isse</span> <span class='ocrx_word' id='word_1_247' title='bbox 188 2671 193 2688; x_wconf 92' lang='lat'>:</span> <span class='ocrx_word' id='word_1_248' title='bbox 220 2659 302 2700; x_wconf 91' lang='lat' dir='ltr'>quod</span> <span class='ocrx_word' id='word_1_249' title='bbox 319 2659 426 2691; x_wconf 90' lang='lat' dir='ltr'>itidem</span> <span class='ocrx_word' id='word_1_250' title='bbox 442 2661 535 2691; x_wconf 88' lang='lat' dir='ltr'>trahit</span> <span class='ocrx_word' id='word_1_251' title='bbox 551 2660 771 2702; x_wconf 84' lang='lat' dir='ltr'>Apollodorus,</span> 
     </span>
     <span class='ocr_line' id='line_1_45' title="bbox 116 2706 774 2752; baseline 0.005 -15"><span class='ocrx_word' id='word_1_252' title='bbox 116 2706 170 2738; x_wconf 89' lang='lat' dir='ltr'>lib.</span> <span class='ocrx_word' id='word_1_253' title='bbox 185 2707 230 2738; x_wconf 89' lang='lat' dir='ltr'>iii.</span> <span class='ocrx_word' id='word_1_254' title='bbox 246 2709 353 2739; x_wconf 82' lang='lat' dir='ltr'>Natal.</span> <span class='ocrx_word' id='word_1_255' title='bbox 369 2720 482 2746; x_wconf 75' lang='lat' dir='ltr'>comes,</span> <span class='ocrx_word' id='word_1_256' title='bbox 506 2710 560 2740; x_wconf 89' lang='lat' dir='ltr'>lib.</span> <span class='ocrx_word' id='word_1_257' title='bbox 581 2709 622 2740; x_wconf 87' lang='lat' dir='ltr'>ix.</span> <span class='ocrx_word' id='word_1_258' title='bbox 642 2720 711 2752; x_wconf 88' lang='lat' dir='ltr'>cap.</span> <span class='ocrx_word' id='word_1_259' title='bbox 732 2709 774 2740; x_wconf 86' lang='lat' dir='ltr'>ix.</span> 
     </span>
     <span class='ocr_line' id='line_1_46' title="bbox 115 2756 773 2800; baseline 0.002 -13"><span class='ocrx_word' id='word_1_260' title='bbox 115 2756 221 2788; x_wconf 82' lang='lat' dir='ltr'>scribit</span> <span class='ocrx_word' id='word_1_261' title='bbox 245 2758 421 2798; x_wconf 85' lang='lat' dir='ltr'>Lycaonem</span> <span class='ocrx_word' id='word_1_262' title='bbox 446 2758 478 2788; x_wconf 93' lang='lat' dir='ltr'>in</span> <span class='ocrx_word' id='word_1_263' title='bbox 503 2759 612 2800; x_wconf 79' lang='lat' dir='ltr'>lupum</span> <span class='ocrx_word' id='word_1_264' title='bbox 640 2770 773 2794; x_wconf 88' lang='lat' dir='ltr'>versum,</span> 
     </span>
    </p>
   </div>
   <div class='ocr_carea' id='block_1_7' title="bbox 835 1084 1510 2800">
    <p class='ocr_par' dir='ltr' id='par_1_12' title="bbox 835 1084 1499 1461">
     <span class='ocr_line' id='line_1_47' title="bbox 836 1084 1495 1126; baseline 0.002 -11"><span class='ocrx_word' id='word_1_265' title='bbox 836 1084 918 1126; x_wconf 90' lang='lat' dir='ltr'>quod</span> <span class='ocrx_word' id='word_1_266' title='bbox 942 1085 973 1115; x_wconf 90' lang='lat' dir='ltr'>in</span> <span class='ocrx_word' id='word_1_267' title='bbox 997 1095 1050 1115; x_wconf 83' lang='lat' dir='ltr'>ara</span> <span class='ocrx_word' id='word_1_268' title='bbox 1064 1084 1153 1116; x_wconf 84' lang='lat' dir='ltr'>Jovis</span> <span class='ocrx_word' id='word_1_269' title='bbox 1168 1084 1284 1125; x_wconf 86' lang='lat' dir='ltr'>Lycaei,</span> <span class='ocrx_word' id='word_1_270' title='bbox 1300 1084 1418 1116; x_wconf 79' lang='lat' dir='ltr'>infante</span> <span class='ocrx_word' id='word_1_271' title='bbox 1441 1097 1495 1116; x_wconf 89' lang='lat' dir='ltr'>ne-</span> 
     </span>
     <span class='ocr_line' id='line_1_48' title="bbox 835 1133 1494 1175; baseline 0.003 -10"><span class='ocrx_word' id='word_1_272' title='bbox 835 1140 917 1170; x_wconf 83' lang='lat' dir='ltr'>cato,</span> <span class='ocrx_word' id='word_1_273' title='bbox 934 1134 1105 1165; x_wconf 84' lang='lat' dir='ltr'>humanum</span> <span class='ocrx_word' id='word_1_274' title='bbox 1127 1133 1310 1175; x_wconf 86' lang='lat' dir='ltr'>sanguinem</span> <span class='ocrx_word' id='word_1_275' title='bbox 1330 1134 1494 1167; x_wconf 78' lang='lat' dir='ltr'>libaverat.</span> 
     </span>
     <span class='ocr_line' id='line_1_49' title="bbox 836 1183 1496 1224; baseline 0.002 -10"><span class='ocrx_word' id='word_1_276' title='bbox 836 1183 1004 1214; x_wconf 84' lang='lat' dir='ltr'>Boccatius</span> <span class='ocrx_word' id='word_1_277' title='bbox 1019 1183 1112 1213; x_wconf 85' lang='lat' dir='ltr'>refert</span> <span class='ocrx_word' id='word_1_278' title='bbox 1127 1183 1306 1224; x_wconf 82' lang='lat' dir='ltr'>Lycaonem</span> <span class='ocrx_word' id='word_1_279' title='bbox 1321 1183 1460 1215; x_wconf 85' lang='lat' dir='ltr'>obsidem</span> <span class='ocrx_word' id='word_1_280' title='bbox 1478 1196 1496 1216; x_wconf 86' lang='lat' dir='ltr'>a</span> 
     </span>
     <span class='ocr_line' id='line_1_50' title="bbox 835 1231 1496 1269; baseline 0.002 -6"><span class='ocrx_word' id='word_1_281' title='bbox 835 1232 983 1263; x_wconf 85' lang='lat' dir='ltr'>Molossis</span> <span class='ocrx_word' id='word_1_282' title='bbox 1006 1232 1139 1263; x_wconf 84' lang='lat' dir='ltr'>devictis</span> <span class='ocrx_word' id='word_1_283' title='bbox 1161 1232 1219 1262; x_wconf 87' lang='lat' dir='ltr'>sibi</span> <span class='ocrx_word' id='word_1_284' title='bbox 1247 1231 1367 1269; x_wconf 85' lang='lat' dir='ltr'>datum,</span> <span class='ocrx_word' id='word_1_285' title='bbox 1387 1244 1496 1264; x_wconf 87' lang='lat' dir='ltr'>eorun-</span> 
     </span>
     <span class='ocr_line' id='line_1_51' title="bbox 836 1281 1496 1323; baseline 0.002 -11"><span class='ocrx_word' id='word_1_286' title='bbox 836 1282 908 1312; x_wconf 89' lang='lat' dir='ltr'>dem</span> <span class='ocrx_word' id='word_1_287' title='bbox 942 1281 1054 1322; x_wconf 87' lang='lat' dir='ltr'>legatis</span> <span class='ocrx_word' id='word_1_288' title='bbox 1090 1281 1302 1323; x_wconf 84' lang='lat' dir='ltr'>repetentibus</span> <span class='ocrx_word' id='word_1_289' title='bbox 1340 1282 1496 1314; x_wconf 87' lang='lat' dir='ltr'>edendum</span> 
     </span>
     <span class='ocr_line' id='line_1_52' title="bbox 835 1329 1499 1373; baseline 0.002 -11"><span class='ocrx_word' id='word_1_290' title='bbox 835 1330 1024 1373; x_wconf 84' lang='lat' dir='ltr'>apposuisse.</span> <span class='ocrx_word' id='word_1_291' title='bbox 1082 1329 1184 1360; x_wconf 87' lang='lat' dir='ltr'>Aliter</span> <span class='ocrx_word' id='word_1_292' title='bbox 1221 1331 1368 1361; x_wconf 86' lang='lat' dir='ltr'>Clemens</span> <span class='ocrx_word' id='word_1_293' title='bbox 1403 1332 1499 1363; x_wconf 71' lang='lat' dir='ltr'>Alex-</span> 
     </span>
     <span class='ocr_line' id='line_1_53' title="bbox 836 1380 1498 1421; baseline 0.002 -9"><span class='ocrx_word' id='word_1_294' title='bbox 836 1380 1001 1412; x_wconf 81' lang='lat' dir='ltr'>Admonit.</span> <span class='ocrx_word' id='word_1_295' title='bbox 1025 1380 1064 1410; x_wconf 90' lang='lat' dir='ltr'>ad</span> <span class='ocrx_word' id='word_1_296' title='bbox 1088 1386 1209 1421; x_wconf 83' lang='lat' dir='ltr'>gentes.</span> <span class='ocrx_word' id='word_1_297' title='bbox 1254 1380 1357 1410; x_wconf 88' lang='lat' dir='ltr'>Aliter</span> <span class='ocrx_word' id='word_1_298' title='bbox 1380 1381 1498 1413; x_wconf 88' lang='lat' dir='ltr'>Pausa—</span> 
     </span>
     <span class='ocr_line' id='line_1_54' title="bbox 835 1428 1091 1461; baseline -0.008 0"><span class='ocrx_word' id='word_1_299' title='bbox 835 1430 904 1461; x_wconf 88' lang='lat' dir='ltr'>nias</span> <span class='ocrx_word' id='word_1_300' title='bbox 918 1429 950 1460; x_wconf 91' lang='lat' dir='ltr'>in</span> <span class='ocrx_word' id='word_1_301' title='bbox 965 1428 1091 1460; x_wconf 87' lang='lat' dir='ltr'>Atticis.</span> 
     </span>
    </p>

    <p class='ocr_par' dir='ltr' id='par_1_13' title="bbox 838 1478 1503 1865">
     <span class='ocr_line' id='line_1_55' title="bbox 879 1478 1498 1519; baseline 0.002 -9"><span class='ocrx_word' id='word_1_302' title='bbox 879 1481 952 1510; x_wconf 85' lang='lat'>231.</span> <span class='ocrx_word' id='word_1_303' title='bbox 977 1479 1015 1509; x_wconf 84' lang='lat' dir='ltr'>In</span> <span class='ocrx_word' id='word_1_304' title='bbox 1039 1480 1156 1508; x_wconf 78' lang='lat' dir='ltr'>domino</span> <span class='ocrx_word' id='word_1_305' title='bbox 1174 1479 1292 1519; x_wconf 79' lang='lat' dir='ltr'>dignos,</span> <span class='ocrx_word' id='word_1_306' title='bbox 1310 1478 1387 1519; x_wconf 88' lang='lat' dir='ltr'>etc.]</span> <span class='ocrx_word' id='word_1_307' title='bbox 1413 1480 1498 1511; x_wconf 92' lang='lat' dir='ltr'>Ordo</span> 
     </span>
     <span class='ocr_line' id='line_1_56' title="bbox 839 1527 1498 1569; baseline -0.002 -10"><span class='ocrx_word' id='word_1_308' title='bbox 839 1529 1002 1559; x_wconf 88' lang='lat' dir='ltr'>verborum</span> <span class='ocrx_word' id='word_1_309' title='bbox 1024 1532 1071 1558; x_wconf 82' lang='lat' dir='ltr'>est</span> <span class='ocrx_word' id='word_1_310' title='bbox 1090 1527 1157 1557; x_wconf 87' lang='lat' dir='ltr'>hic:</span> <span class='ocrx_word' id='word_1_311' title='bbox 1185 1527 1289 1556; x_wconf 81' lang='lat' dir='ltr'>Everti</span> <span class='ocrx_word' id='word_1_312' title='bbox 1308 1534 1386 1558; x_wconf 81' lang='lat' dir='ltr'>tecta</span> <span class='ocrx_word' id='word_1_313' title='bbox 1403 1531 1433 1558; x_wconf 82' lang='lat' dir='ltr'>in</span> <span class='ocrx_word' id='word_1_314' title='bbox 1447 1541 1498 1569; x_wconf 82' lang='lat' dir='ltr'>pe-</span> 
     </span>
     <span class='ocr_line' id='line_1_57' title="bbox 840 1577 1500 1619; baseline 0.002 -11"><span class='ocrx_word' id='word_1_315' title='bbox 840 1585 922 1608; x_wconf 80' lang='lat' dir='ltr'>nates</span> <span class='ocrx_word' id='word_1_316' title='bbox 948 1580 1052 1619; x_wconf 79' lang='lat' dir='ltr'>dignos</span> <span class='ocrx_word' id='word_1_317' title='bbox 1080 1578 1209 1612; x_wconf 82' lang='lat' dir='ltr'>domino,</span> <span class='ocrx_word' id='word_1_318' title='bbox 1233 1577 1330 1607; x_wconf 90' lang='lat' dir='ltr'>everti</span> <span class='ocrx_word' id='word_1_319' title='bbox 1361 1583 1444 1609; x_wconf 86' lang='lat' dir='ltr'>tecta</span> <span class='ocrx_word' id='word_1_320' title='bbox 1468 1585 1500 1609; x_wconf 87' lang='lat' dir='ltr'>et</span> 
     </span>
     <span class='ocr_line' id='line_1_58' title="bbox 839 1624 1500 1669; baseline 0 -11"><span class='ocrx_word' id='word_1_321' title='bbox 839 1627 958 1669; x_wconf 86' lang='lat' dir='ltr'>conjeci</span> <span class='ocrx_word' id='word_1_322' title='bbox 978 1627 1010 1656; x_wconf 89' lang='lat' dir='ltr'>in</span> <span class='ocrx_word' id='word_1_323' title='bbox 1030 1631 1158 1668; x_wconf 87' lang='lat' dir='ltr'>penates</span> <span class='ocrx_word' id='word_1_324' title='bbox 1181 1635 1269 1666; x_wconf 85' lang='lat' dir='ltr'>aeque</span> <span class='ocrx_word' id='word_1_325' title='bbox 1293 1624 1447 1667; x_wconf 90' lang='lat' dir='ltr'>improbos</span> <span class='ocrx_word' id='word_1_326' title='bbox 1464 1638 1500 1658; x_wconf 90' lang='lat' dir='ltr'>ac</span> 
     </span>
     <span class='ocr_line' id='line_1_59' title="bbox 838 1674 1499 1717; baseline 0 -10"><span class='ocrx_word' id='word_1_327' title='bbox 838 1676 990 1708; x_wconf 84' lang='lat' dir='ltr'>dominos.</span> <span class='ocrx_word' id='word_1_328' title='bbox 1019 1674 1235 1706; x_wconf 79' lang='lat' dir='ltr'>Transmoveri</span> <span class='ocrx_word' id='word_1_329' title='bbox 1250 1674 1294 1705; x_wconf 81' lang='lat' dir='ltr'>ita</span> <span class='ocrx_word' id='word_1_330' title='bbox 1310 1677 1499 1717; x_wconf 82' lang='lat' dir='ltr'>praepositio-</span> 
     </span>
     <span class='ocr_line' id='line_1_60' title="bbox 839 1724 1503 1766; baseline 0.002 -10"><span class='ocrx_word' id='word_1_331' title='bbox 839 1737 894 1756; x_wconf 88' lang='lat' dir='ltr'>nes</span> <span class='ocrx_word' id='word_1_332' title='bbox 917 1736 935 1756; x_wconf 84' lang='lat' dir='ltr'>a</span> <span class='ocrx_word' id='word_1_333' title='bbox 957 1724 1068 1766; x_wconf 82' lang='lat' dir='ltr'>poetis,</span> <span class='ocrx_word' id='word_1_334' title='bbox 1084 1724 1173 1754; x_wconf 88' lang='lat' dir='ltr'>docet</span> <span class='ocrx_word' id='word_1_335' title='bbox 1199 1724 1335 1754; x_wconf 76' lang='lat' dir='ltr'>Gronov.</span> <span class='ocrx_word' id='word_1_336' title='bbox 1357 1725 1435 1756; x_wconf 90' lang='lat' dir='ltr'>Obs.</span> <span class='ocrx_word' id='word_1_337' title='bbox 1458 1726 1503 1758; x_wconf 86' lang='lat' dir='ltr'>iii.</span> 
     </span>
     <span class='ocr_line' id='line_1_61' title="bbox 842 1772 1501 1815; baseline 0.002 -10"><span class='ocrx_word' id='word_1_338' title='bbox 842 1776 893 1806; x_wconf 90' lang='lat'>19.</span> <span class='ocrx_word' id='word_1_339' title='bbox 942 1775 1055 1804; x_wconf 69' lang='lat' dir='ltr'>Vindex</span> <span class='ocrx_word' id='word_1_340' title='bbox 1066 1775 1206 1815; x_wconf 77' lang='lat' dir='ltr'>flamma,</span> <span class='ocrx_word' id='word_1_341' title='bbox 1224 1772 1352 1810; x_wconf 87' lang='lat' dir='ltr'>fulmen,</span> <span class='ocrx_word' id='word_1_342' title='bbox 1368 1785 1429 1815; x_wconf 89' lang='lat' dir='ltr'>quo</span> <span class='ocrx_word' id='word_1_343' title='bbox 1454 1776 1501 1806; x_wconf 90' lang='lat' dir='ltr'>ul-</span> 
     </span>
     <span class='ocr_line' id='line_1_62' title="bbox 840 1822 1288 1865; baseline -0.009 -9"><span class='ocrx_word' id='word_1_344' title='bbox 840 1824 914 1856; x_wconf 86' lang='lat' dir='ltr'>cisci</span> <span class='ocrx_word' id='word_1_345' title='bbox 929 1823 1055 1865; x_wconf 87' lang='lat' dir='ltr'>Jupiter</span> <span class='ocrx_word' id='word_1_346' title='bbox 1069 1822 1187 1853; x_wconf 89' lang='lat' dir='ltr'>scelera</span> <span class='ocrx_word' id='word_1_347' title='bbox 1200 1822 1288 1852; x_wconf 83' lang='lat' dir='ltr'>solet.</span> 
     </span>
    </p>

    <p class='ocr_par' dir='ltr' id='par_1_14' title="bbox 840 1872 1509 2752">
     <span class='ocr_line' id='line_1_63' title="bbox 883 1872 1500 1912; baseline -0.002 -8"><span class='ocrx_word' id='word_1_348' title='bbox 883 1874 956 1904; x_wconf 81' lang='lat'>233.</span> <span class='ocrx_word' id='word_1_349' title='bbox 982 1873 1111 1902; x_wconf 75' lang='lat' dir='ltr'>Frustra</span> <span class='ocrx_word' id='word_1_350' title='bbox 1124 1873 1201 1912; x_wconf 80' lang='lat' dir='ltr'>loqui</span> <span class='ocrx_word' id='word_1_351' title='bbox 1213 1872 1368 1912; x_wconf 61' lang='lat' dir='ltr'>comitutu]</span> <span class='ocrx_word' id='word_1_352' title='bbox 1396 1872 1500 1903; x_wconf 84' lang='lat' dir='ltr'>Etiam</span> 
     </span>
     <span class='ocr_line' id='line_1_64' title="bbox 840 1920 1503 1954; baseline -0.002 0"><span class='ocrx_word' id='word_1_353' title='bbox 840 1923 872 1954; x_wconf 91' lang='lat' dir='ltr'>in</span> <span class='ocrx_word' id='word_1_354' title='bbox 888 1922 957 1953; x_wconf 85' lang='lat' dir='ltr'>aliis</span> <span class='ocrx_word' id='word_1_355' title='bbox 972 1921 1195 1952; x_wconf 83' lang='lat' dir='ltr'>transformatis</span> <span class='ocrx_word' id='word_1_356' title='bbox 1210 1920 1347 1951; x_wconf 89' lang='lat' dir='ltr'>studium</span> <span class='ocrx_word' id='word_1_357' title='bbox 1363 1922 1503 1953; x_wconf 80' lang='lat' dir='ltr'>tentandi</span> 
     </span>
     <span class='ocr_line' id='line_1_65' title="bbox 841 1969 1501 2012; baseline 0 -10"><span class='ocrx_word' id='word_1_358' title='bbox 841 1973 986 2012; x_wconf 76' lang='lat' dir='ltr'>loquelam</span> <span class='ocrx_word' id='word_1_359' title='bbox 1013 1976 1129 2007; x_wconf 84' lang='lat' dir='ltr'>manet,</span> <span class='ocrx_word' id='word_1_360' title='bbox 1159 1970 1242 2008; x_wconf 83' lang='lat'><strong>6373</strong></span> <span class='ocrx_word' id='word_1_361' title='bbox 1277 1969 1311 2000; x_wconf 84' lang='lat' dir='ltr'>ii.</span> <span class='ocrx_word' id='word_1_362' title='bbox 1341 1971 1424 2009; x_wconf 82' lang='lat'>4833</span> <span class='ocrx_word' id='word_1_363' title='bbox 1455 1972 1501 2002; x_wconf 86' lang='lat' dir='ltr'>iii.</span> 
     </span>
     <span class='ocr_line' id='line_1_66' title="bbox 840 2019 1502 2061; baseline 0 -10"><span class='ocrx_word' id='word_1_364' title='bbox 840 2022 914 2051; x_wconf 82' lang='lat'>201.</span> <span class='ocrx_word' id='word_1_365' title='bbox 929 2021 992 2051; x_wconf 80' lang='lat'>229</span> <span class='ocrx_word' id='word_1_366' title='bbox 1008 2030 1076 2061; x_wconf 80' lang='lat' dir='ltr'>sqq.</span> <span class='ocrx_word' id='word_1_367' title='bbox 1113 2020 1274 2050; x_wconf 60' lang='lat' dir='ltr'>Erululat.</span> <span class='ocrx_word' id='word_1_368' title='bbox 1311 2019 1416 2050; x_wconf 77' lang='lat' dir='ltr'>Valde</span> <span class='ocrx_word' id='word_1_369' title='bbox 1433 2020 1502 2051; x_wconf 91' lang='lat' dir='ltr'>ulu—</span> 
     </span>
     <span class='ocr_line' id='line_1_67' title="bbox 841 2070 1506 2110; baseline 0 -9"><span class='ocrx_word' id='word_1_370' title='bbox 841 2071 897 2101; x_wconf 76' lang='lat' dir='ltr'>lat.</span> <span class='ocrx_word' id='word_1_371' title='bbox 944 2072 990 2101; x_wconf 81' lang='lat' dir='ltr'>Ab</span> <span class='ocrx_word' id='word_1_372' title='bbox 1015 2072 1074 2109; x_wconf 83' lang='lat' dir='ltr'>ipso</span> <span class='ocrx_word' id='word_1_373' title='bbox 1097 2070 1225 2110; x_wconf 77' lang='lat' dir='ltr'>colligit,</span> <span class='ocrx_word' id='word_1_374' title='bbox 1240 2074 1300 2100; x_wconf 86' lang='lat' dir='ltr'>etc.</span> <span class='ocrx_word' id='word_1_375' title='bbox 1346 2070 1506 2106; x_wconf 83' lang='lat' dir='ltr'>Quia,·in-</span> 
     </span>
     <span class='ocr_line' id='line_1_68' title="bbox 843 2118 1505 2161; baseline 0.002 -11"><span class='ocrx_word' id='word_1_376' title='bbox 843 2119 921 2161; x_wconf 89' lang='lat' dir='ltr'>quit,</span> <span class='ocrx_word' id='word_1_377' title='bbox 952 2119 1037 2161; x_wconf 88' lang='lat' dir='ltr'>loqui</span> <span class='ocrx_word' id='word_1_378' title='bbox 1067 2129 1128 2149; x_wconf 90' lang='lat' dir='ltr'>non</span> <span class='ocrx_word' id='word_1_379' title='bbox 1163 2124 1295 2160; x_wconf 87' lang='lat' dir='ltr'>poterat,</span> <span class='ocrx_word' id='word_1_380' title='bbox 1324 2118 1357 2148; x_wconf 92' lang='lat' dir='ltr'>in</span> <span class='ocrx_word' id='word_1_381' title='bbox 1393 2122 1505 2151; x_wconf 76' lang='lat' dir='ltr'>rabiem</span> 
     </span>
     <span class='ocr_line' id='line_1_69' title="bbox 843 2166 1504 2209; baseline 0.002 -10"><span class='ocrx_word' id='word_1_382' title='bbox 843 2175 932 2204; x_wconf 85' lang='lat' dir='ltr'>actus</span> <span class='ocrx_word' id='word_1_383' title='bbox 947 2174 1003 2205; x_wconf 86' lang='lat' dir='ltr'>est,</span> <span class='ocrx_word' id='word_1_384' title='bbox 1017 2179 1110 2209; x_wconf 89' lang='lat' dir='ltr'>quam</span> <span class='ocrx_word' id='word_1_385' title='bbox 1127 2169 1165 2198; x_wconf 89' lang='lat' dir='ltr'>ab</span> <span class='ocrx_word' id='word_1_386' title='bbox 1182 2166 1356 2198; x_wconf 88' lang='lat' dir='ltr'>hominibus</span> <span class='ocrx_word' id='word_1_387' title='bbox 1372 2167 1403 2198; x_wconf 87' lang='lat' dir='ltr'>in</span> <span class='ocrx_word' id='word_1_388' title='bbox 1413 2180 1504 2208; x_wconf 73' lang='lat' dir='ltr'>pecu-</span> 
     </span>
     <span class='ocr_line' id='line_1_70' title="bbox 841 2216 1506 2257; baseline 0.002 -9"><span class='ocrx_word' id='word_1_389' title='bbox 841 2220 890 2248; x_wconf 81' lang='lat' dir='ltr'>des</span> <span class='ocrx_word' id='word_1_390' title='bbox 914 2217 1082 2248; x_wconf 83' lang='lat' dir='ltr'>transtulit.</span> <span class='ocrx_word' id='word_1_391' title='bbox 1130 2217 1237 2247; x_wconf 69' lang='lat' dir='ltr'>Rabies</span> <span class='ocrx_word' id='word_1_392' title='bbox 1250 2216 1378 2253; x_wconf 74' lang='lat' dir='ltr'>ventris,</span> <span class='ocrx_word' id='word_1_393' title='bbox 1394 2217 1506 2257; x_wconf 81' lang='grc' dir='ltr'>βουλι-</span> 
     </span>
     <span class='ocr_line' id='line_1_71' title="bbox 841 2265 1506 2309; baseline 0.002 -11"><span class='ocrx_word' id='word_1_394' title='bbox 841 2267 911 2308; x_wconf 79' lang='grc' dir='ltr'><strong><em>μία,</em></strong></span> <span class='ocrx_word' id='word_1_395' title='bbox 923 2267 1047 2309; x_wconf 81' lang='lat' dir='ltr'>propria</span> <span class='ocrx_word' id='word_1_396' title='bbox 1061 2272 1106 2297; x_wconf 83' lang='lat' dir='ltr'>est</span> <span class='ocrx_word' id='word_1_397' title='bbox 1123 2266 1286 2308; x_wconf 87' lang='lat' dir='ltr'>luporum:</span> <span class='ocrx_word' id='word_1_398' title='bbox 1315 2265 1385 2297; x_wconf 88' lang='lat' dir='ltr'>vide</span> <span class='ocrx_word' id='word_1_399' title='bbox 1397 2268 1506 2299; x_wconf 85' lang='lat' dir='ltr'>Burm.</span> 
     </span>
     <span class='ocr_line' id='line_1_72' title="bbox 843 2315 1507 2348; baseline 0.002 -1"><span class='ocrx_word' id='word_1_400' title='bbox 843 2317 883 2347; x_wconf 89' lang='lat' dir='ltr'>ad</span> <span class='ocrx_word' id='word_1_401' title='bbox 907 2316 1031 2347; x_wconf 79' lang='lat' dir='ltr'>Phaedr.</span> <span class='ocrx_word' id='word_1_402' title='bbox 1053 2316 1074 2346; x_wconf 88' lang='lat' dir='ltr'>i.</span> <span class='ocrx_word' id='word_1_403' title='bbox 1096 2316 1159 2346; x_wconf 79' lang='lat' dir='ltr'>fab.</span> <span class='ocrx_word' id='word_1_404' title='bbox 1181 2315 1225 2345; x_wconf 90' lang='lat' dir='ltr'>iii.</span> <span class='ocrx_word' id='word_1_405' title='bbox 1270 2316 1317 2345; x_wconf 87' lang='lat' dir='ltr'>Ea</span> <span class='ocrx_word' id='word_1_406' title='bbox 1338 2326 1421 2346; x_wconf 82' lang='lat' dir='ltr'>nunc</span> <span class='ocrx_word' id='word_1_407' title='bbox 1445 2328 1507 2348; x_wconf 86' lang='lat' dir='ltr'>non</span> 
     </span>
     <span class='ocr_line' id='line_1_73' title="bbox 843 2364 1506 2401; baseline -0.002 -5"><span class='ocrx_word' id='word_1_408' title='bbox 843 2365 969 2396; x_wconf 87' lang='lat' dir='ltr'>aliunde</span> <span class='ocrx_word' id='word_1_409' title='bbox 995 2364 1179 2395; x_wconf 82' lang='lat' dir='ltr'>arcessenda</span> <span class='ocrx_word' id='word_1_410' title='bbox 1208 2369 1285 2400; x_wconf 82' lang='lat' dir='ltr'>erat,</span> <span class='ocrx_word' id='word_1_411' title='bbox 1309 2365 1363 2395; x_wconf 89' lang='lat' dir='ltr'>sed</span> <span class='ocrx_word' id='word_1_412' title='bbox 1392 2367 1439 2401; x_wconf 80' lang='lat' dir='ltr'>ab,</span> <span class='ocrx_word' id='word_1_413' title='bbox 1468 2377 1506 2398; x_wconf 80' lang='lat' dir='ltr'>ex</span> 
     </span>
     <span class='ocr_line' id='line_1_74' title="bbox 844 2414 1504 2456; baseline 0.002 -10"><span class='ocrx_word' id='word_1_414' title='bbox 844 2418 903 2455; x_wconf 79' lang='lat' dir='ltr'>ipso</span> <span class='ocrx_word' id='word_1_415' title='bbox 925 2416 1070 2456; x_wconf 87' lang='lat' dir='ltr'>Lycaone</span> <span class='ocrx_word' id='word_1_416' title='bbox 1091 2414 1258 2455; x_wconf 85' lang='lat' dir='ltr'>colligitur,</span> <span class='ocrx_word' id='word_1_417' title='bbox 1277 2420 1308 2445; x_wconf 85' lang='lat' dir='ltr'>et</span> <span class='ocrx_word' id='word_1_418' title='bbox 1330 2416 1387 2451; x_wconf 77' lang='lat' dir='ltr'>ori,</span> <span class='ocrx_word' id='word_1_419' title='bbox 1404 2415 1504 2447; x_wconf 74' lang='lat' dir='ltr'>sauei-</span> 
     </span>
     <span class='ocr_line' id='line_1_75' title="bbox 843 2463 1507 2506; baseline 0.002 -11"><span class='ocrx_word' id='word_1_420' title='bbox 843 2466 914 2501; x_wconf 93' lang='lat' dir='ltr'>bus,</span> <span class='ocrx_word' id='word_1_421' title='bbox 932 2463 1060 2500; x_wconf 88' lang='lat' dir='ltr'>inditur,</span> <span class='ocrx_word' id='word_1_422' title='bbox 1077 2463 1160 2494; x_wconf 87' lang='lat' dir='ltr'>unde</span> <span class='ocrx_word' id='word_1_423' title='bbox 1182 2463 1256 2506; x_wconf 91' lang='lat' dir='ltr'>lupo</span> <span class='ocrx_word' id='word_1_424' title='bbox 1276 2466 1406 2504; x_wconf 77' lang='lat' dir='ltr'>improba</span> <span class='ocrx_word' id='word_1_425' title='bbox 1420 2466 1507 2506; x_wconf 64' lang='lat' dir='ltr'>faui¹</span> 
     </span>
     <span class='ocr_line' id='line_1_76' title="bbox 843 2513 1509 2546; baseline 0.002 -1"><span class='ocrx_word' id='word_1_426' title='bbox 843 2514 987 2545; x_wconf 85' lang='lat' dir='ltr'>tribuitur</span> <span class='ocrx_word' id='word_1_427' title='bbox 1003 2513 1127 2544; x_wconf 82' lang='lat' dir='ltr'>Phaedr.</span> <span class='ocrx_word' id='word_1_428' title='bbox 1140 2513 1170 2543; x_wconf 92' lang='lat' dir='ltr'>d.</span> <span class='ocrx_word' id='word_1_429' title='bbox 1184 2513 1204 2543; x_wconf 91' lang='lat' dir='ltr'>l.</span> <span class='ocrx_word' id='word_1_430' title='bbox 1250 2514 1354 2544; x_wconf 84' lang='lat' dir='ltr'>Antea</span> <span class='ocrx_word' id='word_1_431' title='bbox 1368 2514 1509 2546; x_wconf 86' lang='lat' dir='ltr'>homines</span> 
     </span>
     <span class='ocr_line' id='line_1_77' title="bbox 845 2562 1508 2602; baseline 0.002 -8"><span class='ocrx_word' id='word_1_432' title='bbox 845 2563 1055 2598; x_wconf 85' lang='lat' dir='ltr'>interfecerat,</span> <span class='ocrx_word' id='word_1_433' title='bbox 1071 2573 1152 2593; x_wconf 90' lang='lat' dir='ltr'>nunc</span> <span class='ocrx_word' id='word_1_434' title='bbox 1168 2562 1285 2593; x_wconf 87' lang='lat' dir='ltr'>rabiem</span> <span class='ocrx_word' id='word_1_435' title='bbox 1301 2574 1389 2593; x_wconf 89' lang='lat' dir='ltr'>suam</span> <span class='ocrx_word' id='word_1_436' title='bbox 1405 2567 1508 2602; x_wconf 67' lang='lat' dir='ltr'>vertit,</span> 
     </span>
     <span class='ocr_line' id='line_1_78' title="bbox 841 2611 1504 2653; baseline 0 -9"><span class='ocrx_word' id='word_1_437' title='bbox 841 2612 1000 2647; x_wconf 82' lang='lat' dir='ltr'>transfert,</span> <span class='ocrx_word' id='word_1_438' title='bbox 1030 2614 1060 2642; x_wconf 78' lang='lat' dir='ltr'>in</span> <span class='ocrx_word' id='word_1_439' title='bbox 1085 2614 1221 2651; x_wconf 80' lang='lat' dir='ltr'>pecudes,</span> <span class='ocrx_word' id='word_1_440' title='bbox 1246 2623 1319 2642; x_wconf 82' lang='lat' dir='ltr'>oves</span> <span class='ocrx_word' id='word_1_441' title='bbox 1342 2611 1504 2653; x_wconf 88' lang='lat' dir='ltr'>imprimis,</span> 
     </span>
     <span class='ocr_line' id='line_1_79' title="bbox 843 2660 1507 2704; baseline 0 -12"><span class='ocrx_word' id='word_1_442' title='bbox 843 2672 913 2703; x_wconf 85' lang='lat' dir='ltr'>quae</span> <span class='ocrx_word' id='word_1_443' title='bbox 931 2660 1051 2704; x_wconf 87' lang='lat' dir='ltr'>proprie</span> <span class='ocrx_word' id='word_1_444' title='bbox 1071 2663 1208 2700; x_wconf 78' lang='lat' dir='ltr'>pecudes,</span> <span class='ocrx_word' id='word_1_445' title='bbox 1226 2661 1309 2691; x_wconf 91' lang='lat' dir='ltr'>unde</span> <span class='ocrx_word' id='word_1_446' title='bbox 1332 2663 1420 2697; x_wconf 79' lang='lat' dir='ltr'>latro,</span> <span class='ocrx_word' id='word_1_447' title='bbox 1437 2674 1507 2702; x_wconf 79' lang='lat' dir='ltr'>rap-</span> 
     </span>
     <span class='ocr_line' id='line_1_80' title="bbox 845 2709 1272 2752; baseline 0 -12"><span class='ocrx_word' id='word_1_448' title='bbox 845 2719 890 2740; x_wconf 72' lang='lat' dir='ltr'>tor</span> <span class='ocrx_word' id='word_1_449' title='bbox 904 2716 934 2741; x_wconf 90' lang='lat' dir='ltr'>et</span> <span class='ocrx_word' id='word_1_450' title='bbox 949 2711 1134 2752; x_wconf 80' lang='grc' dir='ltr'>μηλοφόνος</span> <span class='ocrx_word' id='word_1_451' title='bbox 1148 2709 1272 2741; x_wconf 84' lang='lat' dir='ltr'>(licitur.</span> 
     </span>
    </p>

    <p class='ocr_par' dir='ltr' id='par_1_15' title="bbox 886 2759 1510 2800">
     <span class='ocr_line' id='line_1_81' title="bbox 886 2759 1510 2800; baseline 0.005 -11"><span class='ocrx_word' id='word_1_452' title='bbox 886 2760 962 2790; x_wconf 82' lang='lat'>234.</span> <span class='ocrx_word' id='word_1_453' title='bbox 1011 2759 1158 2798; x_wconf 76' lang='lat' dir='ltr'>Cupidine</span> <span class='ocrx_word' id='word_1_454' title='bbox 1190 2762 1330 2796; x_wconf 70' lang='lat' dir='ltr'>vertitur,</span> <span class='ocrx_word' id='word_1_455' title='bbox 1360 2771 1412 2800; x_wconf 91' lang='lat' dir='ltr'>pro</span> <span class='ocrx_word' id='word_1_456' title='bbox 1438 2762 1510 2792; x_wconf 89' lang='lat' dir='ltr'>vul-</span> 
     </span>
    </p>
   </div>
  </div>
 </body>
</html>
