<?xml version="1.0" encoding="UTF-8"?>
<!DOCTYPE html PUBLIC "-//W3C//DTD XHTML 1.0 Transitional//EN"
    "http://www.w3.org/TR/xhtml1/DTD/xhtml1-transitional.dtd">
<html xmlns="http://www.w3.org/1999/xhtml" xml:lang="en" lang="en">
 <head>
  <title>
</title>
<meta http-equiv="Content-Type" content="text/html;charset=utf-8" />
  <meta name='ocr-system' content='tesseract 3.04.00' />
  <meta name='ocr-capabilities' content='ocr_page ocr_carea ocr_par ocr_line ocrx_word'/>
</head>
<body>
  <div class='ocr_page' id='page_1' title='image "./povidiinasonisop03oviduoft_0270.png"; bbox 0 0 1763 3181; ppageno 0'>
   <div class='ocr_carea' id='block_1_1' title="bbox 229 182 1222 226">
    <p class='ocr_par' dir='ltr' id='par_1_1' title="bbox 229 182 1222 226">
     <span class='ocr_line' id='line_1_1' title="bbox 229 182 1222 226; baseline -0.001 -1"><span class='ocrx_word' id='word_1_1' title='bbox 229 184 314 226; x_wconf 83' lang='lat'>260</span> <span class='ocrx_word' id='word_1_2' title='bbox 620 183 669 224; x_wconf 93' lang='lat' dir='ltr'>P.</span> <span class='ocrx_word' id='word_1_3' title='bbox 700 182 910 223; x_wconf 91' lang='lat' dir='ltr'>OVIDII</span> <span class='ocrx_word' id='word_1_4' title='bbox 945 182 1222 224; x_wconf 89' lang='lat' dir='ltr'><strong>NASONIS</strong></span> 
     </span>
    </p>
   </div>
   <div class='ocr_carea' id='block_1_2' title="bbox 230 297 1611 1358">
    <p class='ocr_par' dir='ltr' id='par_1_2' title="bbox 230 297 1608 591">
     <span class='ocr_line' id='line_1_2' title="bbox 232 297 1571 361; baseline -0.001 -16"><span class='ocrx_word' id='word_1_5' title='bbox 232 297 518 361; x_wconf 92' lang='lat' dir='ltr'>Prospicio;</span> <span class='ocrx_word' id='word_1_6' title='bbox 549 297 857 359; x_wconf 84' lang='lat' dir='ltr'>comitesque</span> <span class='ocrx_word' id='word_1_7' title='bbox 881 314 1018 352; x_wconf 90' lang='lat' dir='ltr'>voco,</span> <span class='ocrx_word' id='word_1_8' title='bbox 1047 305 1315 360; x_wconf 82' lang='lat' dir='ltr'>repetoque</span> <span class='ocrx_word' id='word_1_9' title='bbox 1340 298 1571 345; x_wconf 86' lang='lat' dir='ltr'>carinam.</span> 
     </span>
     <span class='ocr_line' id='line_1_3' title="bbox 231 373 1550 438; baseline 0 -17"><span class='ocrx_word' id='word_1_10' title='bbox 231 375 484 421; x_wconf 92' lang='lat' dir='ltr'>Adsumus</span> <span class='ocrx_word' id='word_1_11' title='bbox 510 389 587 429; x_wconf 92' lang='lat' dir='ltr'>en,</span> <span class='ocrx_word' id='word_1_12' title='bbox 611 373 774 436; x_wconf 90' lang='lat' dir='ltr'>inquit</span> <span class='ocrx_word' id='word_1_13' title='bbox 798 373 1041 420; x_wconf 89' lang='lat' dir='ltr'>sociorum</span> <span class='ocrx_word' id='word_1_14' title='bbox 1067 375 1252 437; x_wconf 89' lang='lat' dir='ltr'>primus</span> <span class='ocrx_word' id='word_1_15' title='bbox 1280 374 1550 438; x_wconf 90' lang='lat' dir='ltr'>Opheltes;</span> 
     </span>
     <span class='ocr_line' id='line_1_4' title="bbox 234 451 1608 514; baseline 0.001 -18"><span class='ocrx_word' id='word_1_16' title='bbox 234 451 405 513; x_wconf 91' lang='lat' dir='ltr'>thue</span> <span class='ocrx_word' id='word_1_17' title='bbox 425 457 581 514; x_wconf 89' lang='lat' dir='ltr'>putat,</span> <span class='ocrx_word' id='word_1_18' title='bbox 609 451 825 513; x_wconf 86' lang='lat' dir='ltr'>praedam</span> <span class='ocrx_word' id='word_1_19' title='bbox 849 451 1044 498; x_wconf 89' lang='lat' dir='ltr'>deserto</span> <span class='ocrx_word' id='word_1_20' title='bbox 1069 458 1243 497; x_wconf 88' lang='lat' dir='ltr'>nactus</span> <span class='ocrx_word' id='word_1_21' title='bbox 1270 451 1317 497; x_wconf 89' lang='lat' dir='ltr'>in</span> <span class='ocrx_word' id='word_1_22' title='bbox 1344 467 1476 513; x_wconf 85' lang='lat' dir='ltr'>agro,</span> <span class='ocrx_word' id='word_1_23' title='bbox 1514 453 1608 497; x_wconf 91' lang='lat'>606</span> 
     </span>
     <span class='ocr_line' id='line_1_5' title="bbox 230 527 1330 591; baseline 0.001 -18"><span class='ocrx_word' id='word_1_24' title='bbox 230 527 466 589; x_wconf 83' lang='lat' dir='ltr'>Virginea</span> <span class='ocrx_word' id='word_1_25' title='bbox 491 543 698 590; x_wconf 87' lang='lat' dir='ltr'>puerum</span> <span class='ocrx_word' id='word_1_26' title='bbox 723 527 860 574; x_wconf 90' lang='lat' dir='ltr'>ducit</span> <span class='ocrx_word' id='word_1_27' title='bbox 884 543 970 591; x_wconf 89' lang='lat' dir='ltr'>per</span> <span class='ocrx_word' id='word_1_28' title='bbox 995 528 1138 574; x_wconf 86' lang='lat' dir='ltr'>litora</span> <span class='ocrx_word' id='word_1_29' title='bbox 1162 527 1330 575; x_wconf 88' lang='lat' dir='ltr'>forma.</span> 
     </span>
    </p>

    <p class='ocr_par' dir='ltr' id='par_1_3' title="bbox 231 603 1611 1358">
     <span class='ocr_line' id='line_1_6' title="bbox 232 603 1607 666; baseline 0.001 -16"><span class='ocrx_word' id='word_1_30' title='bbox 232 603 340 660; x_wconf 92' lang='lat' dir='ltr'>Ille,</span> <span class='ocrx_word' id='word_1_31' title='bbox 358 620 492 651; x_wconf 88' lang='lat' dir='ltr'>mero</span> <span class='ocrx_word' id='word_1_32' title='bbox 514 620 786 666; x_wconf 81' lang='lat' dir='ltr'>somnoque</span> <span class='ocrx_word' id='word_1_33' title='bbox 802 604 979 666; x_wconf 83' lang='lat' dir='ltr'>gravis,</span> <span class='ocrx_word' id='word_1_34' title='bbox 998 605 1211 651; x_wconf 84' lang='lat' dir='ltr'>titubare</span> <span class='ocrx_word' id='word_1_35' title='bbox 1226 604 1434 659; x_wconf 85' lang='lat' dir='ltr'>videtur,</span> <span class='ocrx_word' id='word_1_36' title='bbox 1459 605 1577 666; x_wconf 91' lang='lat' dir='ltr'>[que</span> <span class='ocrx_word' id='word_1_37' title='bbox 1598 621 1607 651; x_wconf 92' lang='lat'>:</span> 
     </span>
     <span class='ocr_line' id='line_1_7' title="bbox 231 680 1609 743; baseline 0.001 -17"><span class='ocrx_word' id='word_1_38' title='bbox 231 680 431 743; x_wconf 87' lang='lat' dir='ltr'>Vixque</span> <span class='ocrx_word' id='word_1_39' title='bbox 450 680 617 743; x_wconf 91' lang='lat' dir='ltr'>sequi:</span> <span class='ocrx_word' id='word_1_40' title='bbox 647 687 820 743; x_wconf 89' lang='lat' dir='ltr'>specto</span> <span class='ocrx_word' id='word_1_41' title='bbox 843 681 1047 736; x_wconf 87' lang='lat' dir='ltr'>cultum,</span> <span class='ocrx_word' id='word_1_42' title='bbox 1066 680 1361 743; x_wconf 83' lang='lat' dir='ltr'>faciemque,</span> <span class='ocrx_word' id='word_1_43' title='bbox 1382 681 1609 743; x_wconf 84' lang='lat' dir='ltr'>gradum-</span> 
     </span>
     <span class='ocr_line' id='line_1_8' title="bbox 231 756 1611 820; baseline 0 -17"><span class='ocrx_word' id='word_1_44' title='bbox 231 756 317 804; x_wconf 88' lang='lat' dir='ltr'>Nil</span> <span class='ocrx_word' id='word_1_45' title='bbox 342 758 425 812; x_wconf 92' lang='lat' dir='ltr'>ibi,</span> <span class='ocrx_word' id='word_1_46' title='bbox 453 757 586 820; x_wconf 90' lang='lat' dir='ltr'>quod</span> <span class='ocrx_word' id='word_1_47' title='bbox 610 764 780 820; x_wconf 90' lang='lat' dir='ltr'>posset</span> <span class='ocrx_word' id='word_1_48' title='bbox 804 757 938 804; x_wconf 86' lang='lat' dir='ltr'>credi</span> <span class='ocrx_word' id='word_1_49' title='bbox 964 758 1186 813; x_wconf 80' lang='lat' dir='ltr'>mortale,</span> <span class='ocrx_word' id='word_1_50' title='bbox 1214 758 1463 804; x_wconf 89' lang='lat' dir='ltr'>videbam.</span> <span class='ocrx_word' id='word_1_51' title='bbox 1515 760 1611 804; x_wconf 87' lang='grc'>610</span> 
     </span>
     <span class='ocr_line' id='line_1_9' title="bbox 231 832 1606 895; baseline -0.001 -15"><span class='ocrx_word' id='word_1_52' title='bbox 231 833 298 880; x_wconf 91' lang='lat' dir='ltr'>Et</span> <span class='ocrx_word' id='word_1_53' title='bbox 322 833 470 889; x_wconf 91' lang='lat' dir='ltr'>sensi,</span> <span class='ocrx_word' id='word_1_54' title='bbox 491 841 541 880; x_wconf 92' lang='lat' dir='ltr'>et</span> <span class='ocrx_word' id='word_1_55' title='bbox 564 833 667 880; x_wconf 84' lang='lat' dir='ltr'>dixi</span> <span class='ocrx_word' id='word_1_56' title='bbox 693 833 867 880; x_wconf 89' lang='lat' dir='ltr'>sociis:</span> <span class='ocrx_word' id='word_1_57' title='bbox 898 832 1045 887; x_wconf 86' lang='lat' dir='ltr'>Quod</span> <span class='ocrx_word' id='word_1_58' title='bbox 1065 850 1247 881; x_wconf 91' lang='lat' dir='ltr'>numen</span> <span class='ocrx_word' id='word_1_59' title='bbox 1273 835 1320 879; x_wconf 89' lang='lat' dir='ltr'>in</span> <span class='ocrx_word' id='word_1_60' title='bbox 1348 834 1443 880; x_wconf 88' lang='lat' dir='ltr'>isto</span> <span class='ocrx_word' id='word_1_61' title='bbox 1492 834 1606 895; x_wconf 86' lang='lat' dir='ltr'>[est.</span> 
     </span>
     <span class='ocr_line' id='line_1_10' title="bbox 233 909 1611 974; baseline -0.001 -17"><span class='ocrx_word' id='word_1_62' title='bbox 233 911 454 974; x_wconf 87' lang='lat' dir='ltr'>Corpore</span> <span class='ocrx_word' id='word_1_63' title='bbox 497 910 576 966; x_wconf 92' lang='lat' dir='ltr'>sit,</span> <span class='ocrx_word' id='word_1_64' title='bbox 603 910 804 966; x_wconf 88' lang='lat' dir='ltr'>dubito;</span> <span class='ocrx_word' id='word_1_65' title='bbox 845 909 933 957; x_wconf 89' lang='lat' dir='ltr'>sed</span> <span class='ocrx_word' id='word_1_66' title='bbox 975 926 1180 973; x_wconf 88' lang='lat' dir='ltr'>corpore</span> <span class='ocrx_word' id='word_1_67' title='bbox 1217 926 1399 957; x_wconf 88' lang='lat' dir='ltr'>numen</span> <span class='ocrx_word' id='word_1_68' title='bbox 1431 910 1480 956; x_wconf 90' lang='lat' dir='ltr'>in</span> <span class='ocrx_word' id='word_1_69' title='bbox 1518 909 1611 957; x_wconf 93' lang='lat' dir='ltr'>isto</span> 
     </span>
     <span class='ocr_line' id='line_1_11' title="bbox 232 986 1607 1050; baseline -0.001 -16"><span class='ocrx_word' id='word_1_70' title='bbox 232 986 473 1050; x_wconf 81' lang='lat' dir='ltr'>Quisquis</span> <span class='ocrx_word' id='word_1_71' title='bbox 499 1003 568 1042; x_wconf 93' lang='lat' dir='ltr'>es,</span> <span class='ocrx_word' id='word_1_72' title='bbox 596 1003 624 1033; x_wconf 94' lang='lat' dir='ltr'>o</span> <span class='ocrx_word' id='word_1_73' title='bbox 649 986 812 1033; x_wconf 84' lang='lat' dir='ltr'>faveas</span> <span class='ocrx_word' id='word_1_74' title='bbox 835 1005 844 1043; x_wconf 92' lang='lat'>;</span> <span class='ocrx_word' id='word_1_75' title='bbox 878 987 1159 1049; x_wconf 85' lang='lat' dir='ltr'>nostrisque</span> <span class='ocrx_word' id='word_1_76' title='bbox 1186 987 1434 1034; x_wconf 88' lang='lat' dir='ltr'>laboribus</span> <span class='ocrx_word' id='word_1_77' title='bbox 1460 986 1607 1033; x_wconf 86' lang='lat' dir='ltr'>adsis.</span> 
     </span>
     <span class='ocr_line' id='line_1_12' title="bbox 233 1062 1610 1127; baseline -0.001 -16"><span class='ocrx_word' id='word_1_78' title='bbox 233 1064 325 1111; x_wconf 92' lang='lat' dir='ltr'>His</span> <span class='ocrx_word' id='word_1_79' title='bbox 352 1079 553 1126; x_wconf 92' lang='lat' dir='ltr'>quoque</span> <span class='ocrx_word' id='word_1_80' title='bbox 578 1063 666 1110; x_wconf 91' lang='lat' dir='ltr'>des</span> <span class='ocrx_word' id='word_1_81' title='bbox 690 1063 900 1110; x_wconf 85' lang='lat' dir='ltr'>veniam.</span> <span class='ocrx_word' id='word_1_82' title='bbox 947 1063 1045 1111; x_wconf 90' lang='lat' dir='ltr'>Pro</span> <span class='ocrx_word' id='word_1_83' title='bbox 1070 1064 1213 1110; x_wconf 89' lang='lat' dir='ltr'>nobis</span> <span class='ocrx_word' id='word_1_84' title='bbox 1238 1064 1378 1111; x_wconf 89' lang='lat' dir='ltr'>mitte</span> <span class='ocrx_word' id='word_1_85' title='bbox 1404 1062 1610 1127; x_wconf 88' lang='lat' dir='ltr'>precari,</span> 
     </span>
     <span class='ocr_line' id='line_1_13' title="bbox 233 1141 1545 1204; baseline -0.001 -16"><span class='ocrx_word' id='word_1_86' title='bbox 233 1141 412 1204; x_wconf 87' lang='lat' dir='ltr'>Dictys</span> <span class='ocrx_word' id='word_1_87' title='bbox 437 1141 536 1197; x_wconf 87' lang='lat' dir='ltr'>ait;</span> <span class='ocrx_word' id='word_1_88' title='bbox 576 1156 674 1203; x_wconf 90' lang='lat' dir='ltr'>quo</span> <span class='ocrx_word' id='word_1_89' title='bbox 695 1157 794 1187; x_wconf 88' lang='lat' dir='ltr'>non</span> <span class='ocrx_word' id='word_1_90' title='bbox 820 1141 943 1188; x_wconf 87' lang='lat' dir='ltr'>alius</span> <span class='ocrx_word' id='word_1_91' title='bbox 969 1142 1302 1190; x_wconf 89' lang='lat' dir='ltr'>conscendere</span> <span class='ocrx_word' id='word_1_92' title='bbox 1328 1157 1545 1188; x_wconf 89' lang='lat' dir='ltr'>summas</span> 
     </span>
     <span class='ocr_line' id='line_1_14' title="bbox 233 1218 1610 1281; baseline -0.001 -16"><span class='ocrx_word' id='word_1_93' title='bbox 233 1218 384 1265; x_wconf 87' lang='lat' dir='ltr'>Ocior</span> <span class='ocrx_word' id='word_1_94' title='bbox 408 1225 663 1273; x_wconf 82' lang='lat' dir='ltr'>antennaS,</span> <span class='ocrx_word' id='word_1_95' title='bbox 688 1234 970 1281; x_wconf 91' lang='lat' dir='ltr'>prensoque</span> <span class='ocrx_word' id='word_1_96' title='bbox 995 1220 1202 1266; x_wconf 86' lang='lat' dir='ltr'>rudente</span> <span class='ocrx_word' id='word_1_97' title='bbox 1228 1218 1397 1266; x_wconf 86' lang='lat' dir='ltr'>relabi.</span> <span class='ocrx_word' id='word_1_98' title='bbox 1515 1220 1610 1264; x_wconf 87' lang='lat'>616</span> 
     </span>
     <span class='ocr_line' id='line_1_15' title="bbox 232 1294 1584 1358; baseline -0.001 -16"><span class='ocrx_word' id='word_1_99' title='bbox 232 1295 342 1342; x_wconf 92' lang='lat' dir='ltr'>Hoc</span> <span class='ocrx_word' id='word_1_100' title='bbox 369 1294 551 1357; x_wconf 81' lang='lat' dir='ltr'>Libys3</span> <span class='ocrx_word' id='word_1_101' title='bbox 579 1294 674 1341; x_wconf 91' lang='lat' dir='ltr'>hoc</span> <span class='ocrx_word' id='word_1_102' title='bbox 695 1295 866 1352; x_wconf 86' lang='lat' dir='ltr'>flavus,</span> <span class='ocrx_word' id='word_1_103' title='bbox 888 1311 1041 1358; x_wconf 78' lang='lat' dir='ltr'>prorae</span> <span class='ocrx_word' id='word_1_104' title='bbox 1068 1296 1239 1350; x_wconf 88' lang='lat' dir='ltr'>tutela,</span> <span class='ocrx_word' id='word_1_105' title='bbox 1268 1294 1584 1351; x_wconf 84' lang='lat' dir='ltr'>Melanthus3</span> 
     </span>
    </p>
   </div>
   <div class='ocr_carea' id='block_1_3' title="bbox 230 1459 889 2777">
    <p class='ocr_par' dir='ltr' id='par_1_4' title="bbox 230 1459 889 2374">
     <span class='ocr_line' id='line_1_16' title="bbox 232 1459 884 1502; baseline -0.002 -11"><span class='ocrx_word' id='word_1_106' title='bbox 232 1470 331 1502; x_wconf 90' lang='lat' dir='ltr'>neque</span> <span class='ocrx_word' id='word_1_107' title='bbox 351 1459 483 1501; x_wconf 84' lang='lat' dir='ltr'>piratica</span> <span class='ocrx_word' id='word_1_108' title='bbox 502 1459 726 1501; x_wconf 82' lang='lat' dir='ltr'>antiquissimis</span> <span class='ocrx_word' id='word_1_109' title='bbox 741 1460 884 1502; x_wconf 88' lang='lat' dir='ltr'>tempori-</span> 
     </span>
     <span class='ocr_line' id='line_1_17' title="bbox 230 1508 886 1540; baseline 0 0"><span class='ocrx_word' id='word_1_110' title='bbox 230 1511 288 1540; x_wconf 91' lang='lat' dir='ltr'>bus</span> <span class='ocrx_word' id='word_1_111' title='bbox 303 1508 426 1539; x_wconf 88' lang='lat' dir='ltr'>infamis</span> <span class='ocrx_word' id='word_1_112' title='bbox 442 1514 516 1540; x_wconf 87' lang='lat' dir='ltr'>erat.</span> <span class='ocrx_word' id='word_1_113' title='bbox 551 1509 728 1540; x_wconf 85' lang='lat' dir='ltr'>Secundum</span> <span class='ocrx_word' id='word_1_114' title='bbox 746 1510 830 1540; x_wconf 87' lang='lat' dir='ltr'>Serv.</span> <span class='ocrx_word' id='word_1_115' title='bbox 847 1509 886 1540; x_wconf 90' lang='lat' dir='ltr'>ad</span> 
     </span>
     <span class='ocr_line' id='line_1_18' title="bbox 234 1557 887 1600; baseline -0.002 -11"><span class='ocrx_word' id='word_1_116' title='bbox 234 1557 344 1600; x_wconf 82' lang='lat' dir='ltr'>Virgil.</span> <span class='ocrx_word' id='word_1_117' title='bbox 364 1558 494 1588; x_wconf 87' lang='lat' dir='ltr'>AEneid.</span> <span class='ocrx_word' id='word_1_118' title='bbox 519 1557 539 1588; x_wconf 88' lang='lat' dir='ltr'>i.</span> <span class='ocrx_word' id='word_1_119' title='bbox 563 1558 616 1588; x_wconf 93' lang='lat'>71.</span> <span class='ocrx_word' id='word_1_120' title='bbox 639 1560 830 1588; x_wconf 80' lang='lat' dir='ltr'>dormientem</span> <span class='ocrx_word' id='word_1_121' title='bbox 856 1561 887 1588; x_wconf 83' lang='lat' dir='ltr'>in</span> 
     </span>
     <span class='ocr_line' id='line_1_19' title="bbox 232 1605 888 1648; baseline -0.002 -11"><span class='ocrx_word' id='word_1_122' title='bbox 232 1609 318 1637; x_wconf 79' lang='lat' dir='ltr'>litore</span> <span class='ocrx_word' id='word_1_123' title='bbox 339 1608 486 1646; x_wconf 74' lang='lat' dir='ltr'>rapiunt5</span> <span class='ocrx_word' id='word_1_124' title='bbox 512 1605 566 1637; x_wconf 91' lang='lat' dir='ltr'>sed</span> <span class='ocrx_word' id='word_1_125' title='bbox 589 1606 672 1648; x_wconf 86' lang='lat' dir='ltr'>apud</span> <span class='ocrx_word' id='word_1_126' title='bbox 687 1606 836 1648; x_wconf 87' lang='lat' dir='ltr'>Apollod.</span> <span class='ocrx_word' id='word_1_127' title='bbox 857 1611 888 1637; x_wconf 88' lang='lat' dir='ltr'>et</span> 
     </span>
     <span class='ocr_line' id='line_1_20' title="bbox 231 1655 888 1698; baseline 0 -12"><span class='ocrx_word' id='word_1_128' title='bbox 231 1656 348 1698; x_wconf 77' lang='lat' dir='ltr'>Ilygin.</span> <span class='ocrx_word' id='word_1_129' title='bbox 363 1655 429 1697; x_wconf 87' lang='lat' dir='ltr'>ipse</span> <span class='ocrx_word' id='word_1_130' title='bbox 441 1655 588 1686; x_wconf 85' lang='lat' dir='ltr'>conducit</span> <span class='ocrx_word' id='word_1_131' title='bbox 598 1665 719 1691; x_wconf 88' lang='lat' dir='ltr'>navem,</span> <span class='ocrx_word' id='word_1_132' title='bbox 731 1662 763 1686; x_wconf 93' lang='lat' dir='ltr'>ut</span> <span class='ocrx_word' id='word_1_133' title='bbox 775 1656 888 1686; x_wconf 76' lang='lat' dir='ltr'>Naxon</span> 
     </span>
     <span class='ocr_line' id='line_1_21' title="bbox 232 1704 889 1746; baseline -0.002 -10"><span class='ocrx_word' id='word_1_134' title='bbox 232 1705 398 1736; x_wconf 85' lang='lat' dir='ltr'>deferatur.</span> <span class='ocrx_word' id='word_1_135' title='bbox 460 1705 604 1735; x_wconf 81' lang='lat' dir='ltr'>Puerum.</span> <span class='ocrx_word' id='word_1_136' title='bbox 640 1704 732 1746; x_wconf 84' lang='lat' dir='ltr'>Apud</span> <span class='ocrx_word' id='word_1_137' title='bbox 764 1706 889 1736; x_wconf 87' lang='lat' dir='ltr'>Homer.</span> 
     </span>
     <span class='ocr_line' id='line_1_22' title="bbox 231 1753 888 1796; baseline -0.003 -10"><span class='ocrx_word' id='word_1_138' title='bbox 231 1755 345 1796; x_wconf 77' lang='grc' dir='ltr'>νεηνίῃ</span> <span class='ocrx_word' id='word_1_139' title='bbox 373 1753 467 1796; x_wconf 72' lang='grc' dir='ltr'><strong><em>ἀνδρὶ</em></strong></span> <span class='ocrx_word' id='word_1_140' title='bbox 493 1754 610 1791; x_wconf 76' lang='grc' dir='ltr'>ἐοικώς.</span> <span class='ocrx_word' id='word_1_141' title='bbox 656 1753 830 1795; x_wconf 88' lang='lat' dir='ltr'>Euripides,</span> <span class='ocrx_word' id='word_1_142' title='bbox 857 1754 888 1784; x_wconf 88' lang='lat' dir='ltr'>in</span> 
     </span>
     <span class='ocr_line' id='line_1_23' title="bbox 231 1803 889 1845; baseline -0.003 -9"><span class='ocrx_word' id='word_1_143' title='bbox 231 1804 378 1840; x_wconf 87' lang='lat' dir='ltr'>Bacchis,</span> <span class='ocrx_word' id='word_1_144' title='bbox 404 1814 493 1834; x_wconf 89' lang='lat' dir='ltr'>versu</span> <span class='ocrx_word' id='word_1_145' title='bbox 521 1805 595 1834; x_wconf 82' lang='lat'>353.</span> <span class='ocrx_word' id='word_1_146' title='bbox 618 1803 820 1845; x_wconf 81' lang='grc' dir='ltr'>θηλύμορφος</span> <span class='ocrx_word' id='word_1_147' title='bbox 844 1803 889 1839; x_wconf 78' lang='grc' dir='ltr'>ξέ-</span> 
     </span>
     <span class='ocr_line' id='line_1_24' title="bbox 232 1852 887 1891; baseline -0.005 -5"><span class='ocrx_word' id='word_1_148' title='bbox 232 1866 299 1891; x_wconf 81' lang='grc' dir='ltr'>νος.</span> <span class='ocrx_word' id='word_1_149' title='bbox 342 1852 428 1883; x_wconf 90' lang='lat' dir='ltr'>Talis</span> <span class='ocrx_word' id='word_1_150' title='bbox 449 1852 543 1883; x_wconf 89' lang='lat' dir='ltr'>etiam</span> <span class='ocrx_word' id='word_1_151' title='bbox 565 1852 597 1882; x_wconf 90' lang='lat' dir='ltr'>in</span> <span class='ocrx_word' id='word_1_152' title='bbox 618 1853 824 1883; x_wconf 86' lang='lat' dir='ltr'>monumentis</span> <span class='ocrx_word' id='word_1_153' title='bbox 841 1863 887 1883; x_wconf 86' lang='lat' dir='ltr'>re-</span> 
     </span>
     <span class='ocr_line' id='line_1_25' title="bbox 231 1901 889 1944; baseline -0.002 -12"><span class='ocrx_word' id='word_1_154' title='bbox 231 1907 444 1944; x_wconf 83' lang='lat' dir='ltr'>praesentatur.</span> <span class='ocrx_word' id='word_1_155' title='bbox 469 1901 685 1933; x_wconf 81' lang='lat' dir='ltr'>Conferiv.18</span> <span class='ocrx_word' id='word_1_156' title='bbox 698 1912 767 1942; x_wconf 88' lang='lat' dir='ltr'>sqq.</span> <span class='ocrx_word' id='word_1_157' title='bbox 805 1901 889 1932; x_wconf 81' lang='lat' dir='ltr'>Mero</span> 
     </span>
     <span class='ocr_line' id='line_1_26' title="bbox 231 1950 887 1992; baseline -0.002 -11"><span class='ocrx_word' id='word_1_158' title='bbox 231 1962 381 1991; x_wconf 79' lang='lat' dir='ltr'>somnoque</span> <span class='ocrx_word' id='word_1_159' title='bbox 402 1953 516 1992; x_wconf 71' lang='lat' dir='ltr'>gravis,</span> <span class='ocrx_word' id='word_1_160' title='bbox 541 1950 596 1991; x_wconf 91' lang='lat' dir='ltr'>qui</span> <span class='ocrx_word' id='word_1_161' title='bbox 624 1950 784 1992; x_wconf 74' lang='lat' dir='ltr'>crapulam</span> <span class='ocrx_word' id='word_1_162' title='bbox 812 1961 887 1981; x_wconf 91' lang='lat' dir='ltr'>non-</span> 
     </span>
     <span class='ocr_line' id='line_1_27' title="bbox 232 1999 888 2032; baseline -0.002 -1"><span class='ocrx_word' id='word_1_163' title='bbox 232 2001 307 2032; x_wconf 83' lang='lat' dir='ltr'>dum</span> <span class='ocrx_word' id='word_1_164' title='bbox 330 1999 503 2031; x_wconf 88' lang='lat' dir='ltr'>edormivit.</span> <span class='ocrx_word' id='word_1_165' title='bbox 540 2000 669 2030; x_wconf 86' lang='lat' dir='ltr'>Homer.</span> <span class='ocrx_word' id='word_1_166' title='bbox 693 2000 731 2030; x_wconf 84' lang='lat' dir='ltr'>Il.</span> <span class='ocrx_word' id='word_1_167' title='bbox 755 2004 793 2031; x_wconf 88' lang='lat' dir='ltr'>A.</span> <span class='ocrx_word' id='word_1_168' title='bbox 815 2001 888 2031; x_wconf 83' lang='lat'><strong>225.</strong></span> 
     </span>
     <span class='ocr_line' id='line_1_28' title="bbox 231 2049 889 2091; baseline -0.003 -10"><span class='ocrx_word' id='word_1_169' title='bbox 231 2049 419 2091; x_wconf 79' lang='grc' dir='ltr'>οἶνοβαρὴς.</span> <span class='ocrx_word' id='word_1_170' title='bbox 471 2049 599 2080; x_wconf 87' lang='lat' dir='ltr'>Heroid.</span> <span class='ocrx_word' id='word_1_171' title='bbox 625 2049 688 2080; x_wconf 84' lang='lat' dir='ltr'>xiv.</span> <span class='ocrx_word' id='word_1_172' title='bbox 718 2051 782 2080; x_wconf 89' lang='lat'>33:</span> <span class='ocrx_word' id='word_1_173' title='bbox 819 2050 889 2079; x_wconf 79' lang='lat' dir='ltr'>Cibo</span> 
     </span>
     <span class='ocr_line' id='line_1_29' title="bbox 231 2098 887 2139; baseline -0.002 -10"><span class='ocrx_word' id='word_1_174' title='bbox 231 2101 355 2138; x_wconf 73' lang='lat' dir='ltr'>vinoque</span> <span class='ocrx_word' id='word_1_175' title='bbox 367 2108 473 2139; x_wconf 77' lang='lat' dir='ltr'>graves</span> <span class='ocrx_word' id='word_1_176' title='bbox 487 2100 801 2138; x_wconf 72' lang='lat' dir='ltr'>somnoquejucebunt.</span> <span class='ocrx_word' id='word_1_177' title='bbox 838 2098 887 2128; x_wconf 78' lang='lat' dir='ltr'>Ti-</span> 
     </span>
     <span class='ocr_line' id='line_1_30' title="bbox 232 2146 888 2188; baseline -0.002 -10"><span class='ocrx_word' id='word_1_178' title='bbox 232 2150 337 2178; x_wconf 76' lang='lat' dir='ltr'>mbare</span> <span class='ocrx_word' id='word_1_179' title='bbox 354 2154 386 2178; x_wconf 89' lang='lat' dir='ltr'>et</span> <span class='ocrx_word' id='word_1_180' title='bbox 409 2147 515 2188; x_wconf 86' lang='lat' dir='ltr'>lingua</span> <span class='ocrx_word' id='word_1_181' title='bbox 538 2152 569 2177; x_wconf 93' lang='lat' dir='ltr'>et</span> <span class='ocrx_word' id='word_1_182' title='bbox 590 2157 644 2188; x_wconf 87' lang='lat' dir='ltr'>pes</span> <span class='ocrx_word' id='word_1_183' title='bbox 665 2146 819 2177; x_wconf 89' lang='lat' dir='ltr'>ebriorum</span> <span class='ocrx_word' id='word_1_184' title='bbox 841 2147 888 2177; x_wconf 89' lang='lat' dir='ltr'>di-</span> 
     </span>
     <span class='ocr_line' id='line_1_31' title="bbox 232 2196 888 2228; baseline -0.002 0"><span class='ocrx_word' id='word_1_185' title='bbox 232 2203 354 2228; x_wconf 88' lang='lat' dir='ltr'>cuntur.</span> <span class='ocrx_word' id='word_1_186' title='bbox 402 2196 545 2226; x_wconf 74' lang='lat' dir='ltr'>Titubare</span> <span class='ocrx_word' id='word_1_187' title='bbox 572 2198 698 2226; x_wconf 75' lang='lat' dir='ltr'>videtur.</span> <span class='ocrx_word' id='word_1_188' title='bbox 731 2196 888 2227; x_wconf 82' lang='lat' dir='ltr'>Vacillare</span> 
     </span>
     <span class='ocr_line' id='line_1_32' title="bbox 231 2244 887 2285; baseline 0 -10"><span class='ocrx_word' id='word_1_189' title='bbox 231 2256 315 2276; x_wconf 87' lang='lat' dir='ltr'>mero</span> <span class='ocrx_word' id='word_1_190' title='bbox 344 2255 513 2285; x_wconf 90' lang='lat' dir='ltr'>somnoque</span> <span class='ocrx_word' id='word_1_191' title='bbox 551 2244 718 2274; x_wconf 81' lang='lat' dir='ltr'>simulabat</span> <span class='ocrx_word' id='word_1_192' title='bbox 747 2255 778 2275; x_wconf 86' lang='lat' dir='ltr'>se</span> <span class='ocrx_word' id='word_1_193' title='bbox 807 2246 887 2275; x_wconf 85' lang='lat' dir='ltr'>Bac-</span> 
     </span>
     <span class='ocr_line' id='line_1_33' title="bbox 233 2293 888 2333; baseline 0 -9"><span class='ocrx_word' id='word_1_194' title='bbox 233 2294 321 2329; x_wconf 87' lang='lat' dir='ltr'>chus,</span> <span class='ocrx_word' id='word_1_195' title='bbox 338 2305 376 2325; x_wconf 86' lang='lat' dir='ltr'>ne</span> <span class='ocrx_word' id='word_1_196' title='bbox 398 2304 416 2324; x_wconf 87' lang='lat' dir='ltr'>a</span> <span class='ocrx_word' id='word_1_197' title='bbox 439 2293 540 2324; x_wconf 83' lang='lat' dir='ltr'>nautis</span> <span class='ocrx_word' id='word_1_198' title='bbox 562 2294 651 2324; x_wconf 87' lang='lat' dir='ltr'>Deus</span> <span class='ocrx_word' id='word_1_199' title='bbox 672 2303 739 2324; x_wconf 86' lang='lat' dir='ltr'>esse</span> <span class='ocrx_word' id='word_1_200' title='bbox 760 2303 888 2333; x_wconf 83' lang='lat' dir='ltr'>cognos-</span> 
     </span>
     <span class='ocr_line' id='line_1_34' title="bbox 233 2349 362 2374; baseline 0 0"><span class='ocrx_word' id='word_1_201' title='bbox 233 2349 362 2374; x_wconf 89' lang='lat' dir='ltr'>ceretur.</span> 
     </span>
    </p>

    <p class='ocr_par' dir='ltr' id='par_1_5' title="bbox 232 2392 889 2777">
     <span class='ocr_line' id='line_1_35' title="bbox 276 2392 886 2434; baseline 0 -12"><span class='ocrx_word' id='word_1_202' title='bbox 276 2394 348 2423; x_wconf 88' lang='grc'>609.</span> <span class='ocrx_word' id='word_1_203' title='bbox 365 2394 468 2432; x_wconf 82' lang='lat' dir='ltr'>Specto</span> <span class='ocrx_word' id='word_1_204' title='bbox 482 2392 795 2434; x_wconf 73' lang='lat' dir='ltr'>cultum,saciemque‚</span> <span class='ocrx_word' id='word_1_205' title='bbox 809 2393 886 2433; x_wconf 91' lang='lat' dir='ltr'>etc.]</span> 
     </span>
     <span class='ocr_line' id='line_1_36' title="bbox 232 2441 888 2483; baseline -0.002 -11"><span class='ocrx_word' id='word_1_206' title='bbox 232 2443 298 2478; x_wconf 85' lang='lat' dir='ltr'>Dii,</span> <span class='ocrx_word' id='word_1_207' title='bbox 310 2441 434 2483; x_wconf 85' lang='lat' dir='ltr'>quando</span> <span class='ocrx_word' id='word_1_208' title='bbox 451 2441 578 2472; x_wconf 85' lang='lat' dir='ltr'>formam</span> <span class='ocrx_word' id='word_1_209' title='bbox 598 2442 766 2472; x_wconf 85' lang='lat' dir='ltr'>humanam</span> <span class='ocrx_word' id='word_1_210' title='bbox 782 2453 888 2483; x_wconf 89' lang='lat' dir='ltr'>sump-</span> 
     </span>
     <span class='ocr_line' id='line_1_37' title="bbox 232 2490 889 2532; baseline 0 -10"><span class='ocrx_word' id='word_1_211' title='bbox 232 2496 345 2526; x_wconf 83' lang='lat' dir='ltr'>serant,</span> <span class='ocrx_word' id='word_1_212' title='bbox 370 2491 503 2524; x_wconf 83' lang='lat' dir='ltr'>incessu,</span> <span class='ocrx_word' id='word_1_213' title='bbox 528 2500 615 2526; x_wconf 83' lang='lat' dir='ltr'>voce,</span> <span class='ocrx_word' id='word_1_214' title='bbox 638 2490 736 2521; x_wconf 90' lang='lat' dir='ltr'>oculis</span> <span class='ocrx_word' id='word_1_215' title='bbox 760 2490 889 2532; x_wconf 76' lang='lat' dir='ltr'>aliisque</span> 
     </span>
     <span class='ocr_line' id='line_1_38' title="bbox 232 2539 888 2581; baseline -0.002 -11"><span class='ocrx_word' id='word_1_216' title='bbox 232 2542 323 2572; x_wconf 86' lang='lat' dir='ltr'>rebus</span> <span class='ocrx_word' id='word_1_217' title='bbox 347 2540 561 2574; x_wconf 78' lang='lat' dir='ltr'>declarabant,</span> <span class='ocrx_word' id='word_1_218' title='bbox 580 2539 699 2581; x_wconf 86' lang='lat' dir='ltr'>aliquid</span> <span class='ocrx_word' id='word_1_219' title='bbox 721 2539 817 2570; x_wconf 90' lang='lat' dir='ltr'>divini</span> <span class='ocrx_word' id='word_1_220' title='bbox 841 2540 888 2570; x_wconf 94' lang='lat' dir='ltr'>in-</span> 
     </span>
     <span class='ocr_line' id='line_1_39' title="bbox 233 2588 888 2630; baseline -0.002 -10"><span class='ocrx_word' id='word_1_221' title='bbox 233 2601 299 2621; x_wconf 76' lang='lat' dir='ltr'>esse</span> <span class='ocrx_word' id='word_1_222' title='bbox 325 2589 396 2619; x_wconf 83' lang='lat' dir='ltr'>sibi.</span> <span class='ocrx_word' id='word_1_223' title='bbox 445 2589 532 2630; x_wconf 86' lang='lat' dir='ltr'>Virg.</span> <span class='ocrx_word' id='word_1_224' title='bbox 560 2588 686 2619; x_wconf 70' lang='lat' dir='ltr'>1²1⁴]neisl.</span> <span class='ocrx_word' id='word_1_225' title='bbox 708 2589 728 2619; x_wconf 91' lang='lat' dir='ltr'>i.</span> <span class='ocrx_word' id='word_1_226' title='bbox 753 2590 836 2627; x_wconf 82' lang='lat'>327;</span> <span class='ocrx_word' id='word_1_227' title='bbox 859 2600 888 2619; x_wconf 90' lang='lat' dir='ltr'>v.</span> 
     </span>
     <span class='ocr_line' id='line_1_40' title="bbox 232 2637 888 2674; baseline 0 -6"><span class='ocrx_word' id='word_1_228' title='bbox 232 2640 314 2668; x_wconf 82' lang='lat'>647:</span> <span class='ocrx_word' id='word_1_229' title='bbox 339 2638 378 2669; x_wconf 90' lang='lat' dir='ltr'>de</span> <span class='ocrx_word' id='word_1_230' title='bbox 402 2638 443 2668; x_wconf 90' lang='lat' dir='ltr'>Iri</span> <span class='ocrx_word' id='word_1_231' title='bbox 464 2637 496 2668; x_wconf 92' lang='lat' dir='ltr'>in</span> <span class='ocrx_word' id='word_1_232' title='bbox 519 2648 612 2668; x_wconf 79' lang='lat' dir='ltr'>anum</span> <span class='ocrx_word' id='word_1_233' title='bbox 634 2644 764 2674; x_wconf 80' lang='lat' dir='ltr'>mutata,</span> <span class='ocrx_word' id='word_1_234' title='bbox 782 2638 888 2668; x_wconf 71' lang='lat' dir='ltr'>Divz&#39;ni</span> 
     </span>
     <span class='ocr_line' id='line_1_41' title="bbox 232 2688 885 2728; baseline -0.002 -10"><span class='ocrx_word' id='word_1_235' title='bbox 232 2690 315 2728; x_wconf 70' lang='lat' dir='ltr'>signa</span> <span class='ocrx_word' id='word_1_236' title='bbox 340 2689 452 2718; x_wconf 75' lang='lat' dir='ltr'>(iccoris</span> <span class='ocrx_word' id='word_1_237' title='bbox 468 2688 669 2727; x_wconf 75' lang='lat' dir='ltr'>Ardentesque</span> <span class='ocrx_word' id='word_1_238' title='bbox 692 2693 792 2717; x_wconf 80' lang='lat' dir='ltr'>notate</span> <span class='ocrx_word' id='word_1_239' title='bbox 815 2698 885 2717; x_wconf 74' lang='lat' dir='ltr'>ocn-</span> 
     </span>
     <span class='ocr_line' id='line_1_42' title="bbox 235 2736 888 2777; baseline 0.002 -11"><span class='ocrx_word' id='word_1_240' title='bbox 235 2739 284 2772; x_wconf 81' lang='lat' dir='ltr'>Ios,</span> <span class='ocrx_word' id='word_1_241' title='bbox 299 2738 347 2777; x_wconf 76' lang='lat' dir='ltr'>qui</span> <span class='ocrx_word' id='word_1_242' title='bbox 363 2739 486 2775; x_wconf 77' lang='lat' dir='ltr'>spiritus</span> <span class='ocrx_word' id='word_1_243' title='bbox 497 2738 555 2772; x_wconf 78' lang='lat' dir='ltr'>illi,</span> <span class='ocrx_word' id='word_1_244' title='bbox 570 2736 629 2770; x_wconf 81' lang='lat' dir='ltr'>Qui</span> <span class='ocrx_word' id='word_1_245' title='bbox 643 2737 744 2767; x_wconf 72' lang='lat' dir='ltr'>vultus</span> <span class='ocrx_word' id='word_1_246' title='bbox 757 2738 888 2776; x_wconf 76' lang='lat' dir='ltr'>vocisque</span> 
     </span>
    </p>
   </div>
   <div class='ocr_carea' id='block_1_4' title="bbox 952 1459 1615 2768">
    <p class='ocr_par' dir='ltr' id='par_1_6' title="bbox 952 1459 1615 1796">
     <span class='ocr_line' id='line_1_43' title="bbox 952 1459 1611 1503; baseline -0.003 -12"><span class='ocrx_word' id='word_1_247' title='bbox 952 1472 1048 1497; x_wconf 81' lang='lat' dir='ltr'>sonus,</span> <span class='ocrx_word' id='word_1_248' title='bbox 1070 1463 1115 1491; x_wconf 80' lang='lat' dir='ltr'>vel</span> <span class='ocrx_word' id='word_1_249' title='bbox 1134 1472 1251 1503; x_wconf 80' lang='lat' dir='ltr'>gressus</span> <span class='ocrx_word' id='word_1_250' title='bbox 1266 1462 1361 1491; x_wconf 77' lang='lat' dir='ltr'>eunti.</span> <span class='ocrx_word' id='word_1_251' title='bbox 1397 1459 1459 1490; x_wconf 81' lang='lat' dir='ltr'>Sed</span> <span class='ocrx_word' id='word_1_252' title='bbox 1474 1469 1611 1501; x_wconf 88' lang='lat' dir='ltr'>quaerere</span> 
     </span>
     <span class='ocr_line' id='line_1_44' title="bbox 956 1507 1612 1551; baseline -0.006 -10"><span class='ocrx_word' id='word_1_253' title='bbox 956 1511 1045 1546; x_wconf 86' lang='lat' dir='ltr'>libet,</span> <span class='ocrx_word' id='word_1_254' title='bbox 1062 1510 1217 1551; x_wconf 88' lang='lat' dir='ltr'>quomodo</span> <span class='ocrx_word' id='word_1_255' title='bbox 1238 1511 1382 1540; x_wconf 75' lang='lat' dir='ltr'>titubanti</span> <span class='ocrx_word' id='word_1_256' title='bbox 1402 1510 1516 1551; x_wconf 80' lang='lat' dir='ltr'>gradus</span> <span class='ocrx_word' id='word_1_257' title='bbox 1535 1507 1612 1538; x_wconf 89' lang='lat' dir='ltr'>divi-</span> 
     </span>
     <span class='ocr_line' id='line_1_45' title="bbox 955 1559 1612 1601; baseline -0.005 -11"><span class='ocrx_word' id='word_1_258' title='bbox 955 1571 1013 1590; x_wconf 91' lang='lat' dir='ltr'>nus</span> <span class='ocrx_word' id='word_1_259' title='bbox 1031 1571 1097 1590; x_wconf 88' lang='lat' dir='ltr'>esse</span> <span class='ocrx_word' id='word_1_260' title='bbox 1119 1559 1265 1601; x_wconf 89' lang='lat' dir='ltr'>potuerit.</span> <span class='ocrx_word' id='word_1_261' title='bbox 1313 1559 1398 1593; x_wconf 78' lang='lat' dir='ltr'>Quod</span> <span class='ocrx_word' id='word_1_262' title='bbox 1415 1569 1534 1593; x_wconf 74' lang='lat' dir='ltr'>numen,</span> <span class='ocrx_word' id='word_1_263' title='bbox 1549 1563 1612 1588; x_wconf 86' lang='lat' dir='ltr'>etc.</span> 
     </span>
     <span class='ocr_line' id='line_1_46' title="bbox 955 1605 1612 1649; baseline -0.003 -9"><span class='ocrx_word' id='word_1_264' title='bbox 955 1610 1153 1641; x_wconf 84' lang='lat' dir='ltr'>Gubernator</span> <span class='ocrx_word' id='word_1_265' title='bbox 1181 1608 1213 1638; x_wconf 89' lang='lat' dir='ltr'>in</span> <span class='ocrx_word' id='word_1_266' title='bbox 1243 1608 1359 1649; x_wconf 92' lang='lat' dir='ltr'>hymno</span> <span class='ocrx_word' id='word_1_267' title='bbox 1393 1607 1520 1638; x_wconf 89' lang='lat' dir='ltr'>Homeri</span> <span class='ocrx_word' id='word_1_268' title='bbox 1538 1619 1543 1636; x_wconf 90' lang='lat'>:</span> <span class='ocrx_word' id='word_1_269' title='bbox 1569 1605 1612 1638; x_wconf 71' lang='lat' dir='ltr'>”H</span> 
     </span>
     <span class='ocr_line' id='line_1_47' title="bbox 957 1655 1615 1700; baseline -0.003 -11"><span class='ocrx_word' id='word_1_270' title='bbox 957 1659 1016 1700; x_wconf 82' lang='grc' dir='ltr'>γὰρ</span> <span class='ocrx_word' id='word_1_271' title='bbox 1033 1659 1109 1695; x_wconf 82' lang='grc' dir='ltr'><strong><em>Ζεὺς</em></strong></span> <span class='ocrx_word' id='word_1_272' title='bbox 1131 1656 1182 1688; x_wconf 82' lang='grc' dir='ltr'>ὅόε</span> <span class='ocrx_word' id='word_1_273' title='bbox 1204 1655 1232 1698; x_wconf 78' lang='grc' dir='ltr'>γ’</span> <span class='ocrx_word' id='word_1_274' title='bbox 1249 1656 1347 1692; x_wconf 77' lang='grc' dir='ltr'><strong><em>ἐστὶν,</em></strong></span> <span class='ocrx_word' id='word_1_275' title='bbox 1364 1657 1384 1695; x_wconf 85' lang='grc' dir='ltr'>ὴ</span> <span class='ocrx_word' id='word_1_276' title='bbox 1400 1655 1615 1698; x_wconf 77' lang='grc' dir='ltr'>ἀργυρότοξος</span> 
     </span>
     <span class='ocr_line' id='line_1_48' title="bbox 955 1703 1614 1742; baseline -0.005 -4"><span class='ocrx_word' id='word_1_277' title='bbox 955 1706 1147 1742; x_wconf 81' lang='grc' dir='ltr'>Ἀπόλλων,</span> <span class='ocrx_word' id='word_1_278' title='bbox 1177 1705 1229 1736; x_wconf 58' lang='lat' dir='ltr'>’He</span> <span class='ocrx_word' id='word_1_279' title='bbox 1258 1703 1453 1741; x_wconf 78' lang='grc' dir='ltr'>Ποσειδάων,</span> <span class='ocrx_word' id='word_1_280' title='bbox 1481 1705 1550 1735; x_wconf 78' lang='grc' dir='ltr'>ἐπεὶ</span> <span class='ocrx_word' id='word_1_281' title='bbox 1577 1704 1614 1736; x_wconf 85' lang='grc' dir='ltr'>οὐ</span> 
     </span>
     <span class='ocr_line' id='line_1_49' title="bbox 958 1754 1443 1796; baseline -0.008 -9"><span class='ocrx_word' id='word_1_282' title='bbox 958 1757 1103 1794; x_wconf 86' lang='grc' dir='ltr'>Θνητοῖσι</span> <span class='ocrx_word' id='word_1_283' title='bbox 1118 1754 1284 1796; x_wconf 83' lang='grc' dir='ltr'>βροτοῖσιν</span> <span class='ocrx_word' id='word_1_284' title='bbox 1302 1754 1443 1790; x_wconf 78' lang='grc' dir='ltr'>Ε’ίκελος.</span> 
     </span>
    </p>

    <p class='ocr_par' dir='ltr' id='par_1_7' title="bbox 955 1802 1614 2180">
     <span class='ocr_line' id='line_1_50' title="bbox 1000 1802 1612 1843; baseline -0.002 -8"><span class='ocrx_word' id='word_1_285' title='bbox 1000 1805 1073 1836; x_wconf 87' lang='grc'>614,</span> <span class='ocrx_word' id='word_1_286' title='bbox 1091 1805 1152 1834; x_wconf 79' lang='lat' dir='ltr'>Pro</span> <span class='ocrx_word' id='word_1_287' title='bbox 1165 1805 1244 1833; x_wconf 79' lang='lat' dir='ltr'>nobis</span> <span class='ocrx_word' id='word_1_288' title='bbox 1258 1806 1342 1833; x_wconf 79' lang='lat' dir='ltr'>mitte</span> <span class='ocrx_word' id='word_1_289' title='bbox 1353 1802 1499 1843; x_wconf 62' lang='lat' dir='ltr'>precari]</span> <span class='ocrx_word' id='word_1_290' title='bbox 1514 1802 1612 1834; x_wconf 88' lang='lat' dir='ltr'>Acoe-</span> 
     </span>
     <span class='ocr_line' id='line_1_51' title="bbox 957 1852 1611 1894; baseline -0.006 -9"><span class='ocrx_word' id='word_1_291' title='bbox 957 1854 996 1885; x_wconf 84' lang='lat' dir='ltr'>tis</span> <span class='ocrx_word' id='word_1_292' title='bbox 1011 1853 1085 1884; x_wconf 89' lang='lat' dir='ltr'>socii</span> <span class='ocrx_word' id='word_1_293' title='bbox 1101 1858 1247 1894; x_wconf 88' lang='lat' dir='ltr'>putantes</span> <span class='ocrx_word' id='word_1_294' title='bbox 1262 1862 1293 1883; x_wconf 92' lang='lat' dir='ltr'>se</span> <span class='ocrx_word' id='word_1_295' title='bbox 1306 1862 1448 1894; x_wconf 87' lang='lat' dir='ltr'>puerum,</span> <span class='ocrx_word' id='word_1_296' title='bbox 1460 1862 1521 1882; x_wconf 90' lang='lat' dir='ltr'>non</span> <span class='ocrx_word' id='word_1_297' title='bbox 1530 1852 1611 1882; x_wconf 89' lang='lat' dir='ltr'>Bac-</span> 
     </span>
     <span class='ocr_line' id='line_1_52' title="bbox 956 1900 1614 1944; baseline -0.006 -10"><span class='ocrx_word' id='word_1_298' title='bbox 956 1903 1048 1934; x_wconf 88' lang='lat' dir='ltr'>chum</span> <span class='ocrx_word' id='word_1_299' title='bbox 1064 1902 1195 1944; x_wconf 85' lang='lat' dir='ltr'>cepisse,</span> <span class='ocrx_word' id='word_1_300' title='bbox 1209 1912 1270 1932; x_wconf 92' lang='lat' dir='ltr'>non</span> <span class='ocrx_word' id='word_1_301' title='bbox 1286 1900 1376 1931; x_wconf 90' lang='lat' dir='ltr'>modo</span> <span class='ocrx_word' id='word_1_302' title='bbox 1391 1901 1500 1931; x_wconf 88' lang='lat' dir='ltr'>nolunt</span> <span class='ocrx_word' id='word_1_303' title='bbox 1513 1901 1614 1942; x_wconf 91' lang='lat' dir='ltr'>ipsum</span> 
     </span>
     <span class='ocr_line' id='line_1_53' title="bbox 955 1949 1613 1994; baseline -0.003 -11"><span class='ocrx_word' id='word_1_304' title='bbox 955 1952 1086 1994; x_wconf 83' lang='lat' dir='ltr'>precari,</span> <span class='ocrx_word' id='word_1_305' title='bbox 1108 1957 1142 1981; x_wconf 85' lang='lat' dir='ltr'>ut</span> <span class='ocrx_word' id='word_1_306' title='bbox 1159 1950 1216 1981; x_wconf 88' lang='lat' dir='ltr'>sibi</span> <span class='ocrx_word' id='word_1_307' title='bbox 1232 1950 1285 1982; x_wconf 87' lang='lat' dir='ltr'>det</span> <span class='ocrx_word' id='word_1_308' title='bbox 1297 1949 1432 1986; x_wconf 86' lang='lat' dir='ltr'>veniam,</span> <span class='ocrx_word' id='word_1_309' title='bbox 1447 1949 1501 1981; x_wconf 89' lang='lat' dir='ltr'>sed</span> <span class='ocrx_word' id='word_1_310' title='bbox 1516 1950 1613 1981; x_wconf 87' lang='lat' dir='ltr'>Acoe-</span> 
     </span>
     <span class='ocr_line' id='line_1_54' title="bbox 955 1999 1614 2042; baseline -0.003 -11"><span class='ocrx_word' id='word_1_311' title='bbox 955 2001 994 2031; x_wconf 86' lang='lat' dir='ltr'>tis</span> <span class='ocrx_word' id='word_1_312' title='bbox 1010 2010 1135 2042; x_wconf 88' lang='lat' dir='ltr'>quoque</span> <span class='ocrx_word' id='word_1_313' title='bbox 1151 2010 1257 2042; x_wconf 86' lang='lat' dir='ltr'>preces</span> <span class='ocrx_word' id='word_1_314' title='bbox 1272 2009 1354 2039; x_wconf 84' lang='lat' dir='ltr'>aegre</span> <span class='ocrx_word' id='word_1_315' title='bbox 1370 1999 1481 2030; x_wconf 88' lang='lat' dir='ltr'>ferunt.</span> <span class='ocrx_word' id='word_1_316' title='bbox 1511 2000 1614 2035; x_wconf 87' lang='lat' dir='ltr'>Quare</span> 
     </span>
     <span class='ocr_line' id='line_1_55' title="bbox 956 2048 1613 2088; baseline -0.006 -7"><span class='ocrx_word' id='word_1_317' title='bbox 956 2049 1117 2081; x_wconf 83' lang='lat' dir='ltr'>Bacchum</span> <span class='ocrx_word' id='word_1_318' title='bbox 1155 2048 1316 2079; x_wconf 83' lang='lat' dir='ltr'>irridentes</span> <span class='ocrx_word' id='word_1_319' title='bbox 1352 2053 1446 2088; x_wconf 86' lang='lat' dir='ltr'>atque</span> <span class='ocrx_word' id='word_1_320' title='bbox 1475 2053 1613 2079; x_wconf 83' lang='lat' dir='ltr'>contem-</span> 
     </span>
     <span class='ocr_line' id='line_1_56' title="bbox 955 2097 1614 2140; baseline -0.005 -10"><span class='ocrx_word' id='word_1_321' title='bbox 955 2105 1066 2130; x_wconf 86' lang='lat' dir='ltr'>nentes</span> <span class='ocrx_word' id='word_1_322' title='bbox 1099 2098 1130 2129; x_wconf 90' lang='lat' dir='ltr'>in</span> <span class='ocrx_word' id='word_1_323' title='bbox 1164 2097 1326 2140; x_wconf 81' lang='lat' dir='ltr'>delphinos</span> <span class='ocrx_word' id='word_1_324' title='bbox 1354 2107 1460 2127; x_wconf 90' lang='lat' dir='ltr'>omnes</span> <span class='ocrx_word' id='word_1_325' title='bbox 1489 2097 1614 2128; x_wconf 86' lang='lat' dir='ltr'>fuerunt</span> 
     </span>
     <span class='ocr_line' id='line_1_57' title="bbox 956 2147 1107 2180; baseline -0.02 0"><span class='ocrx_word' id='word_1_326' title='bbox 956 2147 1107 2180; x_wconf 87' lang='lat' dir='ltr'>conversi.</span> 
     </span>
    </p>

    <p class='ocr_par' dir='ltr' id='par_1_8' title="bbox 957 2194 1615 2532">
     <span class='ocr_line' id='line_1_58' title="bbox 999 2194 1613 2237; baseline -0.005 -9"><span class='ocrx_word' id='word_1_327' title='bbox 999 2199 1073 2228; x_wconf 82' lang='lat'>615.</span> <span class='ocrx_word' id='word_1_328' title='bbox 1091 2198 1197 2237; x_wconf 69' lang='lat' dir='ltr'>Dictys</span> <span class='ocrx_word' id='word_1_329' title='bbox 1209 2198 1253 2226; x_wconf 78' lang='lat' dir='ltr'>ait</span> <span class='ocrx_word' id='word_1_330' title='bbox 1268 2208 1276 2233; x_wconf 87' lang='lat'>,·</span> <span class='ocrx_word' id='word_1_331' title='bbox 1293 2207 1348 2236; x_wconf 83' lang='lat' dir='ltr'>quo</span> <span class='ocrx_word' id='word_1_332' title='bbox 1362 2207 1431 2231; x_wconf 77' lang='lat' dir='ltr'>mm,</span> <span class='ocrx_word' id='word_1_333' title='bbox 1446 2194 1524 2235; x_wconf 60' lang='grc' dir='ltr'>εἴα]</span> <span class='ocrx_word' id='word_1_334' title='bbox 1540 2195 1613 2225; x_wconf 87' lang='lat' dir='ltr'>Non</span> 
     </span>
     <span class='ocr_line' id='line_1_59' title="bbox 957 2242 1611 2285; baseline -0.005 -9"><span class='ocrx_word' id='word_1_335' title='bbox 957 2246 1042 2276; x_wconf 87' lang='lat' dir='ltr'>nuda</span> <span class='ocrx_word' id='word_1_336' title='bbox 1067 2252 1229 2276; x_wconf 82' lang='lat' dir='ltr'>nautarum</span> <span class='ocrx_word' id='word_1_337' title='bbox 1268 2243 1393 2275; x_wconf 84' lang='lat' dir='ltr'>nomina</span> <span class='ocrx_word' id='word_1_338' title='bbox 1428 2243 1527 2285; x_wconf 88' lang='lat' dir='ltr'>ponit,</span> <span class='ocrx_word' id='word_1_339' title='bbox 1557 2242 1611 2274; x_wconf 85' lang='lat' dir='ltr'>sed</span> 
     </span>
     <span class='ocr_line' id='line_1_60' title="bbox 957 2292 1615 2337; baseline -0.006 -11"><span class='ocrx_word' id='word_1_340' title='bbox 957 2295 1090 2337; x_wconf 83' lang='lat' dir='ltr'>aspergit</span> <span class='ocrx_word' id='word_1_341' title='bbox 1119 2294 1238 2336; x_wconf 85' lang='lat' dir='ltr'>aliquid</span> <span class='ocrx_word' id='word_1_342' title='bbox 1271 2294 1309 2324; x_wconf 89' lang='lat' dir='ltr'>de</span> <span class='ocrx_word' id='word_1_343' title='bbox 1337 2293 1526 2334; x_wconf 83' lang='lat' dir='ltr'>singulorum</span> <span class='ocrx_word' id='word_1_344' title='bbox 1555 2292 1615 2322; x_wconf 87' lang='lat' dir='ltr'>vir-</span> 
     </span>
     <span class='ocr_line' id='line_1_61' title="bbox 959 2341 1614 2384; baseline -0.006 -9"><span class='ocrx_word' id='word_1_345' title='bbox 959 2344 1087 2375; x_wconf 86' lang='lat' dir='ltr'>tutibus.</span> <span class='ocrx_word' id='word_1_346' title='bbox 1125 2344 1232 2384; x_wconf 78' lang='lat' dir='ltr'>Dictys</span> <span class='ocrx_word' id='word_1_347' title='bbox 1247 2342 1392 2373; x_wconf 81' lang='lat' dir='ltr'>laudatur</span> <span class='ocrx_word' id='word_1_348' title='bbox 1407 2342 1446 2372; x_wconf 92' lang='lat' dir='ltr'>ab</span> <span class='ocrx_word' id='word_1_349' title='bbox 1462 2341 1614 2382; x_wconf 85' lang='lat' dir='ltr'>agilitate,</span> 
     </span>
     <span class='ocr_line' id='line_1_62' title="bbox 958 2391 1615 2435; baseline -0.005 -11"><span class='ocrx_word' id='word_1_350' title='bbox 958 2404 1021 2435; x_wconf 81' lang='lat' dir='ltr'>qua</span> <span class='ocrx_word' id='word_1_351' title='bbox 1037 2393 1188 2424; x_wconf 84' lang='lat' dir='ltr'>excellere</span> <span class='ocrx_word' id='word_1_352' title='bbox 1209 2392 1296 2423; x_wconf 89' lang='lat' dir='ltr'>laudi</span> <span class='ocrx_word' id='word_1_353' title='bbox 1313 2392 1484 2422; x_wconf 86' lang='lat' dir='ltr'>ducebatur</span> <span class='ocrx_word' id='word_1_354' title='bbox 1500 2391 1615 2421; x_wconf 83' lang='lat' dir='ltr'>nautis.</span> 
     </span>
     <span class='ocr_line' id='line_1_63' title="bbox 958 2439 1613 2482; baseline -0.005 -10"><span class='ocrx_word' id='word_1_355' title='bbox 958 2444 982 2472; x_wconf 83' lang='grc' dir='ltr'><em>Α</em></span> <span class='ocrx_word' id='word_1_356' title='bbox 988 2449 1115 2478; x_wconf 64' lang='lat' dir='ltr'>vitemur,</span> <span class='ocrx_word' id='word_1_357' title='bbox 1126 2442 1211 2482; x_wconf 84' lang='lat' dir='ltr'>ligna</span> <span class='ocrx_word' id='word_1_358' title='bbox 1220 2441 1278 2472; x_wconf 86' lang='lat' dir='ltr'>illa</span> <span class='ocrx_word' id='word_1_359' title='bbox 1289 2447 1462 2471; x_wconf 80' lang='lat' dir='ltr'>transversa</span> <span class='ocrx_word' id='word_1_360' title='bbox 1473 2439 1505 2469; x_wconf 90' lang='lat' dir='ltr'>in</span> <span class='ocrx_word' id='word_1_361' title='bbox 1520 2439 1613 2476; x_wconf 86' lang='lat' dir='ltr'>malo,</span> 
     </span>
     <span class='ocr_line' id='line_1_64' title="bbox 958 2489 1378 2532; baseline -0.007 -10"><span class='ocrx_word' id='word_1_362' title='bbox 958 2492 1041 2522; x_wconf 88' lang='lat' dir='ltr'>unde</span> <span class='ocrx_word' id='word_1_363' title='bbox 1057 2491 1286 2532; x_wconf 88' lang='lat' dir='ltr'>suspenduntur</span> <span class='ocrx_word' id='word_1_364' title='bbox 1299 2489 1378 2520; x_wconf 84' lang='lat' dir='ltr'>vela.</span> 
     </span>
    </p>

    <p class='ocr_par' dir='ltr' id='par_1_9' title="bbox 954 2537 1614 2768">
     <span class='ocr_line' id='line_1_65' title="bbox 999 2537 1614 2580; baseline -0.003 -10"><span class='ocrx_word' id='word_1_365' title='bbox 999 2540 1075 2570; x_wconf 84' lang='lat'>617.</span> <span class='ocrx_word' id='word_1_366' title='bbox 1101 2540 1222 2575; x_wconf 77' lang='lat' dir='ltr'>Flavus,</span> <span class='ocrx_word' id='word_1_367' title='bbox 1239 2539 1291 2580; x_wconf 89' lang='lat' dir='ltr'>qui</span> <span class='ocrx_word' id='word_1_368' title='bbox 1314 2538 1409 2568; x_wconf 84' lang='lat' dir='ltr'>habet</span> <span class='ocrx_word' id='word_1_369' title='bbox 1427 2537 1533 2573; x_wconf 84' lang='lat' dir='ltr'>flavos,</span> <span class='ocrx_word' id='word_1_370' title='bbox 1549 2537 1570 2567; x_wconf 91' lang='lat' dir='ltr'>i.</span> <span class='ocrx_word' id='word_1_371' title='bbox 1586 2548 1614 2568; x_wconf 88' lang='lat' dir='ltr'>e.</span> 
     </span>
     <span class='ocr_line' id='line_1_66' title="bbox 954 2585 1614 2630; baseline -0.005 -12"><span class='ocrx_word' id='word_1_372' title='bbox 954 2589 1098 2630; x_wconf 88' lang='lat' dir='ltr'>pulchros</span> <span class='ocrx_word' id='word_1_373' title='bbox 1132 2587 1272 2630; x_wconf 87' lang='lat' dir='ltr'>capillos,</span> <span class='ocrx_word' id='word_1_374' title='bbox 1301 2586 1340 2617; x_wconf 89' lang='lat' dir='ltr'>de</span> <span class='ocrx_word' id='word_1_375' title='bbox 1370 2586 1482 2627; x_wconf 89' lang='lat' dir='ltr'>quibus</span> <span class='ocrx_word' id='word_1_376' title='bbox 1512 2585 1550 2616; x_wconf 86' lang='lat' dir='ltr'>ad</span> <span class='ocrx_word' id='word_1_377' title='bbox 1581 2585 1614 2616; x_wconf 88' lang='lat' dir='ltr'>ii.</span> 
     </span>
     <span class='ocr_line' id='line_1_67' title="bbox 956 2633 1612 2672; baseline -0.003 -5"><span class='ocrx_word' id='word_1_378' title='bbox 956 2639 1018 2668; x_wconf 78' lang='lat'>319</span> <span class='ocrx_word' id='word_1_379' title='bbox 1047 2643 1078 2667; x_wconf 87' lang='lat' dir='ltr'>et</span> <span class='ocrx_word' id='word_1_380' title='bbox 1104 2638 1176 2667; x_wconf 74' lang='lat'><strong>749.</strong></span> <span class='ocrx_word' id='word_1_381' title='bbox 1220 2635 1270 2666; x_wconf 81' lang='lat' dir='ltr'>Sic</span> <span class='ocrx_word' id='word_1_382' title='bbox 1297 2636 1417 2672; x_wconf 78' lang='grc' dir='ltr'><em>ξανθὸς</em></span> <span class='ocrx_word' id='word_1_383' title='bbox 1446 2633 1612 2672; x_wconf 81' lang='grc' dir='ltr'>Μενέλαος</span> 
     </span>
     <span class='ocr_line' id='line_1_68' title="bbox 955 2683 1611 2728; baseline -0.006 -11"><span class='ocrx_word' id='word_1_384' title='bbox 955 2687 1039 2728; x_wconf 85' lang='lat' dir='ltr'>apud</span> <span class='ocrx_word' id='word_1_385' title='bbox 1065 2687 1193 2716; x_wconf 87' lang='lat' dir='ltr'>Homer.</span> <span class='ocrx_word' id='word_1_386' title='bbox 1230 2686 1293 2716; x_wconf 80' lang='lat' dir='ltr'>Cui·</span> <span class='ocrx_word' id='word_1_387' title='bbox 1317 2690 1418 2716; x_wconf 87' lang='lat' dir='ltr'>autem</span> <span class='ocrx_word' id='word_1_388' title='bbox 1439 2683 1611 2725; x_wconf 83' lang='lat' dir='ltr'>pulchritu—</span> 
     </span>
     <span class='ocr_line' id='line_1_69' title="bbox 956 2732 1612 2768; baseline -0.003 -4"><span class='ocrx_word' id='word_1_389' title='bbox 956 2736 1058 2766; x_wconf 86' lang='lat' dir='ltr'>dinem</span> <span class='ocrx_word' id='word_1_390' title='bbox 1086 2735 1116 2765; x_wconf 91' lang='lat' dir='ltr'>in</span> <span class='ocrx_word' id='word_1_391' title='bbox 1141 2735 1197 2765; x_wconf 85' lang='lat' dir='ltr'>hoc</span> <span class='ocrx_word' id='word_1_392' title='bbox 1221 2739 1318 2764; x_wconf 78' lang='lat' dir='ltr'>nauta</span> <span class='ocrx_word' id='word_1_393' title='bbox 1341 2732 1527 2768; x_wconf 79' lang='lat' dir='ltr'>laudaverit,</span> <span class='ocrx_word' id='word_1_394' title='bbox 1551 2742 1612 2763; x_wconf 90' lang='lat' dir='ltr'>non</span> 
     </span>
    </p>
   </div>
  </div>
 </body>
</html>
