1763 3181
207 186 295 227 244
600 186 650 226 Ρ.
685 184 895 226 OVIDII
932 183 1210 224 NASONIS

210 303 336 350 Inde
358 303 480 349 latet
505 300 667 356 silvis;
698 300 936 362 nulloque
962 298 1010 345 in
1036 305 1204 345 monte
1229 297 1447 351 videtur;
1499 299 1597 343 400

213 379 459 427 Omnibus
482 377 679 424 auditur
705 391 714 421 :
754 391 903 423 sonus
929 382 1022 429 est,
1050 374 1136 437 qui
1160 373 1277 420 vivit
1303 373 1351 419 in
1376 373 1476 420 illa.

278 456 361 503 Sic
387 455 532 509 hanc,
561 454 631 500 sic
652 453 789 507 alias,
818 451 964 498 undis
991 458 1076 498 aut
1100 450 1349 496 montibus
1376 456 1526 504 ortas,

211 532 422 580 Luserat
441 531 520 578 hic
548 529 841 593 Nymphas3
883 527 954 574 sic
980 534 1138 574 coetus
1163 533 1280 573 ante
1305 526 1485 573 viriles.

212 609 337 656 Inde
362 624 536 655 manus
563 606 743 669 aliquis
770 606 1038 667 despectus
1065 603 1127 650 ad
1153 603 1338 650 aethera
1362 603 1560 657 tollens,

213 691 244 709 “
274 685 357 732 Sic
378 691 512 732 amet
530 683 623 731 iste
643 682 776 737 licet,
799 682 869 728 sic
896 697 995 728 non
1015 680 1235 744 potiatur
1251 688 1414 727 amato
1433 680 1474 726 Γ
1500 683 1596 726 405

213 762 423 810 Dixerat
445 778 454 808 :
495 760 710 807 assensit
734 758 968 823 precibus
995 757 1306 804 Rhamnusia
1321 757 1488 820 justis.

277 839 409 886 Fons
435 846 540 885 erat
565 837 748 892 illimis,
775 836 945 883 nitidis
972 841 1235 897 argenteus
1260 834 1423 889 undis,

212 915 374 970 Quem
399 931 563 978 neque
584 922 826 978 pastores,
845 929 1010 977 neque
1031 920 1187 976 pastae
1203 920 1370 959 monte
1390 911 1596 974 capellae

214 992 556 1055 Contigerant,
581 991 775 1039 aliudve
801 1006 954 1054 pecus
977 1009 987 1047 ;
1030 1005 1179 1052 quem
1211 990 1347 1036 nulla
1368 988 1597 1043 volucris,

211 1069 320 1117 Nec
342 1069 445 1117 fera
459 1069 696 1124 turbarat,
714 1084 806 1116 nec
827 1069 998 1132 lapsus
1018 1068 1080 1114 ab
1104 1067 1277 1114 arbore
1293 1082 1474 1114 ramus.
1500 1067 1599 1112 410

214 1147 433 1194 Gramen
459 1154 564 1194 erat
587 1147 734 1202 circa,
759 1146 894 1209 quod
919 1138 1176 1210 proximus
1202 1144 1378 1190 humor
1403 1143 1594 1196 alebat;

214 1225 466 1288 Silvaque,
494 1225 597 1271 sole
621 1224 785 1270 lacum
809 1239 1017 1287 passura
1039 1229 1298 1285 tepescere
1323 1220 1476 1267 nullo.

210 1300 308 1348 Hic
333 1318 471 1366 puer,
500 1309 550 1349 et
574 1301 738 1348 studio
763 1300 977 1349 venandi
1001 1300 1161 1347 lassus
1187 1306 1238 1346 et
1262 1305 1403 1354 aestu,

210 1378 512 1436 Procubuit3
552 1378 832 1442 faciemque
863 1378 976 1434 loci,
1002 1377 1294 1439 fontemque
1318 1382 1590 1438 sequutus;

256 1555 329 1585 403.
346 1555 475 1591 Ludere,
491 1554 626 1586 ludibrio
641 1555 768 1593 habere,
786 1566 870 1597 sper-

212 1614 296 1635 nere.
308 1604 411 1635 Tibul.
428 1605 454 1635 Ι.
465 1604 530 1635 viii.
546 1605 583 1634 71
598 1617 605 1634 :
633 1605 694 1635 Hic
711 1604 874 1636 Marathus

213 1655 359 1693 quondam
375 1655 490 1684 miseros
507 1654 627 1685 ludebat
639 1661 781 1684 amantes.
813 1655 873 1685 Ne-

212 1704 290 1732 scius
320 1704 444 1733 ultorem
469 1709 533 1743 post
562 1709 653 1743 caput
677 1714 734 1733 esse
763 1703 873 1734 Deum.

212 1751 393 1792 Superbiam
420 1751 503 1783 enim
527 1752 615 1783 illam
639 1751 741 1783 odisse
766 1752 873 1782 crede-

213 1800 327 1831 bantur
344 1801 409 1831 Dii.
446 1800 528 1831 Ibid.
539 1802 600 1831 69:
627 1802 775 1836 Oderunt,
796 1801 873 1831 Pho-

215 1849 268 1885 loe,
284 1850 537 1892 mone0,fastidia
554 1850 638 1881 Divi.
674 1850 710 1880 In
728 1849 764 1880 iis
781 1850 875 1891 potis-

214 1896 326 1928 simum
342 1898 498 1935 Nemesis,
520 1899 609 1940 cujus
632 1898 873 1941 pulcherrimum

213 1946 337 1988 signum
352 1954 419 1978 erat
431 1948 652 1978 Rhamnusium
667 1959 761 1990 prope
773 1948 873 1979 Athe-

214 2005 289 2026 nas:
314 1995 385 2027 vide
410 1996 542 2028 Herder.
561 1996 595 2027 in
614 1997 693 2028 libro
714 2004 875 2028 :erstreute

215 2045 364 2081 Blaetter,
388 2045 477 2077 Fasc.
501 2046 548 2076 ΙΙ.
575 2045 609 2076 ii.
630 2047 661 2076 4.
699 2046 796 2082 Licet,
820 2057 874 2088 pro

214 2093 317 2136 cupio,
332 2094 435 2126 locum
450 2094 545 2126 habet
559 2095 591 2126 in
606 2095 761 2138 precibus.
795 2096 872 2126 Hor.

213 2144 278 2175 III.
293 2143 357 2175 Od.
371 2144 467 2175 xxvii.
485 2146 535 2175 13.
550 2146 587 2175 sis
604 2144 771 2186 licet—felir.
807 2145 872 2176 No—

215 2193 270 2224 stri
286 2193 392 2235 Regii,
409 2196 542 2224 assensit.

260 2243 335 2273 407.
360 2242 438 2272 Fons
463 2242 518 2273 ille
547 2249 613 2273 erat
641 2241 674 2273 in
700 2242 872 2284 Thespien-

215 2291 296 2322 sium
320 2291 446 2327 finibus,
466 2291 630 2323 Pausaniae
653 2291 756 2323 adhuc
781 2298 874 2323 aetate

216 2340 355 2372 Narcissi
371 2351 484 2371 nomen
502 2352 622 2382 gerens.
659 2340 794 2372 Claritas
808 2341 875 2383 ejus

216 2395 249 2421 et
262 2392 381 2432 puritas
397 2390 428 2421 h.
443 2390 468 2421 Ι.
489 2397 626 2432 urgetur,
643 2391 716 2432 quia
729 2390 773 2422 sic
788 2396 876 2422 tanto

217 2438 317 2481 magis
340 2439 469 2470 formam
490 2439 577 2481 pueri
597 2439 724 2471 reddere
741 2445 874 2481 poterat.

218 2490 398 2529 Argenteus,
413 2488 610 2529 pellucidus:
635 2487 790 2531 ἀργύρεοι
813 2500 872 2519 πο-

218 2537 315 2578 ταμοὶ
337 2542 390 2568 aut
405 2537 513 2578 πηγαὶ
527 2537 622 2568 etiam
638 2537 722 2579 apud
737 2538 876 2568 Graecos.

219 2587 355 2621 Nitidus,
380 2586 421 2616 nil
450 2585 509 2617 nisi
535 2586 647 2617 clarus.
684 2586 787 2617 Etiam
809 2586 875 2617 He-

216 2635 295 2667 roid.
326 2646 378 2666 xv.
412 2636 480 2667 157.
509 2637 625 2666 nitidus
641 2637 726 2678 sons.
781 2636 875 2670 Quem

217 2696 309 2726 neque
329 2691 468 2723 pastores,
483 2691 544 2716 etc.
568 2684 636 2715 fons
659 2684 752 2727 plane
775 2684 874 2715 intac-

217 2740 268 2765 tus
282 2746 288 2763 2
310 2734 517 2775 integerjbns,
532 2734 657 2764 Lucret.
670 2733 690 2764 i.
707 2734 769 2764 925
783 2745 791 2771 ;
808 2734 872 2764 Ho-

940 1561 997 1585 rat.
1013 1553 1042 1584 Ι.
1059 1552 1122 1584 Od.
1136 1552 1220 1582 xxvi.
1236 1553 1267 1583 6.
1306 1551 1420 1581 Monte.
1444 1550 1510 1580 Aut
1525 1550 1599 1580 sub-

940 1602 1123 1644 intelligitur
1149 1604 1179 1631 in
1209 1600 1310 1642 (quod
1332 1599 1519 1630 vocabulum
1545 1598 1600 1629 ha-

939 1653 1016 1683 bent
1039 1651 1181 1694 plerique
1205 1657 1236 1681 et
1257 1649 1404 1680 omittunt
1424 1647 1518 1679 nostri
1536 1647 1599 1679 Re-

940 1701 1012 1742 gii)
1043 1706 1097 1732 aut
1126 1711 1205 1730 mons
1239 1709 1321 1730 nunc
1359 1703 1406 1729 est
1442 1697 1538 1728 herba
1566 1697 1599 1728 in

941 1758 1044 1782 monte
1058 1762 1067 1788 3
1084 1750 1153 1781 vide
1170 1750 1397 1780 Burmannum.
1431 1747 1531 1777 Lacus
1546 1759 1599 1778 vo-

941 1808 1030 1832 catur
1045 1806 1076 1831 et
1092 1810 1181 1830 versu
1197 1800 1270 1830 500.
1305 1799 1384 1828 Eum
1400 1797 1511 1838 frigore
1527 1807 1598 1828 sua-

941 1861 1011 1881 vem
1034 1849 1208 1880 describere
1224 1847 1344 1885 voluit3
1367 1846 1422 1878 sed
1443 1847 1493 1877 hic
1509 1853 1600 1887 tepes-

941 1910 1006 1930 cere
1030 1898 1186 1940 displicet,
1207 1897 1282 1939 quia
1306 1904 1388 1937 tepor
1415 1902 1521 1937 gratus
1543 1903 1601 1928 est.

941 1948 1059 1978 Melius
1084 1948 1194 1978 Horat.
1208 1947 1254 1977 H.
1269 1945 1332 1978 Od.
1350 1957 1400 1976 xv.
1418 1947 1458 1976 9:
1486 1945 1600 1977 Ezclu·

941 1999 988 2028 dit
1010 1999 1086 2028 ictus
1099 1996 1239 2038 fervidos
1264 1998 1352 2036 spissa
1373 1997 1462 2026 ramis
1482 1996 1599 2026 laurea.

939 2046 1089 2078 Similiter
1103 2046 1184 2076 infra
1199 2057 1228 2077 v.
1244 2047 1318 2076 389.

984 2096 1057 2125 414.
1074 2095 1217 2135 Sequitur
1231 2095 1333 2125 locum
1349 2093 1386 2129 is,
1400 2093 1454 2135 qui
1467 2094 1598 2125 amoeni-

941 2149 1007 2175 tate
1026 2144 1093 2186 ejus
1114 2143 1246 2174 allectus
1266 2153 1337 2174 eum
1362 2143 1441 2174 adit.
1480 2142 1551 2173 Cic.
1568 2143 1600 2173 ii.

939 2194 1038 2235 Legg.
1064 2195 1100 2223 l:
1133 2193 1224 2223 Hanc
1248 2194 1446 2223 amenitatem
1474 2192 1529 2223 loci
1554 2203 1599 2222 se-

940 2254 1024 2283 quor.
1059 2243 1167 2273 Potest
1184 2247 1287 2272 tamen
1303 2247 1443 2281 sequutus
1456 2246 1487 2271 et
1501 2240 1601 2282 expli-

941 2292 1016 2327 cari.
1036 2291 1188 2334 impulsus
1212 2290 1303 2325 facie,
1326 2296 1450 2332 propter
1474 2289 1599 2321 faciem.

945 2339 1027 2370 Plin.
1047 2351 1078 2370 x.
1098 2340 1157 2382 Ep.
1173 2341 1227 2371 94.
1248 2351 1340 2370 mores
1361 2342 1426 2379 ejus
1448 2346 1601 2380 sequutus.

942 2389 1016 2420 Non
1036 2389 1176 2432 ineptum
1193 2390 1295 2420 lusum
1317 2388 1450 2431 praebuit
1464 2388 1600 2419 vocabu-

941 2438 1007 2470 lum
1034 2441 1111 2475 sitis,
1139 2439 1222 2481 quod
1249 2445 1281 2469 et
1305 2438 1345 2469 de
1371 2437 1602 2469 vehementiore

942 2488 1083 2530 appetitu
1109 2488 1233 2520 dicitur.
1270 2489 1389 2523 Altera,
1415 2487 1489 2522 alia,
1520 2486 1602 2517 alius

942 2537 1074 2578 generis.
1121 2538 1270 2579 Imagine,
1305 2547 1406 2567 amore
1443 2535 1601 2576 imaginis.

942 2586 1046 2628 Imago
1061 2593 1164 2618 autem
1169 2589 1279 2628 sarmae
1294 2586 1314 2616 i.
1326 2596 1358 2627 q.
1369 2586 1490 2620 umbra,
1505 2595 1600 2626 quarn

940 2646 995 2677 per
1018 2646 1142 2666 omnem
1166 2635 1199 2666 h.
1215 2635 1237 2665 l.
1259 2634 1352 2666 valde
1372 2633 1515 2665 variavit.
1562 2634 1599 2664 In

940 2685 1042 2716 verbis
1064 2695 1140 2725 spem
1159 2687 1222 2716 sine
1245 2695 1364 2725 corpore
1387 2690 1467 2715 amat
1487 2683 1601 2714 frustra

940 2733 1095 2765 haeserunt
1105 2735 1302 2776 Interpretes.
1326 2732 1518 2774 Intelligitur
1529 2742 1597 2763 um-
