<?xml version="1.0" encoding="UTF-8"?>
<!DOCTYPE html PUBLIC "-//W3C//DTD XHTML 1.0 Transitional//EN"
    "http://www.w3.org/TR/xhtml1/DTD/xhtml1-transitional.dtd">
<html xmlns="http://www.w3.org/1999/xhtml" xml:lang="en" lang="en">
 <head>
  <title>
</title>
<meta http-equiv="Content-Type" content="text/html;charset=utf-8" />
  <meta name='ocr-system' content='tesseract 3.04.00' />
  <meta name='ocr-capabilities' content='ocr_page ocr_carea ocr_par ocr_line ocrx_word'/>
</head>
<body>
  <div class='ocr_page' id='page_1' title='image "./povidiinasonisop03oviduoft_0295.png"; bbox 0 0 1763 3181; ppageno 0'>
   <div class='ocr_carea' id='block_1_1' title="bbox 405 180 1292 224">
    <p class='ocr_par' dir='ltr' id='par_1_1' title="bbox 405 180 1292 224">
     <span class='ocr_line' id='line_1_1' title="bbox 405 180 1292 224; baseline -0.003 0"><span class='ocrx_word' id='word_1_1' title='bbox 405 180 1025 224; x_wconf 86' lang='lat' dir='ltr'>METAMORPHOSEON</span> <span class='ocrx_word' id='word_1_2' title='bbox 1058 180 1177 222; x_wconf 87' lang='lat' dir='ltr'>LIB.</span> <span class='ocrx_word' id='word_1_3' title='bbox 1211 180 1292 222; x_wconf 91' lang='lat' dir='ltr'>IV.</span> 
     </span>
    </p>
   </div>
   <div class='ocr_carea' id='block_1_2' title="bbox 1458 180 1544 223">
    <p class='ocr_par' dir='ltr' id='par_1_2' title="bbox 1458 180 1544 223">
     <span class='ocr_line' id='line_1_2' title="bbox 1458 180 1544 223; baseline 0.012 -1"><span class='ocrx_word' id='word_1_4' title='bbox 1458 180 1544 223; x_wconf 75' lang='lat'>285</span> 
     </span>
    </p>
   </div>
   <div class='ocr_carea' id='block_1_3' title="bbox 159 296 1541 669">
    <p class='ocr_par' dir='ltr' id='par_1_3' title="bbox 159 296 1541 669">
     <span class='ocr_line' id='line_1_3' title="bbox 161 296 1374 362; baseline 0 -18"><span class='ocrx_word' id='word_1_5' title='bbox 161 296 394 346; x_wconf 84' lang='lat' dir='ltr'>Excidit:</span> <span class='ocrx_word' id='word_1_6' title='bbox 435 298 687 362; x_wconf 89' lang='lat' dir='ltr'>extemplo</span> <span class='ocrx_word' id='word_1_7' title='bbox 713 297 921 360; x_wconf 81' lang='lat' dir='ltr'>graciles</span> <span class='ocrx_word' id='word_1_8' title='bbox 947 313 1011 344; x_wconf 85' lang='lat' dir='ltr'>ex</span> <span class='ocrx_word' id='word_1_9' title='bbox 1037 313 1132 344; x_wconf 87' lang='lat' dir='ltr'>aere</span> <span class='ocrx_word' id='word_1_10' title='bbox 1157 303 1374 352; x_wconf 87' lang='lat' dir='ltr'>catenas,</span> 
     </span>
     <span class='ocr_line' id='line_1_4' title="bbox 162 373 1520 438; baseline -0.001 -17"><span class='ocrx_word' id='word_1_11' title='bbox 162 373 428 438; x_wconf 89' lang='lat' dir='ltr'>Retiaque,</span> <span class='ocrx_word' id='word_1_12' title='bbox 451 382 502 423; x_wconf 91' lang='lat' dir='ltr'>et</span> <span class='ocrx_word' id='word_1_13' title='bbox 525 375 748 438; x_wconf 79' lang='lat' dir='ltr'>laqueOS,</span> <span class='ocrx_word' id='word_1_14' title='bbox 772 390 881 437; x_wconf 86' lang='lat' dir='ltr'>quae</span> <span class='ocrx_word' id='word_1_15' title='bbox 908 373 1095 422; x_wconf 89' lang='lat' dir='ltr'>lumina</span> <span class='ocrx_word' id='word_1_16' title='bbox 1118 374 1287 421; x_wconf 88' lang='lat' dir='ltr'>fallere</span> <span class='ocrx_word' id='word_1_17' title='bbox 1313 373 1520 438; x_wconf 85' lang='lat' dir='ltr'>possint,</span> 
     </span>
     <span class='ocr_line' id='line_1_5' title="bbox 159 450 1346 517; baseline 0.001 -20"><span class='ocrx_word' id='word_1_18' title='bbox 159 450 373 500; x_wconf 88' lang='lat' dir='ltr'>Elimat:</span> <span class='ocrx_word' id='word_1_19' title='bbox 412 468 510 499; x_wconf 91' lang='lat' dir='ltr'>non</span> <span class='ocrx_word' id='word_1_20' title='bbox 534 451 654 497; x_wconf 88' lang='lat' dir='ltr'>illud</span> <span class='ocrx_word' id='word_1_21' title='bbox 681 467 805 514; x_wconf 87' lang='lat' dir='ltr'>opus</span> <span class='ocrx_word' id='word_1_22' title='bbox 830 450 1124 517; x_wconf 84' lang='lat' dir='ltr'>tenuissima</span> <span class='ocrx_word' id='word_1_23' title='bbox 1146 451 1346 498; x_wconf 84' lang='lat' dir='ltr'>vincant</span> 
     </span>
     <span class='ocr_line' id='line_1_6' title="bbox 160 528 1505 591; baseline 0 -16"><span class='ocrx_word' id='word_1_24' title='bbox 160 528 386 576; x_wconf 82' lang='lat' dir='ltr'>Stamina</span> <span class='ocrx_word' id='word_1_25' title='bbox 401 547 412 587; x_wconf 83' lang='lat'><em>3</em></span> <span class='ocrx_word' id='word_1_26' title='bbox 453 544 551 575; x_wconf 90' lang='lat' dir='ltr'>non</span> <span class='ocrx_word' id='word_1_27' title='bbox 577 544 769 574; x_wconf 89' lang='lat' dir='ltr'>summo</span> <span class='ocrx_word' id='word_1_28' title='bbox 795 543 905 590; x_wconf 79' lang='lat' dir='ltr'>quae</span> <span class='ocrx_word' id='word_1_29' title='bbox 926 528 1113 591; x_wconf 81' lang='lat' dir='ltr'><strong>pendet</strong></span> <span class='ocrx_word' id='word_1_30' title='bbox 1137 544 1316 575; x_wconf 89' lang='lat' dir='ltr'>aranea</span> <span class='ocrx_word' id='word_1_31' title='bbox 1339 528 1505 590; x_wconf 82' lang='lat' dir='ltr'>tigno:</span> 
     </span>
     <span class='ocr_line' id='line_1_7' title="bbox 160 604 1541 669; baseline -0.001 -18"><span class='ocrx_word' id='word_1_32' title='bbox 160 604 332 668; x_wconf 91' lang='lat' dir='ltr'>thue</span> <span class='ocrx_word' id='word_1_33' title='bbox 356 606 488 653; x_wconf 88' lang='lat' dir='ltr'>leves</span> <span class='ocrx_word' id='word_1_34' title='bbox 514 612 675 652; x_wconf 86' lang='lat' dir='ltr'>tactus</span> <span class='ocrx_word' id='word_1_35' title='bbox 701 612 1053 668; x_wconf 84' lang='lat' dir='ltr'>momentaque</span> <span class='ocrx_word' id='word_1_36' title='bbox 1077 622 1227 669; x_wconf 86' lang='lat' dir='ltr'>parva</span> <span class='ocrx_word' id='word_1_37' title='bbox 1255 611 1541 669; x_wconf 89' lang='lat' dir='ltr'>sequantur,</span> 
     </span>
    </p>
   </div>
   <div class='ocr_carea' id='block_1_4' title="bbox 158 679 1317 747">
    <p class='ocr_par' dir='ltr' id='par_1_4' title="bbox 158 679 1317 747">
     <span class='ocr_line' id='line_1_8' title="bbox 158 679 1317 747; baseline 0.003 -20"><span class='ocrx_word' id='word_1_38' title='bbox 158 679 322 728; x_wconf 89' lang='lat' dir='ltr'>Efficit</span> <span class='ocrx_word' id='word_1_39' title='bbox 342 700 352 739; x_wconf 85' lang='lat'>;</span> <span class='ocrx_word' id='word_1_40' title='bbox 393 689 443 729; x_wconf 90' lang='lat' dir='ltr'>et</span> <span class='ocrx_word' id='word_1_41' title='bbox 465 682 594 729; x_wconf 91' lang='lat' dir='ltr'>lecto</span> <span class='ocrx_word' id='word_1_42' title='bbox 620 681 927 729; x_wconf 86' lang='lat' dir='ltr'>circumdata</span> <span class='ocrx_word' id='word_1_43' title='bbox 951 683 1161 729; x_wconf 87' lang='lat' dir='ltr'>collocat</span> <span class='ocrx_word' id='word_1_44' title='bbox 1185 690 1317 747; x_wconf 87' lang='lat' dir='ltr'>apte.</span> 
     </span>
    </p>
   </div>
   <div class='ocr_carea' id='block_1_5' title="bbox 1451 684 1537 730">
    <p class='ocr_par' dir='ltr' id='par_1_5' title="bbox 1451 684 1537 730">
     <span class='ocr_line' id='line_1_9' title="bbox 1451 684 1537 730; baseline -0.023 0"><span class='ocrx_word' id='word_1_45' title='bbox 1451 684 1537 730; x_wconf 92' lang='lat'>181</span> 
     </span>
    </p>
   </div>
   <div class='ocr_carea' id='block_1_6' title="bbox 155 757 1405 977">
    <p class='ocr_par' dir='ltr' id='par_1_6' title="bbox 155 757 1405 977">
     <span class='ocr_line' id='line_1_10' title="bbox 159 757 1388 822; baseline 0.001 -18"><span class='ocrx_word' id='word_1_46' title='bbox 159 757 230 805; x_wconf 84' lang='lat' dir='ltr'>Ut</span> <span class='ocrx_word' id='word_1_47' title='bbox 254 775 431 807; x_wconf 89' lang='lat' dir='ltr'>venere</span> <span class='ocrx_word' id='word_1_48' title='bbox 453 766 615 807; x_wconf 89' lang='lat' dir='ltr'>torum</span> <span class='ocrx_word' id='word_1_49' title='bbox 641 760 826 822; x_wconf 86' lang='lat' dir='ltr'>conjux</span> <span class='ocrx_word' id='word_1_50' title='bbox 852 766 902 806; x_wconf 88' lang='lat' dir='ltr'>et</span> <span class='ocrx_word' id='word_1_51' title='bbox 927 759 1121 807; x_wconf 77' lang='lat' dir='ltr'>adulter</span> <span class='ocrx_word' id='word_1_52' title='bbox 1145 760 1194 806; x_wconf 90' lang='lat' dir='ltr'>in</span> <span class='ocrx_word' id='word_1_53' title='bbox 1219 776 1388 815; x_wconf 88' lang='lat' dir='ltr'>unum,</span> 
     </span>
     <span class='ocr_line' id='line_1_11' title="bbox 155 835 1296 901; baseline 0.002 -19"><span class='ocrx_word' id='word_1_54' title='bbox 155 835 277 884; x_wconf 90' lang='lat' dir='ltr'>Arte</span> <span class='ocrx_word' id='word_1_55' title='bbox 300 837 404 894; x_wconf 88' lang='lat' dir='ltr'>viri,</span> <span class='ocrx_word' id='word_1_56' title='bbox 431 837 705 900; x_wconf 89' lang='lat' dir='ltr'>vinclisque</span> <span class='ocrx_word' id='word_1_57' title='bbox 730 853 857 883; x_wconf 87' lang='lat' dir='ltr'>nova</span> <span class='ocrx_word' id='word_1_58' title='bbox 881 836 1071 884; x_wconf 88' lang='lat' dir='ltr'>ratione</span> <span class='ocrx_word' id='word_1_59' title='bbox 1096 837 1296 901; x_wconf 86' lang='lat' dir='ltr'>paratis,</span> 
     </span>
     <span class='ocr_line' id='line_1_12' title="bbox 156 912 1405 977; baseline 0.002 -19"><span class='ocrx_word' id='word_1_60' title='bbox 156 912 216 959; x_wconf 92' lang='lat' dir='ltr'>In</span> <span class='ocrx_word' id='word_1_61' title='bbox 240 914 416 961; x_wconf 89' lang='lat' dir='ltr'>mediis</span> <span class='ocrx_word' id='word_1_62' title='bbox 435 914 580 961; x_wconf 85' lang='lat' dir='ltr'>ambo</span> <span class='ocrx_word' id='word_1_63' title='bbox 605 913 836 976; x_wconf 79' lang='lat' dir='ltr'>deprensi</span> <span class='ocrx_word' id='word_1_64' title='bbox 863 913 1176 977; x_wconf 82' lang='lat' dir='ltr'>amplexibus</span> <span class='ocrx_word' id='word_1_65' title='bbox 1201 915 1405 961; x_wconf 78' lang='lat' dir='ltr'>haerent.</span> 
     </span>
    </p>
   </div>
   <div class='ocr_carea' id='block_1_7' title="bbox 155 989 1372 1055">
    <p class='ocr_par' dir='ltr' id='par_1_7' title="bbox 155 989 1372 1055">
     <span class='ocr_line' id='line_1_13' title="bbox 155 989 1372 1055; baseline 0.001 -18"><span class='ocrx_word' id='word_1_66' title='bbox 155 989 389 1038; x_wconf 89' lang='lat' dir='ltr'>Lemnius</span> <span class='ocrx_word' id='word_1_67' title='bbox 414 991 667 1055; x_wconf 90' lang='lat' dir='ltr'>extemplo</span> <span class='ocrx_word' id='word_1_68' title='bbox 692 991 857 1038; x_wconf 85' lang='lat' dir='ltr'>valvas</span> <span class='ocrx_word' id='word_1_69' title='bbox 883 990 1118 1054; x_wconf 84' lang='lat' dir='ltr'>patefecit</span> <span class='ocrx_word' id='word_1_70' title='bbox 1142 993 1372 1047; x_wconf 89' lang='lat' dir='ltr'>eburnas,</span> 
     </span>
    </p>
   </div>
   <div class='ocr_carea' id='block_1_8' title="bbox 1448 994 1539 1037">
    <p class='ocr_par' dir='ltr' id='par_1_8' title="bbox 1448 994 1539 1037">
     <span class='ocr_line' id='line_1_14' title="bbox 1448 994 1539 1037; baseline 0 0"><span class='ocrx_word' id='word_1_71' title='bbox 1448 994 1539 1037; x_wconf 90' lang='lat'>185</span> 
     </span>
    </p>
   </div>
   <div class='ocr_carea' id='block_1_9' title="bbox 153 1066 1543 1442">
    <p class='ocr_par' dir='ltr' id='par_1_9' title="bbox 153 1066 1543 1442">
     <span class='ocr_line' id='line_1_15' title="bbox 154 1066 1160 1131; baseline 0.001 -17"><span class='ocrx_word' id='word_1_72' title='bbox 154 1066 474 1131; x_wconf 86' lang='lat' dir='ltr'>Admisitque</span> <span class='ocrx_word' id='word_1_73' title='bbox 498 1068 660 1115; x_wconf 88' lang='lat' dir='ltr'>Deos:</span> <span class='ocrx_word' id='word_1_74' title='bbox 701 1067 771 1113; x_wconf 90' lang='lat' dir='ltr'>illi</span> <span class='ocrx_word' id='word_1_75' title='bbox 790 1067 994 1129; x_wconf 90' lang='lat' dir='ltr'>jacuere</span> <span class='ocrx_word' id='word_1_76' title='bbox 1019 1068 1160 1130; x_wconf 85' lang='lat' dir='ltr'>ligati</span> 
     </span>
     <span class='ocr_line' id='line_1_16' title="bbox 153 1143 1543 1209; baseline 0 -18"><span class='ocrx_word' id='word_1_77' title='bbox 153 1144 401 1209; x_wconf 87' lang='lat' dir='ltr'>Turpiter,</span> <span class='ocrx_word' id='word_1_78' title='bbox 430 1152 581 1208; x_wconf 90' lang='lat' dir='ltr'>atque</span> <span class='ocrx_word' id='word_1_79' title='bbox 619 1143 798 1207; x_wconf 86' lang='lat' dir='ltr'>aliquis</span> <span class='ocrx_word' id='word_1_80' title='bbox 824 1144 885 1190; x_wconf 91' lang='lat' dir='ltr'>de</span> <span class='ocrx_word' id='word_1_81' title='bbox 916 1143 1005 1190; x_wconf 68' lang='lat' dir='ltr'>Dis</span> <span class='ocrx_word' id='word_1_82' title='bbox 1031 1161 1129 1191; x_wconf 91' lang='lat' dir='ltr'>non</span> <span class='ocrx_word' id='word_1_83' title='bbox 1153 1145 1378 1193; x_wconf 88' lang='lat' dir='ltr'>tristibus</span> <span class='ocrx_word' id='word_1_84' title='bbox 1403 1151 1543 1208; x_wconf 89' lang='lat' dir='ltr'>optat</span> 
     </span>
     <span class='ocr_line' id='line_1_17' title="bbox 156 1221 1241 1287; baseline 0 -18"><span class='ocrx_word' id='word_1_85' title='bbox 156 1222 239 1269; x_wconf 86' lang='lat' dir='ltr'>Sic</span> <span class='ocrx_word' id='word_1_86' title='bbox 264 1223 369 1270; x_wconf 91' lang='lat' dir='ltr'>fieri</span> <span class='ocrx_word' id='word_1_87' title='bbox 394 1223 569 1287; x_wconf 88' lang='lat' dir='ltr'>turpis.</span> <span class='ocrx_word' id='word_1_88' title='bbox 628 1221 805 1285; x_wconf 88' lang='lat' dir='ltr'>Superi</span> <span class='ocrx_word' id='word_1_89' title='bbox 832 1221 1012 1279; x_wconf 84' lang='lat' dir='ltr'>risere3</span> <span class='ocrx_word' id='word_1_90' title='bbox 1052 1222 1241 1286; x_wconf 91' lang='lat' dir='ltr'>diuque</span> 
     </span>
     <span class='ocr_line' id='line_1_18' title="bbox 155 1298 1237 1348; baseline 0 -1"><span class='ocrx_word' id='word_1_91' title='bbox 155 1298 278 1348; x_wconf 88' lang='lat' dir='ltr'>Haec</span> <span class='ocrx_word' id='word_1_92' title='bbox 303 1300 394 1348; x_wconf 89' lang='lat' dir='ltr'>fuit</span> <span class='ocrx_word' id='word_1_93' title='bbox 418 1300 468 1347; x_wconf 91' lang='lat' dir='ltr'>in</span> <span class='ocrx_word' id='word_1_94' title='bbox 492 1307 598 1347; x_wconf 89' lang='lat' dir='ltr'>toto</span> <span class='ocrx_word' id='word_1_95' title='bbox 624 1299 882 1346; x_wconf 86' lang='lat' dir='ltr'>notissima</span> <span class='ocrx_word' id='word_1_96' title='bbox 904 1299 1073 1347; x_wconf 86' lang='lat' dir='ltr'>fabula</span> <span class='ocrx_word' id='word_1_97' title='bbox 1095 1300 1237 1347; x_wconf 88' lang='lat' dir='ltr'>coelo.</span> 
     </span>
     <span class='ocr_line' id='line_1_19' title="bbox 220 1376 1540 1442; baseline 0 -17"><span class='ocrx_word' id='word_1_98' title='bbox 220 1377 392 1441; x_wconf 85' lang='lat' dir='ltr'>Exigit</span> <span class='ocrx_word' id='word_1_99' title='bbox 416 1378 584 1426; x_wconf 86' lang='lat' dir='ltr'>indicii</span> <span class='ocrx_word' id='word_1_100' title='bbox 608 1392 877 1426; x_wconf 88' lang='lat' dir='ltr'>memorem</span> <span class='ocrx_word' id='word_1_101' title='bbox 901 1376 1172 1442; x_wconf 76' lang='lat' dir='ltr'>Cythereia</span> <span class='ocrx_word' id='word_1_102' title='bbox 1191 1394 1416 1441; x_wconf 87' lang='lat' dir='ltr'>poenam;</span> <span class='ocrx_word' id='word_1_103' title='bbox 1449 1381 1540 1426; x_wconf 87' lang='grc'>190</span> 
     </span>
    </p>
   </div>
   <div class='ocr_carea' id='block_1_10' title="bbox 147 1513 813 2826">
    <p class='ocr_par' dir='ltr' id='par_1_10' title="bbox 148 1513 813 1989">
     <span class='ocr_line' id='line_1_20' title="bbox 196 1513 811 1556; baseline 0.002 -13"><span class='ocrx_word' id='word_1_104' title='bbox 196 1514 267 1544; x_wconf 90' lang='grc'><strong>176.</strong></span> <span class='ocrx_word' id='word_1_105' title='bbox 284 1513 431 1550; x_wconf 69' lang='lat' dir='ltr'>Graciles,</span> <span class='ocrx_word' id='word_1_106' title='bbox 445 1520 563 1545; x_wconf 85' lang='lat' dir='ltr'>tenues.</span> <span class='ocrx_word' id='word_1_107' title='bbox 588 1514 659 1556; x_wconf 85' lang='lat' dir='ltr'>Ipse</span> <span class='ocrx_word' id='word_1_108' title='bbox 673 1525 744 1544; x_wconf 87' lang='lat' dir='ltr'>mox</span> <span class='ocrx_word' id='word_1_109' title='bbox 758 1513 811 1545; x_wconf 91' lang='lat' dir='ltr'>de-</span> 
     </span>
     <span class='ocr_line' id='line_1_21' title="bbox 149 1562 813 1594; baseline 0.002 -1"><span class='ocrx_word' id='word_1_110' title='bbox 149 1562 258 1594; x_wconf 86' lang='lat' dir='ltr'>scribit</span> <span class='ocrx_word' id='word_1_111' title='bbox 275 1563 460 1594; x_wconf 83' lang='lat' dir='ltr'>tenuitatem</span> <span class='ocrx_word' id='word_1_112' title='bbox 481 1574 519 1594; x_wconf 87' lang='lat' dir='ltr'>ex</span> <span class='ocrx_word' id='word_1_113' title='bbox 539 1563 695 1594; x_wconf 87' lang='lat' dir='ltr'>Homero:</span> <span class='ocrx_word' id='word_1_114' title='bbox 721 1562 786 1594; x_wconf 68' lang='lat' dir='ltr'>’Hv‘</span> <span class='ocrx_word' id='word_1_115' title='bbox 788 1563 813 1594; x_wconf 89' lang='grc' dir='ltr'>τ’</span> 
     </span>
     <span class='ocr_line' id='line_1_22' title="bbox 149 1611 811 1655; baseline 0.003 -13"><span class='ocrx_word' id='word_1_116' title='bbox 149 1611 296 1654; x_wconf 84' lang='grc' dir='ltr'>ἀράχνια</span> <span class='ocrx_word' id='word_1_117' title='bbox 320 1613 438 1649; x_wconf 85' lang='grc' dir='ltr'>λεπτὰ,</span> <span class='ocrx_word' id='word_1_118' title='bbox 464 1612 536 1655; x_wconf 83' lang='grc' dir='ltr'>τάγ’</span> <span class='ocrx_word' id='word_1_119' title='bbox 551 1612 588 1644; x_wconf 84' lang='grc' dir='ltr'>οὗ</span> <span class='ocrx_word' id='word_1_120' title='bbox 611 1612 643 1644; x_wconf 76' lang='grc' dir='ltr'>κέ</span> <span class='ocrx_word' id='word_1_121' title='bbox 669 1625 717 1650; x_wconf 81' lang='grc' dir='ltr'>τις</span> <span class='ocrx_word' id='word_1_122' title='bbox 740 1612 811 1644; x_wconf 80' lang='grc' dir='ltr'>οὐδὲ</span> 
     </span>
     <span class='ocr_line' id='line_1_23' title="bbox 148 1661 809 1704; baseline 0.003 -12"><span class='ocrx_word' id='word_1_123' title='bbox 148 1661 257 1694; x_wconf 74' lang='grc' dir='ltr'>ἰ’ὂοιτο.</span> <span class='ocrx_word' id='word_1_124' title='bbox 292 1662 451 1703; x_wconf 80' lang='lat' dir='ltr'>Retiaque,</span> <span class='ocrx_word' id='word_1_125' title='bbox 473 1668 536 1693; x_wconf 86' lang='lat' dir='ltr'>etc.</span> <span class='ocrx_word' id='word_1_126' title='bbox 573 1661 668 1704; x_wconf 89' lang='lat' dir='ltr'>Apud</span> <span class='ocrx_word' id='word_1_127' title='bbox 695 1663 809 1694; x_wconf 84' lang='lat' dir='ltr'>Home-</span> 
     </span>
     <span class='ocr_line' id='line_1_24' title="bbox 151 1710 810 1753; baseline 0.002 -12"><span class='ocrx_word' id='word_1_128' title='bbox 151 1722 220 1741; x_wconf 91' lang='lat' dir='ltr'>rum</span> <span class='ocrx_word' id='word_1_129' title='bbox 245 1711 320 1741; x_wconf 86' lang='lat' dir='ltr'>facit</span> <span class='ocrx_word' id='word_1_130' title='bbox 346 1710 490 1753; x_wconf 83' lang='grc' dir='ltr'><strong><em>δεσμοὺς,</em></strong></span> <span class='ocrx_word' id='word_1_131' title='bbox 516 1711 588 1742; x_wconf 88' lang='lat' dir='ltr'>inde</span> <span class='ocrx_word' id='word_1_132' title='bbox 612 1711 726 1742; x_wconf 85' lang='lat' dir='ltr'>Noster</span> <span class='ocrx_word' id='word_1_133' title='bbox 752 1712 810 1742; x_wconf 81' lang='lat' dir='ltr'>tria</span> 
     </span>
     <span class='ocr_line' id='line_1_25' title="bbox 151 1761 809 1801; baseline 0.002 -10"><span class='ocrx_word' id='word_1_134' title='bbox 151 1761 236 1798; x_wconf 85' lang='lat' dir='ltr'>fecit,</span> <span class='ocrx_word' id='word_1_135' title='bbox 257 1767 388 1797; x_wconf 80' lang='lat' dir='ltr'>catenas,</span> <span class='ocrx_word' id='word_1_136' title='bbox 412 1763 503 1797; x_wconf 80' lang='lat' dir='ltr'>retia,</span> <span class='ocrx_word' id='word_1_137' title='bbox 531 1762 658 1801; x_wconf 78' lang='lat' dir='ltr'>laqueos,</span> <span class='ocrx_word' id='word_1_138' title='bbox 685 1772 718 1790; x_wconf 71' lang='lat' dir='ltr'>et</span> <span class='ocrx_word' id='word_1_139' title='bbox 742 1772 809 1792; x_wconf 67' lang='lat' dir='ltr'>erre.</span> 
     </span>
     <span class='ocr_line' id='line_1_26' title="bbox 150 1809 809 1853; baseline -0.002 -12"><span class='ocrx_word' id='word_1_140' title='bbox 150 1810 287 1853; x_wconf 86' lang='lat' dir='ltr'>Hygino,</span> <span class='ocrx_word' id='word_1_141' title='bbox 311 1822 345 1841; x_wconf 68' lang='lat' dir='ltr'>ex</span> <span class='ocrx_word' id='word_1_142' title='bbox 367 1812 536 1846; x_wconf 80' lang='lat' dir='ltr'>adamante,</span> <span class='ocrx_word' id='word_1_143' title='bbox 562 1809 583 1840; x_wconf 84' lang='lat' dir='ltr'>i.</span> <span class='ocrx_word' id='word_1_144' title='bbox 606 1820 633 1840; x_wconf 91' lang='lat' dir='ltr'>e.</span> <span class='ocrx_word' id='word_1_145' title='bbox 661 1820 698 1840; x_wconf 85' lang='lat' dir='ltr'>ex</span> <span class='ocrx_word' id='word_1_146' title='bbox 720 1810 809 1840; x_wconf 86' lang='lat' dir='ltr'>ferro.</span> 
     </span>
     <span class='ocr_line' id='line_1_27' title="bbox 150 1860 807 1900; baseline -0.005 -9"><span class='ocrx_word' id='word_1_147' title='bbox 150 1860 293 1900; x_wconf 79' lang='lat' dir='ltr'>Laqueos,</span> <span class='ocrx_word' id='word_1_148' title='bbox 301 1871 374 1900; x_wconf 73' lang='lat' dir='ltr'>quor,</span> <span class='ocrx_word' id='word_1_149' title='bbox 382 1864 530 1889; x_wconf 78' lang='lat' dir='ltr'>consueto</span> <span class='ocrx_word' id='word_1_150' title='bbox 539 1865 699 1900; x_wconf 84' lang='lat' dir='ltr'>poetarum</span> <span class='ocrx_word' id='word_1_151' title='bbox 712 1869 807 1895; x_wconf 89' lang='lat' dir='ltr'>more,</span> 
     </span>
     <span class='ocr_line' id='line_1_28' title="bbox 150 1907 807 1950; baseline -0.003 -10"><span class='ocrx_word' id='word_1_152' title='bbox 150 1909 204 1950; x_wconf 93' lang='lat' dir='ltr'>qui</span> <span class='ocrx_word' id='word_1_153' title='bbox 223 1908 388 1940; x_wconf 88' lang='lat' dir='ltr'>relativum</span> <span class='ocrx_word' id='word_1_154' title='bbox 412 1918 493 1950; x_wconf 84' lang='lat' dir='ltr'>saepe</span> <span class='ocrx_word' id='word_1_155' title='bbox 509 1907 746 1938; x_wconf 86' lang='lat' dir='ltr'>accommodant</span> <span class='ocrx_word' id='word_1_156' title='bbox 761 1919 807 1938; x_wconf 86' lang='lat' dir='ltr'>re-</span> 
     </span>
     <span class='ocr_line' id='line_1_29' title="bbox 149 1957 413 1989; baseline 0 -1"><span class='ocrx_word' id='word_1_157' title='bbox 149 1957 270 1989; x_wconf 90' lang='lat' dir='ltr'>motiori</span> <span class='ocrx_word' id='word_1_158' title='bbox 284 1957 413 1988; x_wconf 89' lang='lat' dir='ltr'>nomini.</span> 
     </span>
    </p>

    <p class='ocr_par' dir='ltr' id='par_1_11' title="bbox 148 2006 808 2148">
     <span class='ocr_line' id='line_1_30' title="bbox 196 2006 807 2048; baseline 0 -11"><span class='ocrx_word' id='word_1_159' title='bbox 196 2008 268 2039; x_wconf 86' lang='lat'>178.</span> <span class='ocrx_word' id='word_1_160' title='bbox 293 2007 436 2048; x_wconf 80' lang='lat' dir='ltr'>Elimat.]</span> <span class='ocrx_word' id='word_1_161' title='bbox 455 2006 493 2037; x_wconf 87' lang='lat' dir='ltr'>Id</span> <span class='ocrx_word' id='word_1_162' title='bbox 509 2011 566 2042; x_wconf 80' lang='lat' dir='ltr'>est,</span> <span class='ocrx_word' id='word_1_163' title='bbox 582 2006 703 2048; x_wconf 88' lang='lat' dir='ltr'>perficit</span> <span class='ocrx_word' id='word_1_164' title='bbox 722 2006 807 2037; x_wconf 89' lang='lat' dir='ltr'>lima.</span> 
     </span>
     <span class='ocr_line' id='line_1_31' title="bbox 154 2056 808 2098; baseline -0.002 -10"><span class='ocrx_word' id='word_1_165' title='bbox 154 2057 252 2098; x_wconf 79' lang='lat' dir='ltr'>thue</span> <span class='ocrx_word' id='word_1_166' title='bbox 277 2058 360 2093; x_wconf 81' lang='lat' dir='ltr'>leves,</span> <span class='ocrx_word' id='word_1_167' title='bbox 377 2062 439 2087; x_wconf 87' lang='lat' dir='ltr'>etc.</span> <span class='ocrx_word' id='word_1_168' title='bbox 478 2057 522 2088; x_wconf 88' lang='lat' dir='ltr'>Ut</span> <span class='ocrx_word' id='word_1_169' title='bbox 536 2056 656 2088; x_wconf 87' lang='lat' dir='ltr'>levibus</span> <span class='ocrx_word' id='word_1_170' title='bbox 672 2056 808 2088; x_wconf 82' lang='lat' dir='ltr'>tactibus</span> 
     </span>
     <span class='ocr_line' id='line_1_32' title="bbox 148 2105 682 2148; baseline -0.002 -10"><span class='ocrx_word' id='word_1_171' title='bbox 148 2111 180 2138; x_wconf 83' lang='lat' dir='ltr'>et</span> <span class='ocrx_word' id='word_1_172' title='bbox 194 2105 359 2137; x_wconf 85' lang='lat' dir='ltr'>momentis</span> <span class='ocrx_word' id='word_1_173' title='bbox 373 2105 477 2148; x_wconf 87' lang='lat' dir='ltr'>parvis</span> <span class='ocrx_word' id='word_1_174' title='bbox 490 2111 682 2137; x_wconf 88' lang='lat' dir='ltr'>moveantur.</span> 
     </span>
    </p>

    <p class='ocr_par' dir='ltr' id='par_1_12' title="bbox 147 2154 807 2775">
     <span class='ocr_line' id='line_1_33' title="bbox 195 2154 807 2191; baseline 0.003 -6"><span class='ocrx_word' id='word_1_175' title='bbox 195 2156 266 2186; x_wconf 88' lang='grc'><strong>183.</strong></span> <span class='ocrx_word' id='word_1_176' title='bbox 290 2155 364 2185; x_wconf 83' lang='lat' dir='ltr'>Arte</span> <span class='ocrx_word' id='word_1_177' title='bbox 386 2157 456 2191; x_wconf 77' lang='lat' dir='ltr'>viri,</span> <span class='ocrx_word' id='word_1_178' title='bbox 482 2154 552 2185; x_wconf 86' lang='lat' dir='ltr'>dolo</span> <span class='ocrx_word' id='word_1_179' title='bbox 578 2155 681 2185; x_wconf 87' lang='lat' dir='ltr'>mariti</span> <span class='ocrx_word' id='word_1_180' title='bbox 702 2156 807 2187; x_wconf 88' lang='lat' dir='ltr'>Vene-</span> 
     </span>
     <span class='ocr_line' id='line_1_34' title="bbox 147 2202 806 2246; baseline 0.002 -11"><span class='ocrx_word' id='word_1_181' title='bbox 147 2203 199 2235; x_wconf 88' lang='lat' dir='ltr'>ris.</span> <span class='ocrx_word' id='word_1_182' title='bbox 222 2205 350 2236; x_wconf 83' lang='lat' dir='ltr'>Homer.</span> <span class='ocrx_word' id='word_1_183' title='bbox 379 2205 455 2246; x_wconf 83' lang='grc' dir='ltr'>περὶ</span> <span class='ocrx_word' id='word_1_184' title='bbox 481 2202 635 2236; x_wconf 79' lang='grc' dir='ltr'>δολόεντα</span> <span class='ocrx_word' id='word_1_185' title='bbox 662 2203 806 2242; x_wconf 80' lang='grc' dir='ltr'>τέτυκτο,</span> 
     </span>
     <span class='ocr_line' id='line_1_35' title="bbox 148 2252 807 2295; baseline 0.002 -10"><span class='ocrx_word' id='word_1_186' title='bbox 148 2259 180 2285; x_wconf 84' lang='lat' dir='ltr'>et</span> <span class='ocrx_word' id='word_1_187' title='bbox 200 2263 322 2285; x_wconf 89' lang='lat' dir='ltr'>omnem</span> <span class='ocrx_word' id='word_1_188' title='bbox 346 2253 453 2284; x_wconf 89' lang='lat' dir='ltr'>dolum</span> <span class='ocrx_word' id='word_1_189' title='bbox 475 2253 548 2295; x_wconf 83' lang='grc' dir='ltr'>περὶ</span> <span class='ocrx_word' id='word_1_190' title='bbox 566 2252 680 2295; x_wconf 77' lang='grc' dir='ltr'>δέμνια</span> <span class='ocrx_word' id='word_1_191' title='bbox 702 2256 807 2295; x_wconf 79' lang='grc' dir='ltr'>χεῦεν.</span> 
     </span>
     <span class='ocr_line' id='line_1_36' title="bbox 150 2302 806 2344; baseline 0.003 -12"><span class='ocrx_word' id='word_1_192' title='bbox 150 2303 308 2333; x_wconf 81' lang='lat' dir='ltr'>Lemnium</span> <span class='ocrx_word' id='word_1_193' title='bbox 340 2302 495 2344; x_wconf 83' lang='lat' dir='ltr'>vituperat</span> <span class='ocrx_word' id='word_1_194' title='bbox 524 2302 692 2339; x_wconf 82' lang='lat' dir='ltr'>Lucianus,</span> <span class='ocrx_word' id='word_1_195' title='bbox 723 2303 806 2344; x_wconf 87' lang='lat' dir='ltr'>quod</span> 
     </span>
     <span class='ocr_line' id='line_1_37' title="bbox 147 2350 804 2393; baseline 0 -11"><span class='ocrx_word' id='word_1_196' title='bbox 147 2351 213 2393; x_wconf 88' lang='lat' dir='ltr'>ipse</span> <span class='ocrx_word' id='word_1_197' title='bbox 241 2351 428 2382; x_wconf 87' lang='lat' dir='ltr'>adulterium</span> <span class='ocrx_word' id='word_1_198' title='bbox 453 2350 668 2382; x_wconf 66' lang='lat' dir='ltr'>manifestarit.</span> <span class='ocrx_word' id='word_1_199' title='bbox 715 2353 804 2382; x_wconf 86' lang='lat' dir='ltr'>Lem-</span> 
     </span>
     <span class='ocr_line' id='line_1_38' title="bbox 147 2400 805 2441; baseline 0.002 -10"><span class='ocrx_word' id='word_1_200' title='bbox 147 2402 216 2431; x_wconf 78' lang='lat' dir='ltr'>nius</span> <span class='ocrx_word' id='word_1_201' title='bbox 228 2412 239 2438; x_wconf 91' lang='lat'>‚·</span> <span class='ocrx_word' id='word_1_202' title='bbox 260 2400 434 2437; x_wconf 85' lang='lat' dir='ltr'>Vulcanus,</span> <span class='ocrx_word' id='word_1_203' title='bbox 449 2400 504 2441; x_wconf 91' lang='lat' dir='ltr'>qui</span> <span class='ocrx_word' id='word_1_204' title='bbox 519 2400 593 2431; x_wconf 89' lang='lat' dir='ltr'>dum</span> <span class='ocrx_word' id='word_1_205' title='bbox 608 2401 715 2432; x_wconf 89' lang='lat' dir='ltr'>matris</span> <span class='ocrx_word' id='word_1_206' title='bbox 730 2412 805 2432; x_wconf 86' lang='lat' dir='ltr'>aux—</span> 
     </span>
     <span class='ocr_line' id='line_1_39' title="bbox 147 2449 804 2494; baseline 0.003 -14"><span class='ocrx_word' id='word_1_207' title='bbox 147 2449 200 2481; x_wconf 88' lang='lat' dir='ltr'>ilio</span> <span class='ocrx_word' id='word_1_208' title='bbox 224 2454 398 2481; x_wconf 87' lang='lat' dir='ltr'>occurreret</span> <span class='ocrx_word' id='word_1_209' title='bbox 423 2450 570 2481; x_wconf 86' lang='lat' dir='ltr'>adversus</span> <span class='ocrx_word' id='word_1_210' title='bbox 591 2452 714 2487; x_wconf 91' lang='lat' dir='ltr'>Jovem,</span> <span class='ocrx_word' id='word_1_211' title='bbox 736 2451 804 2494; x_wconf 83' lang='grc' dir='ltr'>ῥιφ-</span> 
     </span>
     <span class='ocr_line' id='line_1_40' title="bbox 147 2498 805 2542; baseline 0.005 -12"><span class='ocrx_word' id='word_1_212' title='bbox 147 2499 212 2537; x_wconf 85' lang='grc' dir='ltr'>θείς</span> <span class='ocrx_word' id='word_1_213' title='bbox 235 2498 345 2537; x_wconf 81' lang='grc' dir='ltr'>ποδὸς,</span> <span class='ocrx_word' id='word_1_214' title='bbox 369 2505 404 2530; x_wconf 84' lang='lat' dir='ltr'>ut</span> <span class='ocrx_word' id='word_1_215' title='bbox 426 2500 492 2542; x_wconf 89' lang='lat' dir='ltr'>ipse</span> <span class='ocrx_word' id='word_1_216' title='bbox 517 2505 632 2537; x_wconf 83' lang='lat' dir='ltr'>narrat,</span> <span class='ocrx_word' id='word_1_217' title='bbox 656 2500 749 2532; x_wconf 88' lang='lat' dir='ltr'>Iliad.</span> <span class='ocrx_word' id='word_1_218' title='bbox 765 2506 805 2534; x_wconf 87' lang='lat' dir='ltr'>A.</span> 
     </span>
     <span class='ocr_line' id='line_1_41' title="bbox 147 2548 805 2590; baseline 0.002 -11"><span class='ocrx_word' id='word_1_219' title='bbox 147 2548 359 2590; x_wconf 81' lang='lat' dir='ltr'>praecipitatus</span> <span class='ocrx_word' id='word_1_220' title='bbox 374 2559 393 2580; x_wconf 86' lang='lat' dir='ltr'>a</span> <span class='ocrx_word' id='word_1_221' title='bbox 410 2550 488 2581; x_wconf 90' lang='lat' dir='ltr'>Jove</span> <span class='ocrx_word' id='word_1_222' title='bbox 504 2549 543 2580; x_wconf 89' lang='lat' dir='ltr'>de</span> <span class='ocrx_word' id='word_1_223' title='bbox 558 2550 649 2586; x_wconf 86' lang='lat' dir='ltr'>coelo,</span> <span class='ocrx_word' id='word_1_224' title='bbox 665 2550 697 2580; x_wconf 90' lang='lat' dir='ltr'>in</span> <span class='ocrx_word' id='word_1_225' title='bbox 714 2551 805 2581; x_wconf 88' lang='lat' dir='ltr'>Lem-</span> 
     </span>
     <span class='ocr_line' id='line_1_42' title="bbox 147 2597 805 2636; baseline 0.005 -9"><span class='ocrx_word' id='word_1_226' title='bbox 147 2607 221 2627; x_wconf 91' lang='lat' dir='ltr'>num</span> <span class='ocrx_word' id='word_1_227' title='bbox 237 2597 370 2628; x_wconf 88' lang='lat' dir='ltr'>insulam</span> <span class='ocrx_word' id='word_1_228' title='bbox 384 2598 512 2636; x_wconf 89' lang='lat' dir='ltr'>decidit,</span> <span class='ocrx_word' id='word_1_229' title='bbox 533 2598 588 2629; x_wconf 89' lang='lat' dir='ltr'>ubi</span> <span class='ocrx_word' id='word_1_230' title='bbox 603 2609 675 2629; x_wconf 88' lang='lat' dir='ltr'>eum</span> <span class='ocrx_word' id='word_1_231' title='bbox 690 2599 805 2630; x_wconf 86' lang='lat' dir='ltr'>Sinties</span> 
     </span>
     <span class='ocr_line' id='line_1_43' title="bbox 148 2647 802 2689; baseline 0.003 -13"><span class='ocrx_word' id='word_1_232' title='bbox 148 2651 339 2688; x_wconf 86' lang='lat' dir='ltr'>receperunt.</span> <span class='ocrx_word' id='word_1_233' title='bbox 376 2647 516 2683; x_wconf 81' lang='lat' dir='ltr'>Admisit,</span> <span class='ocrx_word' id='word_1_234' title='bbox 538 2652 573 2678; x_wconf 89' lang='lat' dir='ltr'>ut</span> <span class='ocrx_word' id='word_1_235' title='bbox 596 2647 680 2689; x_wconf 82' lang='lat' dir='ltr'>apud</span> <span class='ocrx_word' id='word_1_236' title='bbox 700 2648 802 2678; x_wconf 88' lang='lat' dir='ltr'>Hora-</span> 
     </span>
     <span class='ocr_line' id='line_1_44' title="bbox 148 2695 801 2733; baseline 0.003 -8"><span class='ocrx_word' id='word_1_237' title='bbox 148 2695 235 2731; x_wconf 83' lang='lat' dir='ltr'>tium,</span> <span class='ocrx_word' id='word_1_238' title='bbox 251 2695 324 2726; x_wconf 86' lang='lat' dir='ltr'>Art.</span> <span class='ocrx_word' id='word_1_239' title='bbox 340 2696 429 2727; x_wconf 89' lang='lat' dir='ltr'>Poet.</span> <span class='ocrx_word' id='word_1_240' title='bbox 443 2696 544 2733; x_wconf 87' lang='lat' dir='ltr'>initio,</span> <span class='ocrx_word' id='word_1_241' title='bbox 565 2698 684 2728; x_wconf 77' lang='lat' dir='ltr'>admissi</span> <span class='ocrx_word' id='word_1_242' title='bbox 707 2699 801 2728; x_wconf 79' lang='lat' dir='ltr'>risum</span> 
     </span>
     <span class='ocr_line' id='line_1_45' title="bbox 149 2746 293 2775; baseline 0 -1"><span class='ocrx_word' id='word_1_243' title='bbox 149 2746 293 2775; x_wconf 81' lang='lat' dir='ltr'>teneatis?</span> 
     </span>
    </p>

    <p class='ocr_par' dir='ltr' id='par_1_13' title="bbox 191 2794 368 2826">
     <span class='ocr_line' id='line_1_46' title="bbox 191 2794 368 2826; baseline 0.011 -2"><span class='ocrx_word' id='word_1_244' title='bbox 191 2794 289 2825; x_wconf 92' lang='lat' dir='ltr'>VOL.</span> <span class='ocrx_word' id='word_1_245' title='bbox 304 2794 368 2826; x_wconf 89' lang='grc' dir='ltr'><strong>ΙΙΙ.</strong></span> 
     </span>
    </p>
   </div>
   <div class='ocr_carea' id='block_1_11' title="bbox 870 1513 1540 2779">
    <p class='ocr_par' dir='ltr' id='par_1_14' title="bbox 874 1513 1540 1998">
     <span class='ocr_line' id='line_1_47' title="bbox 927 1513 1539 1555; baseline 0 -11"><span class='ocrx_word' id='word_1_246' title='bbox 927 1515 997 1545; x_wconf 91' lang='lat'>187.</span> <span class='ocrx_word' id='word_1_247' title='bbox 1026 1515 1144 1555; x_wconf 79' lang='lat' dir='ltr'>Aliquis</span> <span class='ocrx_word' id='word_1_248' title='bbox 1173 1515 1209 1544; x_wconf 80' lang='lat' dir='ltr'>de</span> <span class='ocrx_word' id='word_1_249' title='bbox 1238 1514 1306 1549; x_wconf 58' lang='lat' dir='ltr'>Dis,</span> <span class='ocrx_word' id='word_1_250' title='bbox 1335 1513 1414 1553; x_wconf 83' lang='lat' dir='ltr'>etc.]</span> <span class='ocrx_word' id='word_1_251' title='bbox 1448 1513 1539 1544; x_wconf 90' lang='lat' dir='ltr'>Conf.</span> 
     </span>
     <span class='ocr_line' id='line_1_48' title="bbox 880 1561 1540 1601; baseline -0.003 -8"><span class='ocrx_word' id='word_1_252' title='bbox 880 1563 949 1594; x_wconf 88' lang='lat' dir='ltr'>Art.</span> <span class='ocrx_word' id='word_1_253' title='bbox 972 1563 1078 1593; x_wconf 86' lang='lat' dir='ltr'>Amat.</span> <span class='ocrx_word' id='word_1_254' title='bbox 1099 1562 1131 1593; x_wconf 84' lang='lat' dir='ltr'>ii.</span> <span class='ocrx_word' id='word_1_255' title='bbox 1150 1564 1224 1593; x_wconf 78' lang='lat'>285.</span> <span class='ocrx_word' id='word_1_256' title='bbox 1268 1561 1329 1593; x_wconf 84' lang='lat' dir='ltr'>Sed</span> <span class='ocrx_word' id='word_1_257' title='bbox 1353 1561 1406 1592; x_wconf 91' lang='lat' dir='ltr'>ille</span> <span class='ocrx_word' id='word_1_258' title='bbox 1431 1563 1540 1601; x_wconf 75' lang='lat' dir='ltr'>uliquis</span> 
     </span>
     <span class='ocr_line' id='line_1_49' title="bbox 879 1610 1536 1652; baseline 0 -10"><span class='ocrx_word' id='word_1_259' title='bbox 879 1612 917 1642; x_wconf 90' lang='lat' dir='ltr'>de</span> <span class='ocrx_word' id='word_1_260' title='bbox 947 1613 1017 1642; x_wconf 86' lang='lat' dir='ltr'>Diis</span> <span class='ocrx_word' id='word_1_261' title='bbox 1048 1624 1106 1643; x_wconf 76' lang='lat' dir='ltr'>non</span> <span class='ocrx_word' id='word_1_262' title='bbox 1141 1613 1275 1642; x_wconf 75' lang='lat' dir='ltr'>tristibus</span> <span class='ocrx_word' id='word_1_263' title='bbox 1311 1610 1423 1652; x_wconf 90' lang='lat' dir='ltr'>(quod,</span> <span class='ocrx_word' id='word_1_264' title='bbox 1455 1622 1536 1642; x_wconf 88' lang='lat' dir='ltr'>nunc</span> 
     </span>
     <span class='ocr_line' id='line_1_50' title="bbox 878 1661 1536 1704; baseline 0 -11"><span class='ocrx_word' id='word_1_265' title='bbox 878 1662 951 1693; x_wconf 83' lang='lat' dir='ltr'>satis</span> <span class='ocrx_word' id='word_1_266' title='bbox 968 1668 1106 1698; x_wconf 81' lang='lat' dir='ltr'>venuste,</span> <span class='ocrx_word' id='word_1_267' title='bbox 1122 1673 1178 1704; x_wconf 91' lang='lat' dir='ltr'>per</span> <span class='ocrx_word' id='word_1_268' title='bbox 1192 1662 1349 1700; x_wconf 80' lang='grc' dir='ltr'>λιτότητα</span> <span class='ocrx_word' id='word_1_269' title='bbox 1365 1666 1411 1692; x_wconf 86' lang='lat' dir='ltr'>est</span> <span class='ocrx_word' id='word_1_270' title='bbox 1426 1661 1536 1702; x_wconf 82' lang='lat' dir='ltr'>jocan-</span> 
     </span>
     <span class='ocr_line' id='line_1_51' title="bbox 877 1710 1536 1751; baseline -0.003 -9"><span class='ocrx_word' id='word_1_271' title='bbox 877 1712 961 1742; x_wconf 84' lang='lat' dir='ltr'>tibus</span> <span class='ocrx_word' id='word_1_272' title='bbox 986 1717 1018 1742; x_wconf 87' lang='lat' dir='ltr'>et</span> <span class='ocrx_word' id='word_1_273' title='bbox 1045 1711 1235 1751; x_wconf 85' lang='lat' dir='ltr'>ridentibus)</span> <span class='ocrx_word' id='word_1_274' title='bbox 1267 1711 1325 1741; x_wconf 87' lang='lat' dir='ltr'>fuit</span> <span class='ocrx_word' id='word_1_275' title='bbox 1347 1710 1536 1747; x_wconf 88' lang='lat' dir='ltr'>Mercurius,</span> 
     </span>
     <span class='ocr_line' id='line_1_52' title="bbox 877 1759 1535 1795; baseline -0.002 -5"><span class='ocrx_word' id='word_1_276' title='bbox 877 1766 911 1790; x_wconf 89' lang='lat' dir='ltr'>ut</span> <span class='ocrx_word' id='word_1_277' title='bbox 926 1759 1037 1791; x_wconf 84' lang='lat' dir='ltr'>diserte</span> <span class='ocrx_word' id='word_1_278' title='bbox 1061 1760 1156 1791; x_wconf 85' lang='lat' dir='ltr'>tradit</span> <span class='ocrx_word' id='word_1_279' title='bbox 1172 1761 1336 1795; x_wconf 80' lang='lat' dir='ltr'>Homerus,</span> <span class='ocrx_word' id='word_1_280' title='bbox 1352 1770 1442 1790; x_wconf 86' lang='lat' dir='ltr'>versu</span> <span class='ocrx_word' id='word_1_281' title='bbox 1459 1760 1535 1790; x_wconf 84' lang='lat'>338.</span> 
     </span>
     <span class='ocr_line' id='line_1_53' title="bbox 876 1808 1536 1850; baseline 0 -11"><span class='ocrx_word' id='word_1_282' title='bbox 876 1809 915 1838; x_wconf 80' lang='lat' dir='ltr'>Et</span> <span class='ocrx_word' id='word_1_283' title='bbox 945 1809 1028 1850; x_wconf 87' lang='lat' dir='ltr'>apud</span> <span class='ocrx_word' id='word_1_284' title='bbox 1050 1809 1226 1839; x_wconf 82' lang='lat' dir='ltr'>Lucianum</span> <span class='ocrx_word' id='word_1_285' title='bbox 1254 1808 1430 1839; x_wconf 85' lang='lat' dir='ltr'>Mercurius</span> <span class='ocrx_word' id='word_1_286' title='bbox 1457 1808 1536 1850; x_wconf 88' lang='lat' dir='ltr'>ipse,</span> 
     </span>
     <span class='ocr_line' id='line_1_54' title="bbox 874 1857 1535 1900; baseline -0.003 -11"><span class='ocrx_word' id='word_1_287' title='bbox 874 1857 958 1900; x_wconf 79' lang='grc' dir='ltr'>Ἐγὼ</span> <span class='ocrx_word' id='word_1_288' title='bbox 971 1859 1030 1899; x_wconf 79' lang='grc' dir='ltr'>μὲν</span> <span class='ocrx_word' id='word_1_289' title='bbox 1045 1858 1202 1899; x_wconf 74' lang='grc' dir='ltr'>ἐφθόνουν</span> <span class='ocrx_word' id='word_1_290' title='bbox 1219 1858 1267 1899; x_wconf 70' lang='grc' dir='ltr'>τῷ</span> <span class='ocrx_word' id='word_1_291' title='bbox 1281 1857 1382 1899; x_wconf 73' lang='grc' dir='ltr'><em>Ἀρει.</em></span> <span class='ocrx_word' id='word_1_292' title='bbox 1421 1858 1535 1894; x_wconf 81' lang='lat' dir='ltr'>Risere,</span> 
     </span>
     <span class='ocr_line' id='line_1_55' title="bbox 874 1906 1534 1950; baseline -0.002 -12"><span class='ocrx_word' id='word_1_293' title='bbox 874 1908 1033 1948; x_wconf 73' lang='grc' dir='ltr'>ἄσβεστος</span> <span class='ocrx_word' id='word_1_294' title='bbox 1053 1906 1076 1938; x_wconf 81' lang='grc' dir='ltr'>δ’</span> <span class='ocrx_word' id='word_1_295' title='bbox 1093 1907 1143 1949; x_wconf 72' lang='grc' dir='ltr'>ἄρ’</span> <span class='ocrx_word' id='word_1_296' title='bbox 1168 1908 1287 1950; x_wconf 74' lang='grc' dir='ltr'>ἐνῶρτο</span> <span class='ocrx_word' id='word_1_297' title='bbox 1311 1907 1413 1949; x_wconf 72' lang='grc' dir='ltr'>γέλως</span> <span class='ocrx_word' id='word_1_298' title='bbox 1434 1907 1534 1948; x_wconf 78' lang='grc' dir='ltr'><em>μακά-</em></span> 
     </span>
     <span class='ocr_line' id='line_1_56' title="bbox 874 1958 1107 1998; baseline 0.004 -11"><span class='ocrx_word' id='word_1_299' title='bbox 874 1969 962 1998; x_wconf 82' lang='grc' dir='ltr'>ρεσσι</span> <span class='ocrx_word' id='word_1_300' title='bbox 977 1958 1107 1988; x_wconf 80' lang='grc' dir='ltr'>Θεοῖσιν.</span> 
     </span>
    </p>

    <p class='ocr_par' dir='ltr' id='par_1_15' title="bbox 870 2006 1535 2779">
     <span class='ocr_line' id='line_1_57' title="bbox 921 2006 1535 2048; baseline 0 -10"><span class='ocrx_word' id='word_1_301' title='bbox 921 2008 992 2038; x_wconf 87' lang='lat'>190.</span> <span class='ocrx_word' id='word_1_302' title='bbox 1024 2007 1131 2048; x_wconf 42' lang='lat' dir='ltr'>Erigit</span> <span class='ocrx_word' id='word_1_303' title='bbox 1159 2008 1277 2042; x_wconf 79' lang='lat' dir='ltr'>indicii,</span> <span class='ocrx_word' id='word_1_304' title='bbox 1307 2006 1385 2047; x_wconf 89' lang='lat' dir='ltr'>etc.]</span> <span class='ocrx_word' id='word_1_305' title='bbox 1426 2007 1535 2038; x_wconf 84' lang='lat' dir='ltr'>Venus</span> 
     </span>
     <span class='ocr_line' id='line_1_58' title="bbox 874 2056 1534 2099; baseline 0.002 -12"><span class='ocrx_word' id='word_1_306' title='bbox 874 2057 1036 2088; x_wconf 89' lang='lat' dir='ltr'>ulciscitur</span> <span class='ocrx_word' id='word_1_307' title='bbox 1060 2056 1140 2087; x_wconf 80' lang='lat' dir='ltr'>Solis</span> <span class='ocrx_word' id='word_1_308' title='bbox 1163 2056 1381 2099; x_wconf 85' lang='lat' dir='ltr'>proditionem,</span> <span class='ocrx_word' id='word_1_309' title='bbox 1405 2057 1480 2087; x_wconf 91' lang='lat' dir='ltr'>dum</span> <span class='ocrx_word' id='word_1_310' title='bbox 1505 2059 1534 2088; x_wconf 91' lang='lat' dir='ltr'>ei</span> 
     </span>
     <span class='ocr_line' id='line_1_59' title="bbox 874 2106 1532 2148; baseline -0.002 -11"><span class='ocrx_word' id='word_1_311' title='bbox 874 2106 974 2148; x_wconf 82' lang='lat' dir='ltr'>injicit</span> <span class='ocrx_word' id='word_1_312' title='bbox 997 2106 1193 2137; x_wconf 80' lang='lat' dir='ltr'>Leucothees</span> <span class='ocrx_word' id='word_1_313' title='bbox 1216 2116 1363 2142; x_wconf 85' lang='lat' dir='ltr'>amorem,</span> <span class='ocrx_word' id='word_1_314' title='bbox 1389 2117 1459 2147; x_wconf 84' lang='lat' dir='ltr'>quae</span> <span class='ocrx_word' id='word_1_315' title='bbox 1484 2106 1532 2137; x_wconf 92' lang='lat' dir='ltr'>vi-</span> 
     </span>
     <span class='ocr_line' id='line_1_60' title="bbox 874 2155 1534 2196; baseline 0.002 -10"><span class='ocrx_word' id='word_1_316' title='bbox 874 2155 962 2192; x_wconf 82' lang='lat' dir='ltr'>tiata,</span> <span class='ocrx_word' id='word_1_317' title='bbox 985 2160 1074 2186; x_wconf 84' lang='lat' dir='ltr'>terrae</span> <span class='ocrx_word' id='word_1_318' title='bbox 1100 2155 1256 2186; x_wconf 86' lang='lat' dir='ltr'>defoditur</span> <span class='ocrx_word' id='word_1_319' title='bbox 1276 2165 1295 2185; x_wconf 85' lang='lat' dir='ltr'>a</span> <span class='ocrx_word' id='word_1_320' title='bbox 1317 2162 1457 2196; x_wconf 87' lang='lat' dir='ltr'>parente,</span> <span class='ocrx_word' id='word_1_321' title='bbox 1479 2156 1534 2187; x_wconf 87' lang='lat' dir='ltr'>sed</span> 
     </span>
     <span class='ocr_line' id='line_1_61' title="bbox 875 2205 1533 2245; baseline 0 -9"><span class='ocrx_word' id='word_1_322' title='bbox 875 2216 893 2236; x_wconf 87' lang='lat' dir='ltr'>a</span> <span class='ocrx_word' id='word_1_323' title='bbox 922 2205 991 2236; x_wconf 81' lang='lat' dir='ltr'>Sole</span> <span class='ocrx_word' id='word_1_324' title='bbox 1020 2206 1052 2236; x_wconf 88' lang='lat' dir='ltr'>in</span> <span class='ocrx_word' id='word_1_325' title='bbox 1082 2205 1201 2245; x_wconf 78' lang='lat' dir='ltr'>virgam</span> <span class='ocrx_word' id='word_1_326' title='bbox 1237 2210 1358 2234; x_wconf 86' lang='lat' dir='ltr'>tuream</span> <span class='ocrx_word' id='word_1_327' title='bbox 1385 2210 1533 2236; x_wconf 89' lang='lat' dir='ltr'>mutatur.</span> 
     </span>
     <span class='ocr_line' id='line_1_62' title="bbox 876 2253 1532 2292; baseline 0 -7"><span class='ocrx_word' id='word_1_328' title='bbox 876 2256 955 2292; x_wconf 86' lang='lat' dir='ltr'>Quae</span> <span class='ocrx_word' id='word_1_329' title='bbox 981 2254 1074 2285; x_wconf 87' lang='lat' dir='ltr'>fuerit</span> <span class='ocrx_word' id='word_1_330' title='bbox 1102 2253 1157 2284; x_wconf 86' lang='lat' dir='ltr'>illa</span> <span class='ocrx_word' id='word_1_331' title='bbox 1186 2253 1376 2289; x_wconf 86' lang='lat' dir='ltr'>Leucothea,</span> <span class='ocrx_word' id='word_1_332' title='bbox 1404 2253 1532 2285; x_wconf 88' lang='lat' dir='ltr'>docetur</span> 
     </span>
     <span class='ocr_line' id='line_1_63' title="bbox 874 2303 1531 2345; baseline -0.002 -10"><span class='ocrx_word' id='word_1_333' title='bbox 874 2315 939 2335; x_wconf 91' lang='lat' dir='ltr'>ver.</span> <span class='ocrx_word' id='word_1_334' title='bbox 953 2305 1016 2335; x_wconf 81' lang='lat'>219</span> <span class='ocrx_word' id='word_1_335' title='bbox 1030 2315 1099 2345; x_wconf 87' lang='lat' dir='ltr'>sqq.</span> <span class='ocrx_word' id='word_1_336' title='bbox 1137 2303 1257 2334; x_wconf 82' lang='lat' dir='ltr'>Auctor</span> <span class='ocrx_word' id='word_1_337' title='bbox 1278 2303 1392 2333; x_wconf 84' lang='lat' dir='ltr'>fabulae</span> <span class='ocrx_word' id='word_1_338' title='bbox 1420 2303 1531 2334; x_wconf 85' lang='lat' dir='ltr'>Hesio-</span> 
     </span>
     <span class='ocr_line' id='line_1_64' title="bbox 874 2351 1533 2394; baseline 0 -10"><span class='ocrx_word' id='word_1_339' title='bbox 874 2353 943 2389; x_wconf 90' lang='lat' dir='ltr'>dus,</span> <span class='ocrx_word' id='word_1_340' title='bbox 959 2358 993 2383; x_wconf 93' lang='lat' dir='ltr'>ut</span> <span class='ocrx_word' id='word_1_341' title='bbox 1018 2363 1055 2384; x_wconf 83' lang='lat' dir='ltr'>ex</span> <span class='ocrx_word' id='word_1_342' title='bbox 1072 2351 1229 2382; x_wconf 83' lang='lat' dir='ltr'>Lactantii</span> <span class='ocrx_word' id='word_1_343' title='bbox 1246 2351 1376 2392; x_wconf 83' lang='lat' dir='ltr'>Argum.</span> <span class='ocrx_word' id='word_1_344' title='bbox 1395 2359 1533 2394; x_wconf 86' lang='lat' dir='ltr'>apparet.</span> 
     </span>
     <span class='ocr_line' id='line_1_65' title="bbox 874 2401 1532 2437; baseline -0.002 -4"><span class='ocrx_word' id='word_1_345' title='bbox 874 2404 943 2433; x_wconf 90' lang='lat' dir='ltr'>Nec</span> <span class='ocrx_word' id='word_1_346' title='bbox 964 2402 996 2432; x_wconf 92' lang='lat' dir='ltr'>in</span> <span class='ocrx_word' id='word_1_347' title='bbox 1019 2412 1051 2432; x_wconf 87' lang='lat' dir='ltr'>se</span> <span class='ocrx_word' id='word_1_348' title='bbox 1074 2401 1283 2432; x_wconf 83' lang='lat' dir='ltr'>memorabilis</span> <span class='ocrx_word' id='word_1_349' title='bbox 1303 2406 1360 2437; x_wconf 86' lang='lat' dir='ltr'>est,</span> <span class='ocrx_word' id='word_1_350' title='bbox 1376 2411 1435 2432; x_wconf 89' lang='lat' dir='ltr'>nec</span> <span class='ocrx_word' id='word_1_351' title='bbox 1451 2407 1532 2432; x_wconf 88' lang='lat' dir='ltr'>trac-</span> 
     </span>
     <span class='ocr_line' id='line_1_66' title="bbox 873 2450 1531 2483; baseline -0.002 0"><span class='ocrx_word' id='word_1_352' title='bbox 873 2452 998 2483; x_wconf 85' lang='lat' dir='ltr'>tationis</span> <span class='ocrx_word' id='word_1_353' title='bbox 1011 2451 1182 2482; x_wconf 90' lang='lat' dir='ltr'>luminibus</span> <span class='ocrx_word' id='word_1_354' title='bbox 1194 2450 1423 2481; x_wconf 81' lang='lat' dir='ltr'>commendata.</span> <span class='ocrx_word' id='word_1_355' title='bbox 1463 2452 1531 2482; x_wconf 84' lang='lat' dir='ltr'>Me-</span> 
     </span>
     <span class='ocr_line' id='line_1_67' title="bbox 873 2499 1531 2540; baseline -0.002 -9"><span class='ocrx_word' id='word_1_356' title='bbox 873 2512 935 2532; x_wconf 81' lang='lat' dir='ltr'>mor</span> <span class='ocrx_word' id='word_1_357' title='bbox 957 2500 1151 2531; x_wconf 86' lang='lat' dir='ltr'>referendum</span> <span class='ocrx_word' id='word_1_358' title='bbox 1175 2504 1241 2530; x_wconf 88' lang='lat' dir='ltr'>erat</span> <span class='ocrx_word' id='word_1_359' title='bbox 1263 2499 1302 2529; x_wconf 83' lang='lat' dir='ltr'>ad</span> <span class='ocrx_word' id='word_1_360' title='bbox 1321 2500 1531 2540; x_wconf 73' lang='lat' dir='ltr'>Cythereiam;</span> 
     </span>
     <span class='ocr_line' id='line_1_68' title="bbox 873 2548 1529 2590; baseline -0.002 -9"><span class='ocrx_word' id='word_1_361' title='bbox 873 2550 928 2581; x_wconf 85' lang='lat' dir='ltr'>sed</span> <span class='ocrx_word' id='word_1_362' title='bbox 953 2555 985 2580; x_wconf 89' lang='lat' dir='ltr'>et</span> <span class='ocrx_word' id='word_1_363' title='bbox 1000 2548 1256 2590; x_wconf 78' lang='lat' dir='ltr'>Virgil.AEneid.</span> <span class='ocrx_word' id='word_1_364' title='bbox 1278 2548 1299 2578; x_wconf 90' lang='lat' dir='ltr'>i.</span> <span class='ocrx_word' id='word_1_365' title='bbox 1323 2549 1352 2578; x_wconf 85' lang='lat'>4.</span> <span class='ocrx_word' id='word_1_366' title='bbox 1376 2560 1529 2580; x_wconf 82' lang='lat' dir='ltr'>memorem</span> 
     </span>
     <span class='ocr_line' id='line_1_69' title="bbox 873 2598 1528 2634; baseline -0.002 -4"><span class='ocrx_word' id='word_1_367' title='bbox 873 2601 1004 2630; x_wconf 72' lang='grc' dir='ltr'>ιῙιιηοηιέ</span> <span class='ocrx_word' id='word_1_368' title='bbox 1018 2600 1050 2628; x_wconf 81' lang='lat' dir='ltr'>ob</span> <span class='ocrx_word' id='word_1_369' title='bbox 1066 2600 1152 2628; x_wconf 78' lang='lat' dir='ltr'>iram.</span> <span class='ocrx_word' id='word_1_370' title='bbox 1190 2598 1290 2628; x_wconf 86' lang='lat' dir='ltr'>Poena</span> <span class='ocrx_word' id='word_1_371' title='bbox 1306 2603 1449 2634; x_wconf 86' lang='lat' dir='ltr'>testatur,</span> <span class='ocrx_word' id='word_1_372' title='bbox 1464 2609 1528 2629; x_wconf 88' lang='lat' dir='ltr'>me-</span> 
     </span>
     <span class='ocr_line' id='line_1_70' title="bbox 871 2646 1528 2688; baseline -0.006 -8"><span class='ocrx_word' id='word_1_373' title='bbox 871 2659 987 2680; x_wconf 88' lang='lat' dir='ltr'>morem</span> <span class='ocrx_word' id='word_1_374' title='bbox 1008 2657 1075 2678; x_wconf 84' lang='lat' dir='ltr'>esse</span> <span class='ocrx_word' id='word_1_375' title='bbox 1100 2646 1237 2688; x_wconf 88' lang='lat' dir='ltr'>aliquem</span> <span class='ocrx_word' id='word_1_376' title='bbox 1261 2646 1381 2677; x_wconf 87' lang='lat' dir='ltr'>delicti.</span> <span class='ocrx_word' id='word_1_377' title='bbox 1424 2648 1528 2684; x_wconf 80' lang='lat' dir='ltr'>Quam</span> 
     </span>
     <span class='ocr_line' id='line_1_71' title="bbox 870 2695 1529 2733; baseline -0.006 -3"><span class='ocrx_word' id='word_1_378' title='bbox 870 2698 953 2730; x_wconf 83' lang='lat' dir='ltr'>varie</span> <span class='ocrx_word' id='word_1_379' title='bbox 981 2698 1084 2727; x_wconf 78' lang='lat' dir='ltr'>laedere</span> <span class='ocrx_word' id='word_1_380' title='bbox 1109 2696 1142 2725; x_wconf 87' lang='lat' dir='ltr'>in</span> <span class='ocrx_word' id='word_1_381' title='bbox 1166 2706 1198 2726; x_wconf 91' lang='lat' dir='ltr'>re</span> <span class='ocrx_word' id='word_1_382' title='bbox 1222 2695 1372 2726; x_wconf 85' lang='lat' dir='ltr'>amatoria</span> <span class='ocrx_word' id='word_1_383' title='bbox 1394 2695 1529 2733; x_wconf 82' lang='lat' dir='ltr'>dicatur,</span> 
     </span>
     <span class='ocr_line' id='line_1_72' title="bbox 871 2745 1528 2779; baseline -0.006 0"><span class='ocrx_word' id='word_1_384' title='bbox 871 2747 1064 2779; x_wconf 77' lang='lat' dir='ltr'>admonitum</span> <span class='ocrx_word' id='word_1_385' title='bbox 1088 2750 1136 2776; x_wconf 81' lang='lat' dir='ltr'>est</span> <span class='ocrx_word' id='word_1_386' title='bbox 1160 2745 1198 2776; x_wconf 86' lang='lat' dir='ltr'>ad</span> <span class='ocrx_word' id='word_1_387' title='bbox 1221 2745 1243 2776; x_wconf 84' lang='lat' dir='ltr'>i.</span> <span class='ocrx_word' id='word_1_388' title='bbox 1270 2745 1343 2776; x_wconf 84' lang='lat'>608.</span> <span class='ocrx_word' id='word_1_389' title='bbox 1388 2747 1502 2777; x_wconf 85' lang='lat' dir='ltr'>Sensus</span> <span class='ocrx_word' id='word_1_390' title='bbox 1523 2759 1528 2775; x_wconf 82' lang='lat' dir='ltr'>z</span> 
     </span>
    </p>
   </div>
   <div class='ocr_carea' id='block_1_12' title="bbox 1000 2796 1065 2835">
    <p class='ocr_par' dir='ltr' id='par_1_16' title="bbox 1000 2796 1065 2835">
     <span class='ocr_line' id='line_1_73' title="bbox 1000 2796 1065 2835; baseline 0 0"><span class='ocrx_word' id='word_1_391' title='bbox 1000 2796 1065 2835; x_wconf 76' lang='lat' dir='ltr'>Gg</span> 
     </span>
    </p>
   </div>
  </div>
 </body>
</html>
