1729 3207
230 197 314 239 xliv
749 193 827 234 PR
834 191 1019 233 AEFAT
1026 191 1040 231 1
1048 192 1088 231 0

231 311 465 365 subjicitur,
487 308 675 348 armarat
696 307 816 348 Deus
843 307 963 353 idem,
986 305 1173 358 idemque
1199 303 1405 343 cremarat
1419 319 1432 342 .·
1455 301 1612 342 Vulca-

231 404 309 430 nus
344 402 459 428 arma
490 388 580 441 ejus
612 386 904 433 fabricaverat,
932 391 975 425 et
1006 384 1115 438 ignis
1140 398 1294 436 corpus
1327 383 1418 437 ejus
1445 383 1613 422 absum-

232 474 356 507 serat.
406 464 626 518 Halcyone
656 464 792 503 mariti
824 462 1091 517 naufragium
1122 468 1330 510 metuens,
1355 467 1397 501 et
1427 461 1612 515 graviter

231 544 393 592 dolens,
415 543 470 583 xi.
495 543 598 582 700:
632 542 757 582 IVunc·
784 540 933 580 absens
955 554 1102 594 pereo,
1121 540 1271 593 jac-lor
1291 553 1395 578 nune
1408 538 1615 592 fluctibus

231 624 392 671 absens,
415 621 476 662 Et
505 621 592 660 εἰπε
615 635 678 659 me
704 634 766 659 me
782 624 940 673 pontus
971 618 1124 664 habet,·
1154 631 1249 670 quae
1279 616 1457 671 argutiae
1480 614 1614 656 multo

229 701 460 741 deteriores
495 699 619 740 etiam
655 705 752 738 sunt
782 697 876 746 illis,
901 712 1005 752 quas
1033 696 1212 737 Thisbae
1245 696 1406 736 tribuit.
1469 694 1613 735 Etiam

230 781 272 820 in
301 779 395 820 lusu
416 778 643 818 verborum
675 775 842 817 lascivia
872 776 964 830 ejus
992 775 1147 830 passim
1172 773 1490 816 cernitur.—xi.
1513 773 1612 822 484,

230 859 338 907 loco,
360 873 444 912 quo
466 857 605 898 studia
626 863 850 896 nautarum
875 856 916 895 in
936 855 1264 909 praesentissimo
1284 852 1474 908 periculo
1495 867 1616 907 egre-

231 937 298 991 gie
337 942 551 982 notantur,
593 933 727 989 egerit
770 933 837 972 hie
872 932 1048 987 fluetus,
1089 946 1312 986 cequorque
1351 931 1533 986 refundit
1574 931 1616 971 in

231 1014 520 1069 sequen—xii.
555 1012 652 1059 493,
688 1011 868 1052 Caeneus
903 1025 1046 1052 ensem
1081 1010 1247 1064 corpori
1285 1009 1425 1051 hostili
1464 1009 1617 1050 immis—

232 1107 324 1133 sum
348 1107 472 1132 manu
500 1106 670 1132 versans
703 1091 844 1130 calmes
873 1089 915 1130 in
951 1090 1114 1130 vulnere
1126 1089 1253 1144 j'ecit.
1317 1088 1463 1142 Atque
1494 1101 1617 1141 repe-

230 1173 378 1213 titione
394 1172 618 1212 verborum
639 1171 783 1224 inepta
804 1169 1032 1224 saepissime
1054 1168 1177 1216 ludit,
1200 1182 1335 1222 eaque
1350 1173 1466 1208 tanto
1482 1166 1616 1221 magis

232 1251 424 1299 offendit,
453 1250 624 1304 quando
652 1250 693 1290 in
723 1249 871 1289 cadem
897 1247 1042 1289 fabula
1075 1247 1170 1302 plus
1198 1245 1327 1287 semel
1359 1245 1618 1287 occurrit.—

232 1330 284 1370 iv.
314 1329 516 1369 170-195:
555 1327 677 1382 Cepit
703 1342 820 1368 amor
848 1327 1013 1367 Solem:
1044 1327 1156 1367 Solis
1187 1326 1413 1380 referemus
1440 1340 1615 1366 umores.

233 1409 401 1449 Primus
427 1407 519 1448 Hic
544 1407 696 1447 cidisse
720 1407 872 1447 Deus:
902 1406 1012 1447 videt
1038 1405 1106 1445 hie
1132 1405 1254 1445 Deus
1278 1405 1414 1445 omnia
1436 1405 1616 1459 primus.

240 1487 388 1527 Teetos
415 1486 485 1540 qui
513 1486 621 1526 laesz‘t
648 1500 823 1533 amore-9,
846 1484 987 1525 Loedit
1010 1498 1150 1524 anwre
1171 1484 1289 1538 pari.
1360 1483 1462 1523 Tuis
1482 1497 1619 1524 omnes

235 1566 305 1619 qui
337 1571 474 1605 terras
509 1564 676 1619 ignibus
707 1565 809 1613 uris,
841 1564 988 1605 Urerz‘s
1016 1564 1113 1619 igne
1142 1578 1268 1611 uoco,·
1299 1564 1451 1618 quique
1481 1563 1619 1603 omnia

233 1658 399 1683 cernere
414 1643 551 1691 debes,
568 1642 829 1682 Leucotheetz
842 1648 1022 1696 spectas.
1058 1640 1272 1682 Puerilem
1285 1640 1615 1682 adfectationem

231 1721 310 1761 ista
330 1720 511 1770 habent3
542 1720 583 1760 in
605 1720 760 1774 quibus
782 1726 922 1761 tamen
943 1719 1152 1774 placuisse
1175 1720 1254 1760 sibi
1274 1726 1403 1774 poeta
1423 1719 1615 1760 videtur:

231 1813 369 1852 neque
386 1798 494 1839 adeo
511 1813 606 1839 eum
623 1805 728 1852 puto
745 1804 1006 1839 resecturum
1028 1797 1156 1839 fuisse
1174 1796 1287 1847 talia,
1306 1798 1340 1838 si
1355 1797 1419 1838 vel
1437 1798 1616 1839 maxime

231 1883 460 1918 retractare
495 1891 603 1931 opus
634 1877 856 1931 potuisset.
917 1876 1113 1932 Rogatus
1149 1878 1260 1918 enim
1292 1875 1534 1931 aliquando,
1568 1883 1616 1918 ut

233 1955 409 2004 Seneca,
433 1954 624 1996 Declam.
654 1956 693 1995 ii.
720 1955 865 2005 refert,
894 1958 948 1997 ab
973 1957 1131 2006 amicis,
1154 1963 1201 1997 ut
1225 1955 1394 1997 tolleret
1418 1963 1503 1997 tres
1525 1971 1617 1997 ver-

231 2048 316 2081 sus,
345 2033 492 2088 petivit
523 2033 713 2082 invicem,
741 2041 788 2074 ut
821 2040 906 2075 tres
932 2035 1165 2089 exciperet,
1195 2035 1238 2075 in
1265 2049 1372 2089 quos
1404 2033 1485 2075 illis
1512 2033 1617 2075 nihil

231 2110 388 2152 liceret.
437 2111 789 2166 Conscripserunt
810 2111 883 2161 illi,
905 2128 1012 2168 quos
1034 2112 1123 2154 tolli
1145 2112 1327 2162 vellent;
1351 2119 1514 2154 secreto
1530 2112 1614 2162 hic,

232 2204 338 2242 quos
375 2196 489 2230 tutos
521 2204 614 2230 esse
635 2189 772 2232 vellet.
836 2191 886 2231 In
919 2192 1108 2245 utrisque
1141 2190 1344 2232 codicillis
1375 2191 1502 2232 iidem
1526 2207 1618 2232 ver-

232 2282 301 2307 sus
334 2274 468 2316 erant,
501 2268 541 2307 in
571 2269 726 2322 quibus
763 2270 1095 2326 Semibovemque
1128 2272 1270 2320 cirum,
1303 2271 1617 2326 semivirumque

231 2346 384 2394 bovem,
413 2352 470 2394 et,
494 2346 718 2401 Egelidum
739 2348 924 2398 Borean,
946 2350 1252 2405 Egelidumque
1272 2351 1441 2391 IVotum.
1494 2351 1616 2392 Non—

232 2422 347 2463 nulla
377 2438 461 2464 non
493 2423 777 2478 amplificavit,
811 2427 886 2467 sed
921 2427 1213 2482 prodigialiter
1248 2428 1378 2469 auxit.
1442 2427 1492 2469 In
1527 2443 1612 2483 quo

231 2514 388 2555 genere
406 2508 503 2541 sunt
519 2516 693 2556 serpens
716 2503 864 2544 Cadmi
884 2511 926 2545 et
948 2504 1261 2546 Erisichthonis
1277 2505 1421 2548 fames.
1464 2506 1615 2548 Prodi-

231 2579 345 2633 gium
373 2579 483 2620 enim
514 2588 592 2628 est,
621 2582 809 2635 quodque
841 2583 1010 2623 urbibus
1041 2599 1144 2632 esse,
1172 2584 1375 2638 Quodque
1405 2585 1512 2625 satis
1533 2599 1614 2640 po-

225 2657 328 2710 pulo
345 2663 529 2711 poterat,
550 2673 628 2698 non
647 2659 801 2714 sufficit
822 2661 903 2700 um'.

278 2734 338 2775 ‘In
367 2737 621 2777 orationibus
645 2746 860 2791 spectatur
885 2739 982 2788 hoc,
1006 2747 1050 2780 ut
1079 2755 1161 2780 non
1188 2739 1321 2781 solum
1346 2739 1520 2781 consilio
1552 2741 1613 2781 di-
