1763 3181
407 178 1025 223 METAMORPHOSEON
1060 177 1178 219 LIB.
1211 177 1266 218 V.

137 296 212 344 Tu
248 297 412 352 modo,
455 296 596 353 Diva,
629 295 766 343 velis.

335 381 441 421 tum
465 380 543 421 est

1433 176 1518 216 365

841 293 912 341 Ut
947 293 1113 340 desint
1149 298 1329 346 cetera,
1359 307 1514 354 quan-

1421 370 1515 414 527

138 448 264 497 Esse
287 448 318 496 J
322 449 424 497 ovis
447 449 672 497 fratrem!
700 448 837 511 quid,
859 447 993 511 quod
1014 462 1104 494 nec
1130 453 1297 494 cetera
1317 446 1515 498 desunt,

140 526 248 573 Nec
273 526 408 574 cedit
430 526 523 573 nisi
548 533 678 574 sorte
704 525 857 572 mihi?
895 525 998 580 sed,
1024 531 1163 572 tanta
1186 522 1369 587 cupido

139 602 194 649 Si
217 603 307 650 tibi
332 603 527 650 discidii
552 610 644 659 est,
672 609 865 667 repetet
890 601 1192 665 Proserpina
1215 600 1423 656 coelum;

139 679 273 742 Lege
296 686 464 728 tamen
489 688 641 737 certa,
669 681 709 727 si
735 680 894 728 nullos
919 679 1126 741 contigit
1149 678 1248 725 illic

1424 678 1513 723 531

143 756 244 804 Ore
262 757 401 804 cibos
419 775 429 814 ;
459 773 573 804 nam
594 757 664 804 sic
686 757 955 805 Parcarum
974 756 1156 803 foedere
1175 761 1376 802 cautum
1395 751 1521 800 est.''

206 833 443 882 Dixerat:
484 841 534 882 at
559 834 729 882 Cereri
754 839 943 881 certum
967 839 1045 881 est
1064 833 1276 880 educere
1300 837 1483 878 natam.

141 909 257 957 Non
279 910 349 958 ita
371 910 473 958 fata
497 911 665 958 sinunt
685 929 696 967 ;
737 911 972 973 quoniam
991 910 1182 973 jejunia
1203 909 1338 971 virgo

141 986 392 1045 Solverat3
433 994 482 1035 et
506 987 650 1035 cultis
675 987 793 1034 dum
819 987 1032 1050 simplex
1057 992 1186 1034 errat
1208 986 1258 1032 in
1282 984 1454 1039 hortis,

140 1064 430 1112 Poeniceum
449 1080 597 1112 curva
621 1064 938 1128 decerpserat
962 1064 1135 1111 arbore
1159 1078 1378 1127 pomum,
1426 1063 1520 1108 536

142 1139 454 1206 Sumptaque
478 1140 683 1205 pallenti
709 1148 901 1204 septem
925 1140 988 1187 de
1013 1140 1198 1187 cortice
1223 1154 1374 1201 grana

141 1219 402 1267 Presserat
423 1235 507 1266 ore
531 1235 649 1276 suo3
690 1219 925 1281 solusque
951 1234 1014 1265 ex
1039 1217 1268 1264 omnibus
1292 1215 1415 1261 illud

141 1296 346 1344 Viderat
359 1296 688 1359 AscalaphUS,
702 1311 851 1358 quem
863 1294 1113 1357 quondam
1128 1293 1308 1339 dicitur
1319 1291 1523 1355 Orphne

144 1372 282 1421 Inter
305 1372 577 1420 Avernales
602 1371 735 1419 haud
761 1370 1072 1433 ignotissima
1098 1369 1377 1434 Nymphas,
1428 1369 1524 1415 540

144 1449 223 1497 Ex
248 1450 530 1497 Acheronte
556 1465 644 1496 suo
668 1448 817 1496 furvis
841 1448 1096 1513 peperisse
1121 1447 1213 1494 sub
1239 1445 1421 1493 antris:
1578 1432 1580 1435 V

141 1527 297 1584 Vidit,
324 1534 374 1575 et
397 1526 580 1574 indicio
604 1526 818 1573 reditum
843 1525 1057 1572 crudelis
1083 1522 1283 1572 ademit.

184 1652 266 1687 527.
296 1651 337 1682 Ut
365 1652 471 1687 desint,
500 1661 653 1693 ponamus
682 1650 801 1686 deesse,

144 1707 262 1737 caetera,
292 1711 362 1742 quae
391 1711 539 1742 generum
573 1699 802 1735 commendant,

144 1760 274 1791 regnum
309 1749 442 1781 scilicet.
500 1750 594 1780 Sorte.
644 1748 726 1780 Vide
763 1748 803 1779 ad

145 1809 268 1830 versum
296 1799 371 1829 368.
419 1799 562 1834 Discidii,
588 1797 724 1828 divortii.
771 1798 803 1828 Si

144 1849 254 1885 nullos,
281 1853 344 1878 etc.
403 1848 471 1878 Lex
506 1847 636 1878 fatorum
660 1852 740 1883 erat,
769 1853 804 1877 ut

144 1896 261 1928 nemini
285 1907 323 1927 ex
350 1896 455 1928 inferis
481 1896 580 1927 redire
601 1896 719 1932 liceret,
748 1896 802 1937 qui

142 1946 186 1977 ibi
199 1945 318 1987 aliquid
332 1945 500 1986 gustasset.
546 1945 574 1975 F
574 1946 666 1981 trdus,
683 1944 757 1975 ordo
772 1950 803 1975 et

143 2005 252 2026 cursus
278 2005 380 2026 rerum
409 2000 566 2030 constans,
596 1993 630 2025 h.
655 1994 678 2024 l.
709 2004 801 2035 quem

144 2045 263 2081 Parcae,
285 2048 435 2085 tanquam
464 2053 502 2074 ex
525 2042 705 2084 composito,
730 2052 803 2073 con-

143 2093 321 2125 stituerant.
385 2091 498 2123 Claud.
536 2092 580 2123 iii.
617 2093 647 2123 4.
682 2091 804 2133 foedera

144 2145 263 2180 mundi,
293 2148 439 2174 constans
466 2141 551 2179 ord0,
581 2152 643 2183 quo
671 2141 805 2172 mundus

143 2192 269 2234 regitur.

187 2243 263 2274 535.
285 2242 420 2272 Solverat
432 2253 443 2279 ‚·
467 2248 495 2273 et
510 2241 627 2282 cultis]
652 2241 738 2276 Tres,
749 2242 803 2270 sol-

146 2297 231 2322 verat
258 2292 406 2333 irriguis3
442 2290 590 2321 Heinsius
613 2290 805 2331 conjecturat

145 2347 174 2371 et
194 2341 302 2382 riguis,
317 2339 348 2370 id
367 2345 425 2376 est,
441 2350 518 2381 quos
536 2339 619 2370 rivus
638 2339 804 2369 interseca—

144 2390 212 2421 bat.
265 2388 385 2420 Heinsii
410 2388 586 2420 emendatio
614 2399 676 2419 non
702 2398 804 2429 asper-

147 2439 264 2470 nanda.
310 2439 412 2469 cultos
432 2438 501 2469 illos
522 2439 618 2468 hortos
639 2437 804 2468 inferorum

148 2487 295 2519 describit
316 2488 481 2523 Homerus,
506 2487 567 2518 Od.
585 2491 623 2518 Α.
646 2487 719 2517 589.
757 2487 804 2517 Ibi

147 2538 270 2568 arbores
296 2536 464 2577 frugiferae‚
496 2535 565 2577 piri,
597 2535 683 2572 mali,
714 2536 802 2571 ficus,

147 2587 235 2622 oleae,
251 2585 345 2617 etiam
361 2584 456 2627 ῥοιαὶ,
469 2586 540 2616 mali
557 2585 691 2627 punicae.
729 2586 803 2615 Sim-

144 2637 224 2676 plex,
237 2635 314 2666 nihil
326 2634 399 2665 mali
412 2635 583 2676 suspicans.
617 2634 722 2670 Errat,
739 2645 802 2663 am-

149 2685 246 2715 bulat.
293 2684 461 2715 Poerziceum
476 2695 602 2723 pomum,
619 2683 735 2713 malum
750 2694 805 2723 pu-

149 2732 253 2763 nicum
268 2732 333 2763 sive
347 2739 523 2774 granatum.
562 2732 643 2762 Hinc
659 2731 805 2762 Thesmo-

195 2782 294 2812 VOL.
317 2781 382 2811 ΠΙ.

869 1649 1070 1692 phoriazusae,
1079 1659 1148 1691 quae
1159 1658 1246 1679 sacra
1256 1646 1412 1677 faciebant
1421 1644 1527 1677 Cereri

870 1698 1016 1740 legiferae,
1034 1698 1233 1729 abstinebant
1251 1707 1270 1727 a
1289 1694 1378 1725 malis
1397 1694 1528 1736 punicis.

873 1749 979 1779 Corte]-
991 1749 1108 1788 pallens
1122 1752 1205 1778 recte
1220 1745 1352 1783 dicitur3
1375 1755 1447 1775 nam
1460 1746 1527 1784 pal-

872 1800 931 1829 lere
956 1798 994 1829 de
1021 1798 1087 1828 auri
1113 1796 1207 1828 etiam
1229 1794 1329 1826 colore
1355 1799 1528 1835 usurpatur.

870 1849 939 1880 Hoc
964 1849 1032 1879 Ioco
1056 1855 1162 1888 septem
1186 1858 1295 1888 grana,
1311 1843 1365 1875 sed
1386 1845 1471 1874 Fast.
1487 1843 1529 1874 iv.

870 1899 943 1929 607.
957 1909 1018 1929 non
1030 1898 1088 1929 nisi
1103 1900 1173 1927 tria.
1207 1897 1256 1926 De
1271 1895 1377 1926 cortice
1388 1893 1442 1924 illo
1455 1904 1528 1924 con-

870 1947 915 1978 fer
930 1959 959 1978 x.
976 1948 1051 1978 736.
1091 1947 1129 1977 In
1144 1946 1176 1977 h.
1192 1943 1331 1979 Homeri,
1344 1943 1419 1973 372.
1436 1943 1529 1973 Pluto

870 1997 949 2039 ipse,
982 1996 1138 2027 dimittere
1169 1992 1384 2035 Proserpinam
1410 1992 1528 2034 jussus,

871 2047 933 2078 tale
945 2058 1078 2088 granum
1092 2046 1120 2076 ei
1136 2044 1291 2076 edendum
1307 2042 1372 2078 dat,
1385 2042 1473 2083 cujus
1483 2041 1530 2072 vis

872 2101 947 2131 erat,
964 2101 998 2126 ut
1017 2094 1123 2137 puella
1145 2104 1183 2124 ne
1204 2091 1287 2134 apud
1310 2091 1442 2133 Superos
1463 2101 1527 2120 ma-

871 2150 968 2179 neret,
983 2144 1036 2174 sed
1052 2143 1092 2174 ad
1108 2142 1272 2183 conjugem
1286 2139 1411 2170 rediret.
1434 2139 1484 2169 Sic
1500 2146 1531 2169 et

873 2192 1091 2235 Apollodorus.

915 2243 987 2273 539.
1005 2241 1127 2271 Viderat
1139 2236 1419 2277 Ascalaplms,etc.]
1434 2236 1528 2278 Apud

872 2291 1021 2334 Apollod.
1034 2290 1090 2320 lib.
1107 2290 1128 2320 i.
1144 2289 1177 2319 d.
1191 2289 1214 2319 l.
1231 2288 1325 2319 Ceres
1340 2285 1530 2327 Ascalapho,

873 2339 1059 2371 Acherontis
1075 2345 1105 2369 et
1116 2338 1263 2378 Gorgyrae
1276 2335 1349 2371 filio,
1361 2334 1443 2376 quod
1458 2345 1530 2375 gus-

873 2388 1021 2419 tationem
1035 2388 1123 2418 illam
1138 2391 1271 2417 testatus
1287 2390 1363 2421 erat,
1379 2384 1528 2425 superim-

872 2439 958 2480 ponit
974 2448 1082 2468 saxum
1098 2449 1105 2475 3
1130 2435 1184 2466 sed
1199 2436 1363 2466 liberatum
1375 2444 1443 2464 eum
1458 2433 1530 2463 inde

872 2488 911 2517 ab
924 2486 1059 2517 Hercule
1072 2490 1172 2515 mutat
1185 2486 1217 2514 in
1230 2485 1325 2518 ὧτοιι,
1339 2493 1392 2512 seu
1404 2492 1530 2523 parvam

873 2541 1028 2566 noctuam.
1076 2535 1207 2574 Orphne,
1237 2533 1350 2574 ὄρφνη,
1381 2532 1529 2562 tenebrae.

874 2586 983 2615 Farris
993 2586 1046 2615 sub
1058 2586 1165 2614 antris.
1190 2583 1303 2617 Fur-va,
1316 2591 1424 2622 opaca.
1450 2580 1530 2610 Fur-

872 2635 974 2663 sissub
986 2634 1093 2667 antris,
1104 2630 1364 2672 quemadmodum
1376 2629 1530 2670 Nympbae

875 2682 999 2712 inarinae
1011 2682 1112 2710 vitreis
1123 2682 1175 2711 sub
1187 2681 1283 2710 antris
1294 2679 1426 2720 pariunt.
1450 2677 1531 2708 Vide

876 2730 914 2761 ad
930 2740 1049 2760 versum
1067 2731 1120 2758 48.

1006 2778 1031 2807 Ῐί
1052 2789 1063 2807 r
