1763 3181
405 163 1033 206 METAMORPHOSEON
1067 166 1187 207 LIB.
1218 167 1329 209 VII.

1474 171 1560 212 475

164 278 415 342 Concipit,
444 285 496 326 et
519 278 684 325 fundit
709 295 887 342 purum
912 279 1039 327 inter
1064 297 1249 329 cornua
1272 283 1455 339 vinum,

162 354 312 401 Haud
338 361 604 417 expectato
630 355 920 402 ceciderunt
943 357 1145 405 vulnere
1170 359 1323 405 tauri!

1461 364 1557 408 595

162 431 280 494 Ipse
305 447 397 493 ego
423 448 564 478 sacra
587 431 616 478 J
622 433 698 479 ovi
724 448 812 495 pro
838 449 933 488 me,
961 434 1240 496 patriaque,
1268 436 1528 499 tribusque

163 507 330 561 Quum
355 507 569 555 facerem
596 509 740 565 natis,
769 511 990 571 mugitus
1015 511 1217 558 victima
1240 512 1373 559 diros

163 583 360 640 Edidit;
402 592 453 631 et
479 585 644 632 subito
671 586 892 649 collapsa
918 586 1024 633 sine
1048 586 1230 634 ictibus
1256 587 1369 635 ullis

162 661 360 723 Exiguo
385 660 538 707 tinxit
563 662 817 724 subjectos
844 659 1087 724 sanguine
1113 665 1314 711 cultros

1461 669 1557 713 599

163 737 311 785 Fibra
330 753 532 801 quoque
553 755 684 800 aegra
708 746 851 786 notas
872 739 971 786 veri
991 740 1312 803 monitusque
1338 741 1559 789 Deorum

163 814 484 862 Perdiderat:
524 816 691 863 tristes
716 824 983 880 penetrant
1011 817 1074 864 ad
1099 817 1290 864 viscera
1314 819 1489 866 morbi.

162 892 294 939 Ante
321 908 487 939 sacros
512 892 613 939 vidi
638 894 861 956 projecta
884 895 1126 942 cadavera
1156 902 1355 958 postes:

163 968 296 1016 Ante
319 969 470 1033 ipsaS,
499 985 599 1032 quo
625 986 756 1017 mors
782 970 908 1018 foret
933 971 1232 1028 invidiosior,
1259 988 1368 1019 aras

162 1090 268 1122 Lanea
290 1093 362 1122 <lum
381 1092 468 1121 nivea
491 1093 699 1122 circumdatur
722 1093 825 1134 inficta

163 1141 251 1176 vitta,
282 1140 370 1170 Inter
396 1147 572 1172 cunctantes
601 1144 706 1172 cecidit
736 1144 825 1172 mori-

162 1190 262 1220 bunda
289 1191 449 1220 ministros.
494 1191 559 1221 Aut
582 1193 605 1221 si
630 1203 718 1231 quam
735 1191 827 1233 ferro

160 1245 344 1269 mactaverat
365 1245 435 1269 ante
461 1241 606 1275 sacerdos,
634 1240 710 1271 Inde
736 1251 828 1281 neque

163 1289 305 1326 impositis
318 1289 426 1318 ardent
442 1288 674 1328 aharinfibris5
702 1289 766 1319 Nec
778 1300 825 1319 re-

162 1347 266 1376 sponsa
289 1343 381 1376 potest
401 1337 555 1367 consultus
577 1339 701 1367 reddere
726 1345 826 1368 rates:

164 1385 209 1416 Ac
237 1388 283 1416 vix
315 1387 457 1425 suppositi
487 1387 655 1426 tinguntur
680 1388 828 1427 sanguine

162 1435 266 1469 cultri,
283 1434 580 1474 Summaquejejuna
596 1437 677 1465 sanie
693 1435 827 1475 infusca-

162 1489 214 1512 tur
242 1494 346 1514 arena.
396 1483 467 1513 Vota
498 1485 638 1523 concipit,
665 1484 828 1514 formulam

162 1541 290 1572 precum
315 1531 437 1567 recitat,
453 1532 612 1573 conceptis
637 1532 738 1563 verbis
760 1543 828 1573 pre-

164 1585 273 1610 catur:
298 1579 437 1615 Tacitus,
460 1581 543 1610 Hist.
560 1580 604 1611 iv.
626 1582 830 1621 31.j11risjn-

163 1631 255 1659 ¹randi
270 1630 358 1659 verba
373 1631 535 1669 concipere,
551 1630 754 1671 pronunciare
770 1631 829 1661 for-

165 1678 282 1707 mulam
294 1677 508 1719 jurisjurandi.
534 1679 652 1709 Purmn
665 1689 830 1709 commune

163 1736 265 1757 rerum
281 1736 438 1757 sacrarum
454 1726 625 1768 epitheton.
649 1728 699 1758 Sic
711 1728 742 1758 ii.
757 1729 830 1759 713.

160 1786 242 1814 pura
257 1786 337 1811 vasa,
353 1775 407 1805 ubi
423 1775 487 1806 vid.
504 1781 567 1807 not.
606 1777 733 1812 Vulnus,
749 1776 830 1808 ictus

164 1824 269 1860 cultri,
299 1834 495 1865 consequens
523 1835 578 1866 pro
608 1825 829 1857 antecedente.

164 1873 256 1903 Mala
271 1872 387 1908 omina,
403 1872 428 1902 si
444 1872 573 1904 victima
595 1879 723 1916 repente
743 1877 830 1906 cude-

164 1922 224 1957 bat,
244 1923 379 1963 mugitus
401 1921 525 1957 edebat,
543 1923 739 1963 eaigumnque
761 1924 830 1953 fun-

163 1970 260 2001 debat
272 1971 460 2012 srmguz‘nem.
483 1972 605 2011 Largus
620 1977 728 2002 contra
743 1982 832 2002 cruor

164 2019 302 2050 faustum
327 2019 461 2060 signum.
496 2019 629 2056 Plinius,
656 2021 738 2050 Pan.
755 2032 784 2052 v.
801 2022 830 2052 3.

165 2067 326 2108 Saly'ectos‚
341 2068 373 2098 in
394 2067 489 2099 sacris
505 2068 595 2098 cultri
614 2069 720 2099 subter
736 2069 829 2111 jugu-

165 2116 230 2147 lum
247 2117 331 2158 adigi
348 2116 501 2147 solebant.

208 2167 282 2197 600.
306 2165 399 2196 Fibra
410 2177 421 2203 ,·
445 2166 530 2196 fibrae
551 2165 673 2208 proprie
689 2172 830 2197 extorum

165 2215 390 2252 extremitates,
405 2214 519 2245 deinde
536 2214 662 2246 omnino
677 2222 760 2251 exta,
774 2216 831 2247 hoc

167 2269 223 2300 est,
237 2264 338 2305 jecur,
355 2274 417 2299 cor,
433 2263 608 2304 pulmones.
655 2265 763 2305 AEgra,
786 2265 831 2294 vi-

166 2313 256 2343 tiata.
305 2313 400 2343 Notas
415 2315 477 2343 veri
491 2313 580 2354 signa
595 2312 710 2353 quibus
726 2324 831 2344 verum

167 2361 372 2403 cognoscitur.
419 2361 516 2392 Dolet
542 2362 671 2397 ΔῈῑὶεῑιις,
688 2363 772 2403 quod
794 2374 832 2393 ne

167 2421 205 2441 ex
221 2411 296 2453 ipsis
313 2410 440 2451 quidem
457 2410 537 2441 extis
553 2410 682 2441 consilia
696 2412 832 2442 Deorum

166 2460 198 2490 in
209 2471 240 2490 re
253 2465 316 2490 tam
330 2459 407 2490 tristi
421 2460 485 2501 peti
501 2459 658 2501 potuerint
671 2472 677 2489 ;
694 2460 835 2491 morbida

166 2507 250 2539 euim
274 2507 322 2538 vis
348 2510 533 2547 perdiderat,
563 2515 739 2549 corruperat
767 2509 834 2549 ipsa

168 2557 298 2593 viscera,
314 2563 349 2587 ut
363 2568 466 2587 verum
488 2556 561 2587 inde
583 2558 726 2598 cognosci
748 2557 832 2588 haud

168 2611 285 2646 posset.
331 2605 466 2636 Lenzius
482 2608 658 2645 prodiderat
680 2607 762 2647 cxpl.
779 2607 834 2637 de-

168 2659 317 2684 seruerat.
363 2655 442 2684 Ante
463 2656 550 2694 ipsas,
571 2660 632 2685 etc.
679 2655 746 2685 Hoc
767 2655 834 2696 jam

169 2702 288 2733 dictum
304 2713 394 2734 versu
410 2703 486 2734 591.
522 2704 645 2745 Regius
660 2703 752 2744 igitur
767 2709 835 2745 post

892 1106 961 1124 aras
976 1094 1060 1124 delet
1076 1098 1238 1135 punctum,
1251 1099 1286 1124 ut
1300 1093 1367 1124 haec
1383 1094 1561 1125 cohaereant

894 1153 965 1172 cum
981 1143 1195 1183 sequentibus.
1235 1142 1304 1172 Non
1319 1142 1401 1173 male
1415 1154 1421 1172 :
1446 1142 1473 1173 ei
1489 1153 1561 1183 ergo

894 1192 1088 1232 obsequutus
1116 1201 1195 1221 sum.
1249 1191 1413 1227 Invidiosa,
1442 1190 1559 1227 odiosa,

896 1239 1126 1270 abominabilis.
1170 1239 1347 1274 Lucretius,
1378 1239 1422 1269 vi.
1456 1240 1560 1270 1270:

898 1288 1005 1318 Omnia
1030 1290 1156 1327 denique
1179 1294 1282 1318 sancta,
1309 1288 1408 1317 Derim
1433 1289 1560 1323 ¹delubra

896 1336 1028 1374 replerat
1049 1336 1227 1375 Corporibus
1248 1347 1323 1365 mors
1343 1338 1506 1373 exanimis5
1531 1342 1563 1367 et

899 1385 1001 1414 1274:
1039 1385 1103 1415 Nec
1122 1387 1193 1424 jam
1217 1386 1325 1426 religio
1354 1385 1479 1421 Diznlm,
1507 1396 1561 1416 nec

896 1435 1024 1463 nzmzz'na
1035 1435 1138 1473 magni
1152 1433 1383 1464 Pendebantnr:
1399 1436 1476 1464 enim
1483 1445 1561 1474 prae-

896 1494 959 1512 seus
978 1484 1061 1512 dolor
1080 1484 1282 1522 exsuperabat.
1317 1484 1458 1513 Animam
1473 1485 1560 1514 clau-

897 1534 986 1565 dunt.
1005 1530 1150 1567 breviter,
1174 1531 1299 1568 clausis,
1315 1532 1498 1569 constrictis,
1514 1532 1561 1564 la·

897 1590 978 1621 queo
1003 1581 1146 1611 faucibus
1170 1580 1357 1622 impediunt,
1372 1580 1448 1617 sive,
1464 1581 1560 1612 inter-

898 1628 1031 1659 cludunt
1044 1628 1194 1660 animam.
1218 1629 1356 1665 Plenius,
1369 1629 1400 1659 in
1412 1629 1472 1666 lbi,
1487 1632 1561 1661 552.

897 1679 1004 1708 anima
1028 1679 1130 1718 Laqueo
1150 1680 1189 1708 sit
1209 1679 1257 1707 via
1280 1679 1383 1709 clausa
1403 1685 1473 1709 τιμε.
1521 1680 1562 1710 Et

898 1728 1038 1757 claudere
1059 1726 1184 1757 omnino
1206 1726 1369 1768 impedire,
1382 1732 1418 1758 ut
1431 1729 1473 1759 vi.
1487 1729 1562 1759 572.

900 1776 1077 1815 Morzisque,
1103 1781 1164 1806 ete.
1209 1775 1350 1816 Argute:
1381 1786 1420 1806 ne
1443 1776 1498 1808 diu
1524 1777 1563 1808 ti-

898 1835 981 1855 more
1006 1825 1112 1855 mortis
1136 1830 1201 1854 tam
1227 1824 1341 1855 odiosae
1371 1825 1560 1863 crucientur,

899 1878 1026 1914 repente
1037 1874 1094 1904 sibi
1107 1873 1202 1903 aliam
1215 1873 1412 1904 consciscunt
1423 1880 1563 1908 mortem.

899 1922 1033 1957 Plinius,
1061 1923 1120 1963 Ep.
1137 1923 1194 1953 VI.
1211 1934 1264 1953 xx.
1286 1923 1336 1952 14.
1357 1923 1395 1954 de
1417 1924 1562 1956 incendio

900 1971 1048 2001 Vesuvii:
1076 1972 1187 2007 Erant,
1203 1974 1254 2012 qui
1270 1978 1350 2002 metu
1364 1975 1467 2003 mortis
1485 1985 1563 2003 mor-

901 2026 957 2049 tem
985 2026 1196 2058 precarentur.
1240 2020 1377 2051 Mirifice
1402 2021 1460 2052 hoc
1489 2032 1563 2053 acu-

899 2078 971 2098 men
995 2068 1177 2099 Schirachio
1203 2068 1332 2110 placuit,
1361 2069 1414 2110 qui
1442 2081 1564 2101 summa

899 2116 942 2147 sic
973 2117 1112 2148 efficacia
1147 2117 1246 2148 morbi
1274 2118 1429 2149 cruciatus
1463 2121 1564 2160 pictos

897 2176 963 2196 esse
984 2172 1099 2196 monet.
1145 2166 1262 2196 Praeter
1283 2166 1363 2196 illud
1389 2167 1484 2197 Plinii
1509 2178 1563 2198 ex-

898 2215 1048 2255 emplum,
1075 2214 1158 2255 quod
1179 2214 1285 2244 attulit
1308 2215 1347 2245 cl.
1365 2215 1484 2257 Gierig,
1500 2215 1562 2247 duo

898 2269 1012 2294 caetera
1033 2269 1185 2304 petemus,
1201 2263 1285 2304 prius
1309 2264 1347 2294 ab
1363 2263 1515 2300 Martiali,
1531 2265 1565 2296 ii.

899 2313 1005 2353 Epigr.
1022 2314 1084 2342 80:
1111 2313 1184 2347 Hic,
1208 2324 1289 2354 rogo,
1315 2325 1374 2343 non
1389 2314 1488 2353 juror
1510 2321 1564 2350 est,

900 2372 936 2391 ne
952 2364 1090 2398 moriare,
1107 2363 1202 2391 morl?
1226 2362 1358 2392 alterum
1374 2372 1393 2392 a
1407 2362 1509 2397 Floro,
1527 2363 1562 2393 ii.

907 2411 944 2440 12
959 2422 965 2439 :
991 2412 1077 2449 cujus
1092 2417 1176 2440 tanta
1194 2412 1354 2449 trepidatio
1364 2410 1448 2451 fnit,
1464 2418 1499 2441 ut
1511 2422 1562 2450 pe-

902 2462 1023 2490 cuniam
1040 2471 1151 2489 ‹nnnem
1168 2462 1197 2489 in
1218 2470 1299 2489 mare
1308 2462 1438 2498 jusserit
1453 2463 1560 2501 mergi,

903 2520 939 2538 ue
952 2512 1085 2548 periret3
1108 2509 1227 2538 classem
1248 2510 1386 2543 cremari,
1403 2520 1439 2539 ‘ne
1461 2511 1562 2539 incen-

902 2558 1036 2587 deretur.
1084 2557 1192 2587 Vocare
1208 2556 1278 2597 quis
1297 2556 1409 2587 dicitur
1424 2567 1473 2592 ea,
1492 2568 1561 2598 quae

902 2606 1066 2636 accelerat.
1112 2605 1195 2635 Huic
1217 2606 1297 2635 bene
1314 2605 1459 2635 convenit
1481 2608 1563 2636 veni-

902 2657 996 2687 entia.
1012 2653 1093 2695 quod
1108 2653 1469 2684 Eurmannusillustrat:
1486 2655 1561 2685 Per-

902 2704 975 2739 sius,
991 2703 1033 2734 iii.
1049 2704 1101 2734 64.
1124 2703 1259 2733 Venie'ntz'
1274 2714 1429 2734 occurrere
1443 2705 1550 2735 morbo.
