1763 3181
239 202 322 242 2200
630 199 680 240 P.
714 198 924 240 OVIDII
959 197 1235 239 NASONIS

243 315 644 378 Munychiosque
669 315 837 361 volans
863 329 1022 375 agros,
1047 320 1337 376 gratamque
1364 312 1603 360 Minervae

243 393 585 456 Despectabat
610 392 829 446 humum,
857 390 1081 453 cultique
1107 391 1310 437 arbusta
1335 389 1518 453 Lycaei.

243 469 335 515 Illa
355 468 480 516 forte
506 468 586 515 die
611 475 763 515 castae
790 468 852 515 de
878 483 1013 515 more
1040 468 1217 532 puellae

1527 469 1617 513 711

239 545 437 593 Vertice
463 545 724 608 supposito
749 544 900 591 festas
928 545 976 590 in
1004 544 1225 591 Palladis
1252 560 1390 591 arces

240 622 374 669 Pura
397 622 640 668 coronatis
666 621 932 684 portabant
958 637 1099 667 sacra
1122 620 1366 667 canistris.

237 698 362 746 Inde
388 706 690 746 revertentes
718 698 856 745 Deus
884 698 1063 761 aspicit
1088 698 1219 751 ales;
1260 697 1454 759 iterque

240 775 353 823 Non
373 776 476 838 agit
500 775 549 821 in
570 782 775 830 rectum,
802 776 890 823 sed
911 775 959 821 in
986 775 1155 822 orbem
1177 782 1348 821 curvat
1373 773 1604 820 eundem.

241 852 311 900 Ut
334 852 545 899 volucris
570 853 686 899 visis
711 851 1028 916 rapidissima
1051 852 1231 898 miluus
1257 851 1404 907 extis,

1527 852 1622 897 716

240 929 373 976 Dum
398 930 554 985 timet,
583 938 634 976 et
657 930 797 977 densi
822 930 1149 977 circumstant
1173 945 1314 976 sacra
1337 928 1565 984 ministri,

239 1006 480 1053 Flectitur
504 1006 553 1053 in
579 1022 783 1070 gyrum3
824 1023 916 1054 nec
941 1007 1135 1069 longius
1162 1007 1312 1054 audet
1337 1005 1501 1060 abire3

241 1082 493 1146 Spemque
520 1099 661 1130 suam
687 1083 834 1130 motis
856 1084 1027 1130 avidus
1053 1083 1375 1130 circumvolat
1401 1082 1519 1129 alis:

241 1159 324 1206 Sic
352 1176 500 1224 super
524 1160 722 1208 Actaeas
749 1161 891 1223 agilis
919 1161 1179 1225 Cyllenius
1206 1176 1344 1207 arces

278 1331 351 1361 709.
364 1330 696 1372 Munychios,AttiCOS.
713 1331 893 1372 Munychia,

233 1390 305 1421 pars
317 1381 402 1410 urbis
413 1380 615 1411 Atheniensis
626 1390 698 1411 cum
713 1387 813 1422 portu.
841 1381 892 1411 Sic

233 1429 319 1460 dicta
340 1440 356 1459 a
379 1430 542 1470 Munycho
565 1430 619 1471 qui
638 1429 703 1460 illic
726 1429 893 1460 aedifieavit

233 1478 383 1520 templum
399 1478 583 1520 Munychiae
600 1478 726 1509 Dianae.
765 1478 893 1509 Graiam

235 1527 380 1557 Minerrae
408 1527 543 1558 humum.
589 1527 714 1568 Nempe
739 1534 836 1568 granc
863 1533 894 1558 et

233 1578 347 1607 ditectae
368 1575 440 1606 Diis
454 1576 547 1607 urbes
563 1575 721 1612 dicuntur,
737 1586 805 1618 quae
822 1584 895 1607 sunt

231 1626 263 1656 in
292 1635 397 1656 eorum
427 1625 537 1655 tutela.
595 1625 730 1666 Lyceum
759 1625 894 1657 Athenis

232 1675 442 1716 gymnasium,
472 1674 565 1705 situm
594 1680 682 1706 extra
708 1675 826 1706 moenia
855 1676 895 1707 ad

231 1723 369 1759 Ilissum,
391 1723 514 1765 egregie
538 1724 658 1755 cultum
681 1729 712 1755 et
734 1724 895 1756 arboribus

232 1773 384 1804 consitum
396 1784 405 1812 ;
428 1772 461 1803 in
482 1783 544 1814 quo
563 1773 727 1805 serioribus
749 1774 894 1816 tempori-

233 1822 288 1852 bus
302 1822 487 1853 Aristoteles
501 1822 624 1853 scholas
638 1822 786 1854 habebat.
833 1824 893 1855 Ce-

231 1872 330 1913 cropis
346 1877 449 1902 autem
472 1877 564 1902 aetate
587 1882 644 1902 nec
667 1872 797 1914 Lyceum
819 1883 892 1904 con-

232 1920 342 1956 ditum,
360 1931 417 1951 nec
434 1920 576 1952 solennia
590 1921 656 1957 illa,
673 1932 742 1963 quae
757 1922 823 1963 jam
838 1921 892 1953 de-

231 1969 419 2006 scribuntur,
435 1969 579 2001 instituta
592 1976 690 2000 erant.

275 2019 347 2049 711.
371 2018 433 2049 Illa
451 2019 539 2060 sorte
565 2021 634 2056 die,·
671 2018 722 2049 die
748 2019 894 2050 vicesimo

231 2067 368 2098 secundo
393 2067 507 2098 mensis
529 2068 816 2105 Hecatombaeonis,
840 2069 893 2111 qui

228 2116 293 2147 fere
323 2116 489 2158 respondet
517 2124 621 2147 nostro
651 2117 751 2153 Juli0,
783 2118 891 2159 quinto

230 2175 355 2207 quoque
385 2176 466 2196 anno
499 2165 649 2197 celebrari
686 2166 829 2197 solebant
857 2169 894 2198 (Ie

231 2226 319 2252 more,
348 2215 387 2246 ab
417 2215 619 2246 Erichthonio
643 2226 713 2257 rege
739 2215 891 2252 instituto,

231 2270 261 2294 et
287 2274 306 2294 a
329 2264 451 2295 Theseo
481 2270 640 2300 renovato,
666 2265 891 2301 Panathenaea,

231 2313 344 2353 quibus
372 2313 482 2355 peplus
515 2313 667 2344 Minervae
703 2315 894 2355 gestabatur.

231 2361 269 2391 In
291 2371 406 2404 pompa
420 2361 551 2398 solenni,
563 2363 670 2401 puellae
685 2370 771 2393 casta:
785 2368 817 2394 et
840 2373 894 2394 no-

229 2409 401 2446 bilissimae,
418 2412 527 2441 vertice
548 2413 704 2451 supposito,
725 2411 757 2442 in
779 2411 893 2454 capite,

231 2460 397 2500 portabant
421 2462 555 2489 canistra
581 2470 636 2490 seu
666 2460 784 2496 corbes,
810 2461 893 2491 unde

231 2509 408 2550 κανηφόροι
431 2514 462 2539 et
481 2509 666 2551 λικνοφόροι
682 2509 774 2540 dietae
797 2517 890 2548 sunt;

230 2567 300 2588 nam
324 2559 448 2589 κανοῦν
471 2560 635 2588 canistrum
658 2558 836 2600 significat;
861 2565 892 2590 et

228 2606 341 2638 λίκνον
362 2606 471 2637 eodem
494 2607 584 2638 redit.
629 2609 675 2638 Ea
694 2609 829 2640 canistra
843 2621 890 2639 co-

229 2663 335 2686 ronam
352 2655 492 2696 (Ciofan.
509 2655 728 2698 interpretatur
749 2657 788 2688 ad
810 2668 890 2689 mar-

228 2703 332 2745 ginem
356 2716 448 2746 usque
470 2705 577 2745 plena)
599 2712 685 2737 erant
711 2707 836 2738 floribus
859 2714 889 2738 et

229 2752 400 2786 frondibus.
427 2753 690 2796 continebantque
728 2767 824 2791 sacra,
857 2756 888 2787 id

1525 1161 1622 1205 720

961 1337 1018 1368 est,
1037 1341 1119 1367 vasa,
1142 1341 1273 1372 quorum
1295 1341 1368 1361 usus
1383 1330 1414 1360 in
1434 1328 1501 1360 istis
1521 1328 1623 1360 solen-

962 1381 1065 1417 nibus,
1084 1387 1114 1411 et
1136 1380 1180 1411 sic
1198 1391 1290 1420 pura,
1311 1390 1372 1410 non
1393 1378 1540 1421 profana3
1563 1378 1623 1409 nisi

961 1430 1051 1461 malis
1073 1441 1144 1461 cum
1163 1440 1226 1460 uno
1249 1429 1318 1460 MS.
1335 1435 1411 1460 tecta
1422 1440 1433 1465 ,·
1457 1428 1520 1469 tegi
1540 1427 1622 1458 enim

961 1480 1102 1511 solebant
1117 1478 1177 1510 ista
1192 1479 1338 1510 canistra.
1383 1478 1421 1508 In
1436 1488 1505 1508 arce
1518 1483 1623 1508 autern

962 1529 1125 1572 Cecropia,
1140 1529 1285 1560 Minerva
1307 1528 1366 1559 tria
1385 1527 1524 1558 habebat
1544 1534 1623 1558 tem-

961 1579 1024 1620 pla,
1037 1589 1053 1609 e
1066 1578 1180 1620 quibus
1195 1577 1422 1608 nobilissimum
1433 1576 1624 1608 Parthenon.

962 1628 1074 1664 Festos,
1091 1627 1122 1658 in
1137 1627 1251 1668 quibus
1266 1626 1408 1657 solennia
1423 1625 1611 1657 celebraban

961 1684 1019 1709 tur.
1057 1677 1107 1708 Sic
1126 1679 1211 1718 festa
1239 1677 1368 1713 theatra,
1393 1675 1439 1707 iii.
1467 1676 1539 1705 111.
1569 1674 1623 1706 ubi

959 1727 1030 1758 vide
1046 1733 1162 1758 notam.

1003 1777 1184 1808 715-—72L
1201 1775 1270 1806 Non
1284 1777 1349 1817 agit
1364 1776 1396 1805 in
1410 1781 1534 1810 rectum,
1545 1774 1623 1815 etc.]

960 1826 1108 1857 Volatum
1132 1825 1165 1856 in
1191 1826 1296 1856 orbem
1320 1824 1460 1866 quinque
1485 1823 1625 1855 formulis

962 1875 1103 1906 variavit.
1135 1876 1252 1906 Versus
1268 1875 1330 1904 720
1347 1879 1378 1904 et
1395 1874 1469 1904 721.
1486 1873 1510 1903 si
1533 1873 1623 1904 abes-

960 1930 1039 1960 sent,
1056 1935 1116 1954 non
1131 1923 1388 1954 desiderarentur.
1433 1922 1514 1953 Cum
1533 1921 1620 1953 simi-

961 1972 1092 2004 litudine
1105 1970 1270 2014 interjecta
1281 1971 1387 2003 confer
1394 1971 1483 2013 Virg.
1493 1970 1623 2002 AEneid.

960 2022 1002 2053 iv.
1016 2023 1078 2052 252
1100 2031 1168 2062 sqq.
1216 2021 1336 2051 Miluus
1361 2021 1450 2050 nobis
1471 2020 1584 2056 Πέἰήε,
1605 2031 1623 2051 e

961 2081 1072 2112 genere
1101 2069 1203 2100 avium
1231 2069 1512 2111 rapacissimarum.
1559 2069 1622 2100 Mi-

962 2122 1044 2151 Ιιιιιηι
1073 2119 1200 2161 quidem
1226 2120 1353 2160 regalem
1381 2125 1444 2149 tam
1468 2118 1620 2150 audacem

959 2178 1026 2199 esse
1056 2168 1087 2198 in
1114 2166 1273 2198 Africanis
1301 2167 1371 2203 oris,
1400 2174 1435 2198 ut
1469 2177 1576 2199 carnes
1604 2178 1622 2199 e

959 2217 1091 2248 macello
1106 2224 1137 2248 et
1151 2227 1168 2247 e
1183 2216 1328 2248 manibus
1339 2216 1498 2247 hominum
1509 2217 1623 2259 rapiat,

960 2266 1114 2297 Mullerus
1130 2264 1169 2296 ad
1185 2264 1297 2296 Linnei
1312 2265 1394 2307 Syst.
1410 2265 1486 2295 Nat.
1501 2271 1576 2296 tom.
1591 2264 1626 2295 ii.

960 2326 1032 2357 pag.
1048 2316 1100 2346 71.
1118 2320 1234 2346 narrat.

1004 2365 1077 2396 719.
1102 2364 1193 2394 Motis
1219 2363 1303 2404 alis.]
1351 2363 1425 2394 Non
1451 2362 1543 2393 valde
1567 2363 1623 2394 ille

961 2418 1063 2444 movet
1078 2413 1155 2449 alas,
1172 2412 1225 2442 sed
1246 2411 1469 2454 propemodum
1485 2417 1574 2442 natat
1588 2411 1620 2442 in

961 2472 1042 2497 aere,
1062 2461 1146 2492 unde
1168 2461 1291 2492 Nostris
1313 2461 1408 2492 etiam
1433 2460 1547 2491 dicitur
1568 2462 1623 2491 der

961 2512 1160 2543 Schwimmer.
1220 2512 1332 2553 sigilis,
1363 2510 1479 2552 quippe
1509 2509 1622 2541 alatus.

959 2560 1095 2591 Inclinat
1116 2561 1179 2602 i.q.
1199 2565 1324 2591 curvat:
1358 2561 1469 2590 easdem
1492 2561 1620 2590 circinat

958 2621 1060 2646 auras,
1076 2609 1247 2651 ingeniose,
1265 2609 1318 2639 sed
1335 2615 1441 2639 tamen
1455 2608 1550 2650 paulo
1563 2618 1618 2639 au-

958 2658 1067 2690 dacius
1095 2659 1127 2690 in
1155 2658 1267 2689 iisdem
1300 2658 1393 2694 auris,
1423 2658 1456 2688 in
1482 2657 1617 2688 eundem

956 2718 1078 2750 semper
1107 2709 1223 2744 orbem,
1250 2718 1334 2739 more
1365 2706 1485 2743 circini,
1513 2716 1617 2738 move-

957 2762 1016 2786 tur.
