1763 3181
207 168 293 212 312
597 167 647 209 P.
680 164 892 208 OVIDII
925 164 1204 207 NASONIS

213 283 419 338 Cadme,
446 281 567 345 quid
600 281 727 329 hoc?
764 280 847 327 ubi
880 279 1004 344 pes?
1040 279 1125 326 ubi
1154 286 1269 326 sunt
1295 278 1585 342 humerique

408 357 716 420 manusque?

211 435 279 484 Et
299 437 447 492 color,
469 442 520 483 et
540 434 706 490 facies,
730 440 796 489 et,
817 433 935 480 dum
957 433 1145 496 loquor,
1168 431 1364 479 omnia?
1390 447 1475 479 cur
1490 447 1587 478 non

213 513 300 562 Me
321 529 537 577 quoque,
555 513 800 568 coelestes,
818 511 868 558 in
883 510 1090 558 eandem
1106 509 1292 557 vertitis
1313 524 1523 572 anguem
1540 507 1588 554 ?”

211 591 447 639 Dixerat:
485 590 567 637 ille
593 605 694 636 suae
718 588 972 636 lambebat
995 585 1218 649 conjugis
1243 602 1353 642 ora3

209 667 369 732 Inque
391 668 526 715 sinus
551 682 707 722 caros,
733 665 883 713 veluti
909 671 1245 727 cognosceret,
1271 663 1402 720 ibat3

210 743 277 791 Et
300 744 451 791 dabat
475 744 754 807 amplexus,
782 748 1081 804 assuetaque
1106 740 1233 787 colla
1255 740 1474 803 petebat.

210 819 449 883 Quisquis
475 820 633 875 adest,
661 819 866 866 aderant
888 817 1110 872 comiteS‚
1136 823 1373 863 terretur:
1413 821 1463 862 at
1485 814 1569 861 illa

211 895 423 944 Lubrica
447 896 721 960 permulcet
744 894 933 942 cristati
958 893 1087 941 colla
1111 892 1354 949 draconis,

211 972 276 1020 Et
297 973 461 1020 subito
487 973 584 1020 duo
610 978 751 1029 sunt3
785 973 1061 1034 junctoque
1084 969 1330 1016 volumine
1357 974 1588 1032 serpunt;

210 1048 382 1097 Donec
407 1050 456 1097 in
482 1050 694 1114 appositi
716 1049 928 1097 nemoris
948 1047 1143 1095 subiere
1159 1047 1391 1094 latebras.
1493 1048 1590 1093 600

211 1125 357 1174 Nunc
391 1143 592 1191 quoque
625 1143 716 1174 nec
750 1126 945 1188 fugiunt
976 1124 1241 1180 hominem,
1269 1139 1359 1171 nec
1390 1123 1590 1170 vulnere

407 1204 617 1261 laedunt3

209 1278 444 1343 Quidque
470 1281 603 1344 prius
623 1280 820 1336 fuerint,
842 1281 1024 1344 placidi
1044 1280 1310 1328 meminere
1329 1278 1587 1325 dracones.

277 1356 365 1403 IV.
408 1357 508 1404 Sed
534 1365 698 1405 tamen
724 1358 962 1404 ambobus
988 1373 1141 1405 versae
1167 1355 1342 1403 solatia
1365 1354 1531 1402 formae

1492 663 1588 709 595

207 1488 316 1520 forma.
360 1489 559 1521 Schirachius
579 1490 724 1531 intelligit
747 1489 868 1531 singula

208 1539 335 1569 monstri
345 1539 493 1574 membra,
506 1549 663 1580 squamas,
676 1538 790 1575 vultus,
804 1545 866 1569 etc.

207 1588 308 1618 Immo
320 1588 448 1630 pluralis
457 1599 511 1630 pro
523 1588 601 1630 sing.
613 1588 656 1620 iii.
668 1588 729 1619 673
741 1601 746 1618 z
766 1590 796 1618 in
806 1600 868 1629 quae

206 1638 353 1667 miracala
369 1639 510 1668 verteris?
544 1637 634 1668 Mirae
650 1643 755 1668 autem
770 1643 868 1668 trans-

206 1685 403 1717 formationes
418 1692 449 1717 et
460 1694 589 1717 monstra
604 1693 634 1717 et
646 1687 794 1717 miracula
805 1686 868 1718 dici

205 1734 317 1766 solent.
342 1734 374 1766 ii.
401 1736 462 1766 367
479 1747 486 1773 ;
520 1735 562 1766 ix.
590 1736 662 1766 666.
720 1735 777 1765 Ubi
796 1737 868 1775 pes?

205 1789 266 1814 etc.
311 1783 399 1814 Male
414 1784 446 1814 in
462 1795 583 1815 summa
595 1784 688 1815 animi
705 1785 866 1826 perturba-

205 1832 289 1864 tione
305 1832 427 1874 singula
443 1834 581 1864 membra
595 1839 747 1864 recenset.
784 1834 866 1865 Ean-

207 1883 283 1917 dem,
300 1881 443 1913 similem.

249 1931 323 1962 594.
340 1930 398 1961 Ille
410 1942 468 1962 suae
482 1932 623 1962 lambebat
637 1935 773 1974 conjugis
783 1933 864 1973 ora.]

208 1979 312 2010 EtIam
328 1980 454 2011 mutatis
465 1986 592 2011 manent
604 1981 733 2022 pristina
744 1981 847 2012 studia
859 1994 865 2012 z

206 2037 385 2069 quanquam
415 2028 535 2060 Cadmo
570 2029 658 2059 annis
693 2030 779 2070 gravi
808 2030 867 2061 ista

208 2076 320 2107 amoris
342 2076 432 2118 signa
452 2077 519 2119 jam
547 2076 674 2108 desueta
701 2078 794 2110 fuisse
820 2079 866 2109 vi-

205 2124 330 2156 dentur.
380 2125 479 2156 Paulo
494 2131 574 2168 post,
590 2126 750 2163 Heinsius,
767 2138 783 2158 e
799 2138 866 2158 ves-

206 2172 290 2215 tigiis
315 2179 505 2205 vetustorum
529 2174 692 2212 Codicum,
708 2175 868 2207 invexerat

205 2228 237 2252 at
262 2223 328 2253 illos
349 2223 512 2264 (comites)
528 2222 661 2254 Lubrica
681 2225 867 2263 permulcent

205 2273 324 2302 cristati
340 2272 417 2302 colla
431 2274 582 2303 dracones.
627 2273 681 2304 Ita.
697 2273 868 2304 Harmonia

205 2330 330 2362 serpens
342 2326 401 2357 est,
419 2326 491 2352 ante
507 2331 601 2363 quam
618 2328 764 2353 mutatur.
801 2322 868 2353 Nos

206 2367 300 2410 igitur
327 2369 541 2401 revocavimus
567 2371 727 2412 antiquam
758 2370 866 2402 lectio-

206 2427 287 2454 nem,
303 2429 397 2460 quam
411 2419 533 2460 flagitat
547 2426 720 2451 contextus.
764 2420 868 2451 Draco

205 2466 366 2499 blanditur
394 2467 585 2499 Harmoniae.
642 2469 687 2500 Eo
716 2474 868 2500 terrentur

205 2515 353 2554 comites;
377 2522 409 2548 at
428 2517 484 2548 illa
499 2516 634 2548 vicissim
651 2517 820 2555 blanditur,
838 2524 868 2549 et

204 2564 284 2595 inter
307 2564 378 2596 illas
401 2565 570 2597 blanditias
593 2566 695 2598 subito
719 2574 868 2599 mutatur.

209 2613 316 2644 Codex
334 2614 454 2655 Regius
470 2616 511 2651 A,
528 2623 559 2646 at
575 2617 638 2646 illis
654 2616 786 2647 Lubrica
799 2628 867 2656 per-

209 2663 320 2694 lucent.
366 2664 445 2700 Quae
470 2664 563 2695 lectio
587 2664 723 2696 notanda
744 2670 776 2696 et
800 2676 867 2707 pre-

203 2709 306 2742 tiosior
323 2712 459 2753 vulgata.
498 2714 582 2745 Uxor
597 2714 679 2744 enim
699 2714 810 2745 Cadmi
827 2715 865 2745 ab

936 1488 1006 1520 Diis
1028 1490 1106 1532 petit
1125 1494 1160 1520 ut
1180 1491 1212 1519 in
1233 1489 1357 1519 eundem
1382 1493 1519 1518 vertatur
1539 1498 1594 1516 an-

935 1550 1044 1580 guem3
1068 1544 1099 1570 et
1115 1538 1232 1574 statim,
1250 1544 1319 1569 voto
1336 1536 1406 1568 Diis
1428 1535 1593 1567 annuenti-

935 1589 1003 1624 bus,
1029 1589 1091 1619 illis
1116 1587 1265 1619 ambobus
1294 1587 1409 1617 lubrica
1438 1586 1593 1625 perlucent

935 1638 1022 1674 colla,
1047 1643 1110 1668 etc.
1156 1636 1326 1676 Junctoque
1349 1636 1506 1666 volumine.
1553 1634 1595 1665 Et

935 1686 979 1717 xi.
992 1686 1043 1718 64.
1056 1685 1201 1728 Orpheus
1215 1690 1246 1716 et
1260 1683 1414 1726 Eurydice
1429 1685 1598 1724 conjunctis

934 1739 1106 1776 spatiantur
1116 1737 1268 1776 passibus5
1292 1734 1335 1765 sic
1351 1739 1520 1776 serpentes,
1538 1734 1592 1776 quj

936 1796 968 1817 se
983 1787 1122 1817 volvendo
1136 1786 1427 1824 moventur,juncto
1446 1784 1597 1814 volumine

934 1840 1068 1873 serpunt.
1092 1835 1236 1874 Appositi,
1247 1833 1351 1864 vicini.
1380 1832 1509 1864 Subiere
1518 1833 1594 1864 Ma-

935 1882 1035 1913 luerat
1049 1882 1196 1914 Heinsius
1208 1893 1331 1923 repsere,
1345 1880 1419 1924 quia
1430 1881 1596 1913 dubitabat

936 1941 976 1962 an
987 1933 1086 1964 subire
1100 1934 1131 1963 in
1150 1933 1276 1963 latebras
1289 1931 1363 1963 satis
1373 1930 1519 1962 Latinum
1534 1931 1573 1962 sit
1584 1943 1594 1970 ;

936 1986 968 2012 et
993 1980 1122 2023 quidem
1144 1981 1281 2012 insolens
1302 1980 1370 2011 haec
1395 1980 1594 2011 constructio.

933 2030 1066 2071 Serpens
1081 2029 1249 2060 Veteribus
1265 2039 1347 2071 saepe
1361 2029 1513 2069 placidam
1527 2028 1593 2059 ani-

934 2079 1007 2110 mal.
1053 2078 1166 2120 Itaque
1180 2084 1212 2111 et
1233 2078 1315 2120 genii
1330 2077 1403 2109 boni
1423 2077 1481 2108 hac
1496 2077 1596 2119 figura

935 2127 1175 2158 exhibebantur.
1232 2127 1327 2169 Apud
1353 2125 1534 2168 Euripidem
1562 2125 1595 2157 hi

935 2176 996 2208 duo
1009 2176 1234 2208 transferuntur
1246 2187 1264 2208 a
1275 2177 1378 2208 Marte
1390 2176 1422 2207 in
1434 2177 1595 2207 beatorum

935 2231 1060 2258 terram.
1106 2226 1284 2257 Secundum
1301 2225 1450 2268 Apollod.
1472 2225 1505 2256 in
1523 2225 1594 2257 dra-

935 2285 1027 2306 cones
1041 2274 1154 2306 mutati
1169 2286 1188 2307 a
1201 2276 1279 2307 Jove
1295 2276 1459 2306 mittuntur
1472 2274 1505 2305 in
1519 2274 1595 2316 Ely-

934 2324 1025 2356 sium.
1069 2325 1107 2356 In
1129 2324 1232 2356 Schol.
1258 2323 1385 2355 Pindari
1406 2325 1443 2356 P.
1458 2323 1504 2354 iii.
1523 2325 1595 2355 153.

935 2383 1025 2404 curru
1042 2373 1194 2416 anguibus
1205 2374 1315 2416 juncto
1330 2373 1362 2404 in
1383 2372 1523 2414 Elysium
1540 2373 1595 2404 ab-

935 2422 1102 2454 ducuntur.
1134 2422 1221 2454 Talis
1233 2423 1335 2464 imago
1349 2422 1425 2453 sorte
1438 2422 1471 2452 in
1486 2432 1596 2452 monu-

935 2477 1039 2502 mento
1051 2482 1156 2502 eorum
1172 2471 1255 2514 apud
1268 2471 1442 2502 Encheleas
1453 2481 1600 2513 expressa

937 2520 1057 2563 peperit
1069 2521 1219 2552 fabulam.

979 2571 1161 2602 603—661.
1176 2571 1233 2601 Sed
1247 2577 1344 2601 tamen
1356 2570 1502 2605 ambobus,
1513 2567 1593 2609 etc.]

937 2619 1077 2655 Perseus,
1091 2620 1110 2650 J
1113 2619 1177 2650 ovis
1189 2625 1219 2650 et
1230 2620 1356 2651 Danaes
1367 2617 1460 2655 filius,
1471 2616 1596 2654 Acrisii,

935 2668 1015 2710 regis
1034 2668 1229 2710 Argivorum,
1248 2679 1352 2710 nepos,
1367 2667 1506 2699 conditor
1521 2667 1595 2708 My-

935 2726 1090 2753 cenarum,
1107 2727 1186 2748 unus
1199 2727 1237 2748 ex
1253 2716 1396 2748 heroibus
1411 2715 1530 2758 priscis,
1545 2714 1596 2746 iti-
