<?xml version="1.0" encoding="UTF-8"?>
<!DOCTYPE html PUBLIC "-//W3C//DTD XHTML 1.0 Transitional//EN"
    "http://www.w3.org/TR/xhtml1/DTD/xhtml1-transitional.dtd">
<html xmlns="http://www.w3.org/1999/xhtml" xml:lang="en" lang="en">
 <head>
  <title>
</title>
<meta http-equiv="Content-Type" content="text/html;charset=utf-8" />
  <meta name='ocr-system' content='tesseract 3.04.00' />
  <meta name='ocr-capabilities' content='ocr_page ocr_carea ocr_par ocr_line ocrx_word'/>
</head>
<body>
  <div class='ocr_page' id='page_1' title='image "./povidiinasonisop03oviduoft_0358.png"; bbox 0 0 1763 3181; ppageno 0'>
   <div class='ocr_carea' id='block_1_1' title="bbox 224 185 311 226">
    <p class='ocr_par' dir='ltr' id='par_1_1' title="bbox 224 185 311 226">
     <span class='ocr_line' id='line_1_1' title="bbox 224 185 311 226; baseline 0 0"><span class='ocrx_word' id='word_1_1' title='bbox 224 185 311 226; x_wconf 76' lang='lat'>348</span> 
     </span>
    </p>
   </div>
   <div class='ocr_carea' id='block_1_2' title="bbox 227 298 1432 363">
    <p class='ocr_par' dir='ltr' id='par_1_2' title="bbox 227 298 1432 363">
     <span class='ocr_line' id='line_1_2' title="bbox 227 298 1432 363; baseline 0.001 -18"><span class='ocrx_word' id='word_1_2' title='bbox 227 300 441 363; x_wconf 84' lang='lat' dir='ltr'>Voxque</span> <span class='ocrx_word' id='word_1_3' title='bbox 464 300 767 347; x_wconf 83' lang='lat' dir='ltr'>salutantum</span> <span class='ocrx_word' id='word_1_4' title='bbox 788 299 935 346; x_wconf 87' lang='lat' dir='ltr'>ramis</span> <span class='ocrx_word' id='word_1_5' title='bbox 960 298 1190 346; x_wconf 90' lang='lat' dir='ltr'>veniebat</span> <span class='ocrx_word' id='word_1_6' title='bbox 1214 300 1277 346; x_wconf 91' lang='lat' dir='ltr'>ab</span> <span class='ocrx_word' id='word_1_7' title='bbox 1302 300 1432 347; x_wconf 87' lang='lat' dir='ltr'>altis.</span> 
     </span>
    </p>
   </div>
   <div class='ocr_carea' id='block_1_3' title="bbox 620 183 1228 225">
    <p class='ocr_par' dir='ltr' id='par_1_3' title="bbox 620 183 1228 225">
     <span class='ocr_line' id='line_1_3' title="bbox 620 183 1228 225; baseline 0 0"><span class='ocrx_word' id='word_1_8' title='bbox 620 184 670 225; x_wconf 88' lang='lat' dir='ltr'>P.</span> <span class='ocrx_word' id='word_1_9' title='bbox 704 183 916 225; x_wconf 92' lang='lat' dir='ltr'><strong>OVIDII</strong></span> <span class='ocrx_word' id='word_1_10' title='bbox 950 183 1228 225; x_wconf 89' lang='lat' dir='ltr'><strong>NASONIS</strong></span> 
     </span>
    </p>
   </div>
   <div class='ocr_carea' id='block_1_4' title="bbox 1516 303 1613 348">
    <p class='ocr_par' dir='ltr' id='par_1_4' title="bbox 1516 303 1613 348">
     <span class='ocr_line' id='line_1_4' title="bbox 1516 303 1613 348; baseline 0.01 -1"><span class='ocrx_word' id='word_1_11' title='bbox 1516 303 1613 348; x_wconf 84' lang='lat'>295</span> 
     </span>
    </p>
   </div>
   <div class='ocr_carea' id='block_1_5' title="bbox 228 375 1611 516">
    <p class='ocr_par' dir='ltr' id='par_1_5' title="bbox 228 375 1611 516">
     <span class='ocr_line' id='line_1_5' title="bbox 229 375 1588 440; baseline 0.001 -17"><span class='ocrx_word' id='word_1_12' title='bbox 229 376 482 440; x_wconf 82' lang='lat' dir='ltr'>Suspicit3</span> <span class='ocrx_word' id='word_1_13' title='bbox 523 383 574 425; x_wconf 91' lang='lat' dir='ltr'>et</span> <span class='ocrx_word' id='word_1_14' title='bbox 597 375 780 437; x_wconf 79' lang='lat' dir='ltr'>linguae</span> <span class='ocrx_word' id='word_1_15' title='bbox 806 375 999 438; x_wconf 88' lang='lat' dir='ltr'>quaerit,</span> <span class='ocrx_word' id='word_1_16' title='bbox 1023 382 1124 422; x_wconf 87' lang='lat' dir='ltr'>tam</span> <span class='ocrx_word' id='word_1_17' title='bbox 1150 382 1287 424; x_wconf 86' lang='lat' dir='ltr'>certa</span> <span class='ocrx_word' id='word_1_18' title='bbox 1309 376 1588 439; x_wconf 79' lang='lat' dir='ltr'>loquenteS,</span> 
     </span>
     <span class='ocr_line' id='line_1_6' title="bbox 228 452 1611 516; baseline 0.001 -16"><span class='ocrx_word' id='word_1_19' title='bbox 228 453 376 502; x_wconf 87' lang='lat' dir='ltr'>Unde</span> <span class='ocrx_word' id='word_1_20' title='bbox 413 459 622 510; x_wconf 83' lang='lat' dir='ltr'>sonent3</span> <span class='ocrx_word' id='word_1_21' title='bbox 663 452 1016 515; x_wconf 77' lang='lat' dir='ltr'>hominemque</span> <span class='ocrx_word' id='word_1_22' title='bbox 1053 459 1196 516; x_wconf 88' lang='lat' dir='ltr'>putat</span> <span class='ocrx_word' id='word_1_23' title='bbox 1231 452 1354 501; x_wconf 90' lang='lat' dir='ltr'>Jove</span> <span class='ocrx_word' id='word_1_24' title='bbox 1391 461 1507 501; x_wconf 88' lang='lat' dir='ltr'>nata</span> <span class='ocrx_word' id='word_1_25' title='bbox 1542 455 1611 501; x_wconf 93' lang='lat' dir='ltr'>lo-</span> 
     </span>
    </p>
   </div>
   <div class='ocr_carea' id='block_1_6' title="bbox 427 536 667 592">
    <p class='ocr_par' dir='ltr' id='par_1_6' title="bbox 427 536 667 592">
     <span class='ocr_line' id='line_1_7' title="bbox 427 536 667 592; baseline 0 -16"><span class='ocrx_word' id='word_1_26' title='bbox 427 536 639 592; x_wconf 87' lang='lat' dir='ltr'>quutum</span> <span class='ocrx_word' id='word_1_27' title='bbox 657 545 667 576; x_wconf 87' lang='lat'><strong>:</strong></span> 
     </span>
    </p>
   </div>
   <div class='ocr_carea' id='block_1_7' title="bbox 217 606 1611 1754">
    <p class='ocr_par' dir='ltr' id='par_1_7' title="bbox 226 606 1607 748">
     <span class='ocr_line' id='line_1_8' title="bbox 226 606 1607 670; baseline 0.001 -18"><span class='ocrx_word' id='word_1_28' title='bbox 226 606 345 654; x_wconf 90' lang='lat' dir='ltr'>Ales</span> <span class='ocrx_word' id='word_1_29' title='bbox 371 613 502 663; x_wconf 81' lang='lat' dir='ltr'>erat3</span> <span class='ocrx_word' id='word_1_30' title='bbox 534 622 839 669; x_wconf 84' lang='lat' dir='ltr'>numeroque</span> <span class='ocrx_word' id='word_1_31' title='bbox 865 622 1056 663; x_wconf 91' lang='lat' dir='ltr'>novem,</span> <span class='ocrx_word' id='word_1_32' title='bbox 1086 622 1176 653; x_wconf 86' lang='lat' dir='ltr'>sua</span> <span class='ocrx_word' id='word_1_33' title='bbox 1199 606 1301 654; x_wconf 86' lang='lat' dir='ltr'>fata</span> <span class='ocrx_word' id='word_1_34' title='bbox 1326 614 1607 670; x_wconf 85' lang='lat' dir='ltr'>querentes,</span> 
     </span>
     <span class='ocr_line' id='line_1_9' title="bbox 226 683 1323 748; baseline 0.002 -19"><span class='ocrx_word' id='word_1_35' title='bbox 226 683 517 730; x_wconf 87' lang='lat' dir='ltr'>Institerant</span> <span class='ocrx_word' id='word_1_36' title='bbox 542 683 689 730; x_wconf 87' lang='lat' dir='ltr'>ramis</span> <span class='ocrx_word' id='word_1_37' title='bbox 715 683 964 731; x_wconf 81' lang='lat' dir='ltr'>imitantes</span> <span class='ocrx_word' id='word_1_38' title='bbox 992 684 1159 731; x_wconf 88' lang='lat' dir='ltr'>omnia</span> <span class='ocrx_word' id='word_1_39' title='bbox 1182 685 1323 748; x_wconf 81' lang='lat' dir='ltr'>picae.</span> 
     </span>
    </p>

    <p class='ocr_par' dir='ltr' id='par_1_8' title="bbox 222 760 1611 978">
     <span class='ocr_line' id='line_1_10' title="bbox 224 760 1611 826; baseline 0.002 -20"><span class='ocrx_word' id='word_1_40' title='bbox 224 760 430 808; x_wconf 80' lang='lat' dir='ltr'>Miranti</span> <span class='ocrx_word' id='word_1_41' title='bbox 455 761 525 807; x_wconf 91' lang='lat' dir='ltr'>sic</span> <span class='ocrx_word' id='word_1_42' title='bbox 551 777 662 808; x_wconf 88' lang='lat' dir='ltr'>orsa</span> <span class='ocrx_word' id='word_1_43' title='bbox 688 761 809 809; x_wconf 84' lang='lat' dir='ltr'>Deae</span> <span class='ocrx_word' id='word_1_44' title='bbox 836 762 973 810; x_wconf 89' lang='lat' dir='ltr'>Dea:</span> <span class='ocrx_word' id='word_1_45' title='bbox 1015 769 1044 785; x_wconf 91' lang='lat'><strong>“</strong></span> <span class='ocrx_word' id='word_1_46' title='bbox 1069 762 1243 826; x_wconf 85' lang='lat' dir='ltr'>Nuper</span> <span class='ocrx_word' id='word_1_47' title='bbox 1267 770 1317 810; x_wconf 87' lang='lat' dir='ltr'>et</span> <span class='ocrx_word' id='word_1_48' title='bbox 1341 762 1446 809; x_wconf 87' lang='lat' dir='ltr'>istae</span> <span class='ocrx_word' id='word_1_49' title='bbox 1513 765 1611 809; x_wconf 87' lang='lat'>300</span> 
     </span>
     <span class='ocr_line' id='line_1_11' title="bbox 223 839 1457 887; baseline 0.001 -2"><span class='ocrx_word' id='word_1_50' title='bbox 223 839 487 886; x_wconf 85' lang='lat' dir='ltr'>Auxerunt</span> <span class='ocrx_word' id='word_1_51' title='bbox 510 840 759 887; x_wconf 88' lang='lat' dir='ltr'>volucrem</span> <span class='ocrx_word' id='word_1_52' title='bbox 784 840 924 887; x_wconf 89' lang='lat' dir='ltr'>victae</span> <span class='ocrx_word' id='word_1_53' title='bbox 951 839 1219 887; x_wconf 83' lang='lat' dir='ltr'>certamine</span> <span class='ocrx_word' id='word_1_54' title='bbox 1244 840 1457 886; x_wconf 87' lang='lat' dir='ltr'>turbam.</span> 
     </span>
     <span class='ocr_line' id='line_1_12' title="bbox 222 916 1335 978; baseline -0.001 -15"><span class='ocrx_word' id='word_1_55' title='bbox 222 916 394 964; x_wconf 89' lang='lat' dir='ltr'>Pieros</span> <span class='ocrx_word' id='word_1_56' title='bbox 419 916 508 963; x_wconf 89' lang='lat' dir='ltr'>has</span> <span class='ocrx_word' id='word_1_57' title='bbox 534 916 705 978; x_wconf 79' lang='lat' dir='ltr'>genuit</span> <span class='ocrx_word' id='word_1_58' title='bbox 729 916 930 964; x_wconf 75' lang='lat' dir='ltr'>Pellaeis</span> <span class='ocrx_word' id='word_1_59' title='bbox 955 916 1092 963; x_wconf 90' lang='lat' dir='ltr'>dives</span> <span class='ocrx_word' id='word_1_60' title='bbox 1119 916 1168 962; x_wconf 94' lang='lat' dir='ltr'>in</span> <span class='ocrx_word' id='word_1_61' title='bbox 1193 916 1335 963; x_wconf 85' lang='lat' dir='ltr'>arvis.</span> 
     </span>
    </p>

    <p class='ocr_par' dir='ltr' id='par_1_9' title="bbox 220 992 1606 1365">
     <span class='ocr_line' id='line_1_13' title="bbox 223 992 1371 1057; baseline 0 -18"><span class='ocrx_word' id='word_1_62' title='bbox 223 993 421 1040; x_wconf 83' lang='lat' dir='ltr'>Paeonis</span> <span class='ocrx_word' id='word_1_63' title='bbox 449 992 642 1057; x_wconf 89' lang='lat' dir='ltr'>Evippe</span> <span class='ocrx_word' id='word_1_64' title='bbox 667 1001 825 1041; x_wconf 86' lang='lat' dir='ltr'>mater</span> <span class='ocrx_word' id='word_1_65' title='bbox 849 993 969 1041; x_wconf 86' lang='lat' dir='ltr'>fuit:</span> <span class='ocrx_word' id='word_1_66' title='bbox 1009 993 1092 1040; x_wconf 87' lang='lat' dir='ltr'>illa</span> <span class='ocrx_word' id='word_1_67' title='bbox 1116 1000 1371 1056; x_wconf 89' lang='lat' dir='ltr'>potentem</span> 
     </span>
     <span class='ocr_line' id='line_1_14' title="bbox 222 1069 1362 1134; baseline 0.002 -18"><span class='ocrx_word' id='word_1_68' title='bbox 222 1069 462 1118; x_wconf 86' lang='lat' dir='ltr'>Lucinam</span> <span class='ocrx_word' id='word_1_69' title='bbox 487 1070 672 1126; x_wconf 89' lang='lat' dir='ltr'>novies,</span> <span class='ocrx_word' id='word_1_70' title='bbox 698 1070 865 1118; x_wconf 88' lang='lat' dir='ltr'>novies</span> <span class='ocrx_word' id='word_1_71' title='bbox 892 1070 1126 1134; x_wconf 85' lang='lat' dir='ltr'>paritura,</span> <span class='ocrx_word' id='word_1_72' title='bbox 1153 1070 1362 1118; x_wconf 88' lang='lat' dir='ltr'>vocavit.</span> 
     </span>
     <span class='ocr_line' id='line_1_15' title="bbox 221 1146 1606 1205; baseline 0.001 -12"><span class='ocrx_word' id='word_1_73' title='bbox 221 1146 465 1194; x_wconf 90' lang='lat' dir='ltr'>Intumuit</span> <span class='ocrx_word' id='word_1_74' title='bbox 488 1163 692 1195; x_wconf 87' lang='lat' dir='ltr'>numero</span> <span class='ocrx_word' id='word_1_75' title='bbox 717 1147 1007 1195; x_wconf 90' lang='lat' dir='ltr'>stolidarum</span> <span class='ocrx_word' id='word_1_76' title='bbox 1031 1148 1179 1194; x_wconf 88' lang='lat' dir='ltr'>turba</span> <span class='ocrx_word' id='word_1_77' title='bbox 1203 1163 1453 1205; x_wconf 87' lang='lat' dir='ltr'>sororum;</span> <span class='ocrx_word' id='word_1_78' title='bbox 1510 1150 1606 1195; x_wconf 89' lang='lat'>305</span> 
     </span>
     <span class='ocr_line' id='line_1_16' title="bbox 221 1223 1572 1288; baseline 0.001 -18"><span class='ocrx_word' id='word_1_79' title='bbox 221 1223 421 1287; x_wconf 87' lang='lat' dir='ltr'>Perque</span> <span class='ocrx_word' id='word_1_80' title='bbox 445 1231 520 1271; x_wconf 94' lang='lat' dir='ltr'>tot</span> <span class='ocrx_word' id='word_1_81' title='bbox 545 1223 848 1281; x_wconf 80' lang='lat' dir='ltr'>Haemonias,</span> <span class='ocrx_word' id='word_1_82' title='bbox 867 1232 916 1272; x_wconf 93' lang='lat' dir='ltr'>et</span> <span class='ocrx_word' id='word_1_83' title='bbox 938 1241 1026 1288; x_wconf 88' lang='lat' dir='ltr'>per</span> <span class='ocrx_word' id='word_1_84' title='bbox 1050 1232 1124 1272; x_wconf 92' lang='lat' dir='ltr'>tot</span> <span class='ocrx_word' id='word_1_85' title='bbox 1148 1225 1399 1272; x_wconf 85' lang='lat' dir='ltr'>Achaidas</span> <span class='ocrx_word' id='word_1_86' title='bbox 1425 1225 1572 1272; x_wconf 89' lang='lat' dir='ltr'>urbes</span> 
     </span>
     <span class='ocr_line' id='line_1_17' title="bbox 220 1299 1409 1365; baseline 0.003 -19"><span class='ocrx_word' id='word_1_87' title='bbox 220 1299 335 1347; x_wconf 92' lang='lat' dir='ltr'>Huc</span> <span class='ocrx_word' id='word_1_88' title='bbox 360 1301 511 1357; x_wconf 90' lang='lat' dir='ltr'>venit,</span> <span class='ocrx_word' id='word_1_89' title='bbox 537 1308 588 1348; x_wconf 90' lang='lat' dir='ltr'>et</span> <span class='ocrx_word' id='word_1_90' title='bbox 612 1301 698 1348; x_wconf 90' lang='lat' dir='ltr'>tali</span> <span class='ocrx_word' id='word_1_91' title='bbox 724 1302 1042 1349; x_wconf 89' lang='lat' dir='ltr'>committunt</span> <span class='ocrx_word' id='word_1_92' title='bbox 1067 1301 1238 1365; x_wconf 81' lang='lat' dir='ltr'>praelia</span> <span class='ocrx_word' id='word_1_93' title='bbox 1260 1318 1409 1350; x_wconf 89' lang='lat' dir='ltr'>voce:</span> 
     </span>
    </p>

    <p class='ocr_par' dir='ltr' id='par_1_10' title="bbox 217 1377 1604 1754">
     <span class='ocr_line' id='line_1_18' title="bbox 220 1377 1414 1442; baseline 0.003 -18"><span class='ocrx_word' id='word_1_94' title='bbox 220 1383 251 1401; x_wconf 88' lang='lat'><strong>“</strong></span> <span class='ocrx_word' id='word_1_95' title='bbox 280 1377 506 1425; x_wconf 88' lang='lat' dir='ltr'>Desinite</span> <span class='ocrx_word' id='word_1_96' title='bbox 532 1377 785 1426; x_wconf 89' lang='lat' dir='ltr'>indoctum</span> <span class='ocrx_word' id='word_1_97' title='bbox 810 1395 936 1427; x_wconf 89' lang='lat' dir='ltr'>vana</span> <span class='ocrx_word' id='word_1_98' title='bbox 954 1379 1217 1427; x_wconf 85' lang='lat' dir='ltr'>dulcedine</span> <span class='ocrx_word' id='word_1_99' title='bbox 1238 1380 1414 1442; x_wconf 83' lang='lat' dir='ltr'>vulgus</span> 
     </span>
     <span class='ocr_line' id='line_1_19' title="bbox 221 1454 1436 1520; baseline 0.002 -19"><span class='ocrx_word' id='word_1_100' title='bbox 221 1454 440 1512; x_wconf 89' lang='lat' dir='ltr'>Fallere;</span> <span class='ocrx_word' id='word_1_101' title='bbox 480 1455 755 1513; x_wconf 91' lang='lat' dir='ltr'>nobiscum,</span> <span class='ocrx_word' id='word_1_102' title='bbox 784 1456 823 1504; x_wconf 89' lang='lat' dir='ltr'>si</span> <span class='ocrx_word' id='word_1_103' title='bbox 849 1473 948 1520; x_wconf 89' lang='lat' dir='ltr'>qua</span> <span class='ocrx_word' id='word_1_104' title='bbox 974 1464 1050 1504; x_wconf 91' lang='lat' dir='ltr'>est</span> <span class='ocrx_word' id='word_1_105' title='bbox 1073 1457 1257 1504; x_wconf 88' lang='lat' dir='ltr'>fiducia</span> <span class='ocrx_word' id='word_1_106' title='bbox 1279 1456 1436 1514; x_wconf 90' lang='lat' dir='ltr'>vobis,</span> 
     </span>
     <span class='ocr_line' id='line_1_20' title="bbox 219 1531 1604 1595; baseline 0.001 -17"><span class='ocrx_word' id='word_1_107' title='bbox 219 1531 528 1595; x_wconf 84' lang='lat' dir='ltr'>Thespiades</span> <span class='ocrx_word' id='word_1_108' title='bbox 554 1540 741 1581; x_wconf 86' lang='lat' dir='ltr'>certate</span> <span class='ocrx_word' id='word_1_109' title='bbox 769 1533 917 1592; x_wconf 81' lang='lat' dir='ltr'>Deae3</span> <span class='ocrx_word' id='word_1_110' title='bbox 959 1549 1050 1581; x_wconf 93' lang='lat' dir='ltr'>nec</span> <span class='ocrx_word' id='word_1_111' title='bbox 1074 1550 1210 1591; x_wconf 87' lang='lat' dir='ltr'>voce,</span> <span class='ocrx_word' id='word_1_112' title='bbox 1238 1550 1329 1581; x_wconf 90' lang='lat' dir='ltr'>nec</span> <span class='ocrx_word' id='word_1_113' title='bbox 1355 1539 1460 1580; x_wconf 90' lang='lat' dir='ltr'>arte</span> <span class='ocrx_word' id='word_1_114' title='bbox 1507 1536 1604 1580; x_wconf 90' lang='grc'>310</span> 
     </span>
     <span class='ocr_line' id='line_1_21' title="bbox 217 1608 1547 1674; baseline 0.002 -19"><span class='ocrx_word' id='word_1_115' title='bbox 217 1608 517 1668; x_wconf 83' lang='lat' dir='ltr'>Vincemur3</span> <span class='ocrx_word' id='word_1_116' title='bbox 546 1611 858 1674; x_wconf 89' lang='lat' dir='ltr'>totidemque</span> <span class='ocrx_word' id='word_1_117' title='bbox 883 1628 1053 1659; x_wconf 90' lang='lat' dir='ltr'>sumus</span> <span class='ocrx_word' id='word_1_118' title='bbox 1076 1628 1085 1659; x_wconf 92' lang='lat'>:</span> <span class='ocrx_word' id='word_1_119' title='bbox 1114 1612 1191 1659; x_wconf 92' lang='lat' dir='ltr'>vel</span> <span class='ocrx_word' id='word_1_120' title='bbox 1216 1611 1380 1659; x_wconf 88' lang='lat' dir='ltr'>cedite</span> <span class='ocrx_word' id='word_1_121' title='bbox 1403 1611 1547 1659; x_wconf 89' lang='lat' dir='ltr'>victae</span> 
     </span>
     <span class='ocr_line' id='line_1_22' title="bbox 218 1685 1335 1754; baseline 0.004 -21"><span class='ocrx_word' id='word_1_122' title='bbox 218 1685 376 1735; x_wconf 88' lang='lat' dir='ltr'>Fonte</span> <span class='ocrx_word' id='word_1_123' title='bbox 402 1687 678 1746; x_wconf 81' lang='lat' dir='ltr'>Medusaeo,</span> <span class='ocrx_word' id='word_1_124' title='bbox 706 1696 756 1737; x_wconf 88' lang='lat' dir='ltr'>et</span> <span class='ocrx_word' id='word_1_125' title='bbox 780 1688 1016 1754; x_wconf 86' lang='lat' dir='ltr'>Hyantea</span> <span class='ocrx_word' id='word_1_126' title='bbox 1039 1688 1304 1753; x_wconf 86' lang='lat' dir='ltr'>Aganippe</span> <span class='ocrx_word' id='word_1_127' title='bbox 1325 1705 1335 1737; x_wconf 74' lang='grc' dir='ltr'>ε</span> 
     </span>
    </p>
   </div>
   <div class='ocr_carea' id='block_1_8' title="bbox 215 1851 878 2773">
    <p class='ocr_par' dir='ltr' id='par_1_11' title="bbox 215 1851 878 2524">
     <span class='ocr_line' id='line_1_23' title="bbox 217 1851 878 1896; baseline 0.006 -14"><span class='ocrx_word' id='word_1_128' title='bbox 217 1851 291 1882; x_wconf 87' lang='lat' dir='ltr'>dere</span> <span class='ocrx_word' id='word_1_129' title='bbox 320 1853 351 1883; x_wconf 87' lang='lat' dir='ltr'>in</span> <span class='ocrx_word' id='word_1_130' title='bbox 376 1852 482 1894; x_wconf 85' lang='lat' dir='ltr'>primis</span> <span class='ocrx_word' id='word_1_131' title='bbox 511 1864 617 1884; x_wconf 91' lang='lat' dir='ltr'>vocem</span> <span class='ocrx_word' id='word_1_132' title='bbox 642 1856 748 1896; x_wconf 82' lang='grc' dir='ltr'>χαῖρε.</span> <span class='ocrx_word' id='word_1_133' title='bbox 801 1856 878 1886; x_wconf 86' lang='lat' dir='ltr'>Per-</span> 
     </span>
     <span class='ocr_line' id='line_1_24' title="bbox 216 1900 877 1944; baseline 0.006 -14"><span class='ocrx_word' id='word_1_134' title='bbox 216 1900 290 1937; x_wconf 87' lang='lat' dir='ltr'>sius,</span> <span class='ocrx_word' id='word_1_135' title='bbox 312 1901 397 1932; x_wconf 88' lang='lat' dir='ltr'>Prol.</span> <span class='ocrx_word' id='word_1_136' title='bbox 426 1902 459 1932; x_wconf 88' lang='lat'>8.</span> <span class='ocrx_word' id='word_1_137' title='bbox 514 1901 587 1932; x_wconf 86' lang='lat' dir='ltr'>Tam</span> <span class='ocrx_word' id='word_1_138' title='bbox 611 1909 693 1933; x_wconf 82' lang='lat' dir='ltr'>certa</span> <span class='ocrx_word' id='word_1_139' title='bbox 719 1904 877 1944; x_wconf 76' lang='lat' dir='ltr'>loquentes.</span> 
     </span>
     <span class='ocr_line' id='line_1_25' title="bbox 216 1949 878 1993; baseline 0.005 -13"><span class='ocrx_word' id='word_1_140' title='bbox 216 1951 316 1980; x_wconf 87' lang='lat' dir='ltr'>Sonus</span> <span class='ocrx_word' id='word_1_141' title='bbox 346 1949 399 1982; x_wconf 89' lang='lat' dir='ltr'>ille</span> <span class='ocrx_word' id='word_1_142' title='bbox 429 1961 490 1982; x_wconf 84' lang='lat' dir='ltr'>non</span> <span class='ocrx_word' id='word_1_143' title='bbox 516 1957 675 1993; x_wconf 84' lang='lat' dir='ltr'>utcunque</span> <span class='ocrx_word' id='word_1_144' title='bbox 709 1952 878 1984; x_wconf 89' lang='lat' dir='ltr'>simulabat</span> 
     </span>
     <span class='ocr_line' id='line_1_26' title="bbox 218 1999 875 2042; baseline 0.005 -13"><span class='ocrx_word' id='word_1_145' title='bbox 218 2009 327 2030; x_wconf 88' lang='lat' dir='ltr'>vocem</span> <span class='ocrx_word' id='word_1_146' title='bbox 350 1999 530 2037; x_wconf 88' lang='lat' dir='ltr'>humanam,</span> <span class='ocrx_word' id='word_1_147' title='bbox 557 2000 612 2031; x_wconf 89' lang='lat' dir='ltr'>sed</span> <span class='ocrx_word' id='word_1_148' title='bbox 634 2012 730 2042; x_wconf 85' lang='lat' dir='ltr'>quam</span> <span class='ocrx_word' id='word_1_149' title='bbox 753 2001 875 2033; x_wconf 90' lang='lat' dir='ltr'>similli-</span> 
     </span>
     <span class='ocr_line' id='line_1_27' title="bbox 217 2047 876 2084; baseline 0.006 -7"><span class='ocrx_word' id='word_1_150' title='bbox 217 2057 287 2078; x_wconf 91' lang='lat' dir='ltr'>mus</span> <span class='ocrx_word' id='word_1_151' title='bbox 313 2047 342 2078; x_wconf 91' lang='lat' dir='ltr'>ei</span> <span class='ocrx_word' id='word_1_152' title='bbox 377 2054 453 2084; x_wconf 87' lang='lat' dir='ltr'>erat,</span> <span class='ocrx_word' id='word_1_153' title='bbox 480 2048 558 2080; x_wconf 87' lang='lat' dir='ltr'>adeo</span> <span class='ocrx_word' id='word_1_154' title='bbox 589 2054 623 2080; x_wconf 88' lang='lat' dir='ltr'>ut</span> <span class='ocrx_word' id='word_1_155' title='bbox 652 2049 786 2081; x_wconf 88' lang='lat' dir='ltr'>hominis</span> <span class='ocrx_word' id='word_1_156' title='bbox 816 2062 876 2082; x_wconf 84' lang='lat' dir='ltr'>vox</span> 
     </span>
     <span class='ocr_line' id='line_1_28' title="bbox 217 2096 877 2140; baseline 0.006 -13"><span class='ocrx_word' id='word_1_157' title='bbox 217 2096 300 2128; x_wconf 91' lang='lat' dir='ltr'>credi</span> <span class='ocrx_word' id='word_1_158' title='bbox 321 2103 436 2140; x_wconf 87' lang='lat' dir='ltr'>posset.</span> <span class='ocrx_word' id='word_1_159' title='bbox 470 2097 612 2130; x_wconf 83' lang='lat' dir='ltr'>Martial.</span> <span class='ocrx_word' id='word_1_160' title='bbox 636 2099 697 2131; x_wconf 80' lang='lat' dir='ltr'>xiv.</span> <span class='ocrx_word' id='word_1_161' title='bbox 715 2100 774 2130; x_wconf 82' lang='lat'>76:</span> <span class='ocrx_word' id='word_1_162' title='bbox 800 2100 877 2132; x_wconf 85' lang='lat' dir='ltr'>Pica</span> 
     </span>
     <span class='ocr_line' id='line_1_29' title="bbox 218 2147 876 2189; baseline 0.008 -13"><span class='ocrx_word' id='word_1_163' title='bbox 218 2147 324 2187; x_wconf 69' lang='lat' dir='ltr'>loquax</span> <span class='ocrx_word' id='word_1_164' title='bbox 346 2154 428 2178; x_wconf 81' lang='lat' dir='ltr'>certa</span> <span class='ocrx_word' id='word_1_165' title='bbox 447 2149 599 2179; x_wconf 78' lang='lat' dir='ltr'>dominum</span> <span class='ocrx_word' id='word_1_166' title='bbox 623 2155 650 2179; x_wconf 85' lang='lat' dir='ltr'>te</span> <span class='ocrx_word' id='word_1_167' title='bbox 670 2160 736 2180; x_wconf 83' lang='lat' dir='ltr'>voce</span> <span class='ocrx_word' id='word_1_168' title='bbox 754 2151 876 2189; x_wconf 79' lang='lat' dir='ltr'>saluto,·</span> 
     </span>
     <span class='ocr_line' id='line_1_30' title="bbox 217 2196 873 2240; baseline 0.006 -14"><span class='ocrx_word' id='word_1_169' title='bbox 217 2196 250 2226; x_wconf 80' lang='lat' dir='ltr'>Si</span> <span class='ocrx_word' id='word_1_170' title='bbox 274 2207 318 2226; x_wconf 86' lang='lat' dir='ltr'>me</span> <span class='ocrx_word' id='word_1_171' title='bbox 340 2208 399 2227; x_wconf 76' lang='lat' dir='ltr'>nou</span> <span class='ocrx_word' id='word_1_172' title='bbox 421 2198 533 2233; x_wconf 81' lang='lat' dir='ltr'>videus,</span> <span class='ocrx_word' id='word_1_173' title='bbox 560 2209 616 2228; x_wconf 82' lang='lat' dir='ltr'>esse</span> <span class='ocrx_word' id='word_1_174' title='bbox 641 2200 760 2240; x_wconf 79' lang='lat' dir='ltr'>negabis</span> <span class='ocrx_word' id='word_1_175' title='bbox 781 2210 873 2231; x_wconf 83' lang='lat' dir='ltr'>avem.</span> 
     </span>
     <span class='ocr_line' id='line_1_31' title="bbox 216 2244 874 2289; baseline 0.006 -14"><span class='ocrx_word' id='word_1_176' title='bbox 216 2244 335 2275; x_wconf 87' lang='lat' dir='ltr'>Eodem</span> <span class='ocrx_word' id='word_1_177' title='bbox 350 2255 453 2289; x_wconf 86' lang='lat' dir='ltr'>sensu,</span> <span class='ocrx_word' id='word_1_178' title='bbox 468 2256 561 2288; x_wconf 89' lang='lat' dir='ltr'>supra</span> <span class='ocrx_word' id='word_1_179' title='bbox 576 2246 608 2278; x_wconf 94' lang='lat' dir='ltr'>ii.</span> <span class='ocrx_word' id='word_1_180' title='bbox 625 2247 699 2278; x_wconf 88' lang='lat'><strong>668.</strong></span> <span class='ocrx_word' id='word_1_181' title='bbox 716 2249 791 2278; x_wconf 79' lang='lat' dir='ltr'>certi</span> <span class='ocrx_word' id='word_1_182' title='bbox 806 2249 874 2279; x_wconf 82' lang='lat' dir='ltr'>hin-</span> 
     </span>
     <span class='ocr_line' id='line_1_32' title="bbox 217 2293 874 2333; baseline 0.008 -10"><span class='ocrx_word' id='word_1_183' title='bbox 217 2295 311 2325; x_wconf 72' lang='lat' dir='ltr'>nitus.</span> <span class='ocrx_word' id='word_1_184' title='bbox 356 2293 473 2325; x_wconf 83' lang='lat' dir='ltr'>Contra</span> <span class='ocrx_word' id='word_1_185' title='bbox 498 2295 631 2333; x_wconf 77' lang='lat' dir='ltr'>Quintil.</span> <span class='ocrx_word' id='word_1_186' title='bbox 658 2296 762 2328; x_wconf 85' lang='lat' dir='ltr'>Instit.</span> <span class='ocrx_word' id='word_1_187' title='bbox 785 2298 831 2329; x_wconf 90' lang='lat' dir='ltr'>II.</span> <span class='ocrx_word' id='word_1_188' title='bbox 854 2297 874 2329; x_wconf 92' lang='lat' dir='ltr'>i.</span> 
     </span>
     <span class='ocr_line' id='line_1_33' title="bbox 217 2342 875 2386; baseline 0.008 -14"><span class='ocrx_word' id='word_1_189' title='bbox 217 2344 270 2373; x_wconf 86' lang='lat'>21.</span> <span class='ocrx_word' id='word_1_190' title='bbox 297 2342 336 2374; x_wconf 86' lang='lat' dir='ltr'>de</span> <span class='ocrx_word' id='word_1_191' title='bbox 356 2343 484 2381; x_wconf 80' lang='lat' dir='ltr'>infante,</span> <span class='ocrx_word' id='word_1_192' title='bbox 502 2346 580 2385; x_wconf 72' lang='lat' dir='ltr'>loqui</span> <span class='ocrx_word' id='word_1_193' title='bbox 605 2347 738 2386; x_wconf 80' lang='lat' dir='ltr'>primum</span> <span class='ocrx_word' id='word_1_194' title='bbox 759 2349 875 2378; x_wconf 79' lang='lat' dir='ltr'>incerta</span> 
     </span>
     <span class='ocr_line' id='line_1_34' title="bbox 215 2394 874 2438; baseline 0.008 -16"><span class='ocrx_word' id='word_1_195' title='bbox 215 2403 282 2423; x_wconf 78' lang='lat' dir='ltr'>voce</span> <span class='ocrx_word' id='word_1_196' title='bbox 312 2395 449 2424; x_wconf 73' lang='lat' dir='ltr'>tentavit.</span> <span class='ocrx_word' id='word_1_197' title='bbox 506 2394 590 2425; x_wconf 82' lang='lat' dir='ltr'>Picis</span> <span class='ocrx_word' id='word_1_198' title='bbox 618 2400 722 2426; x_wconf 88' lang='lat' dir='ltr'>autem</span> <span class='ocrx_word' id='word_1_199' title='bbox 750 2407 874 2438; x_wconf 88' lang='lat' dir='ltr'>expres-</span> 
     </span>
     <span class='ocr_line' id='line_1_35' title="bbox 215 2441 876 2487; baseline 0.009 -16"><span class='ocrx_word' id='word_1_200' title='bbox 215 2441 276 2472; x_wconf 86' lang='lat' dir='ltr'>sior</span> <span class='ocrx_word' id='word_1_201' title='bbox 298 2441 376 2473; x_wconf 85' lang='lat' dir='ltr'>adeo</span> <span class='ocrx_word' id='word_1_202' title='bbox 398 2442 587 2483; x_wconf 82' lang='lat' dir='ltr'>loquacitas,</span> <span class='ocrx_word' id='word_1_203' title='bbox 610 2455 704 2486; x_wconf 86' lang='lat' dir='ltr'>quam</span> <span class='ocrx_word' id='word_1_204' title='bbox 725 2445 876 2487; x_wconf 78' lang='lat' dir='ltr'>psittacis,</span> 
     </span>
     <span class='ocr_line' id='line_1_36' title="bbox 216 2490 515 2524; baseline 0.01 -3"><span class='ocrx_word' id='word_1_205' title='bbox 216 2490 299 2522; x_wconf 87' lang='lat' dir='ltr'>Plin.</span> <span class='ocrx_word' id='word_1_206' title='bbox 314 2502 345 2522; x_wconf 83' lang='lat' dir='ltr'>x.</span> <span class='ocrx_word' id='word_1_207' title='bbox 361 2492 402 2522; x_wconf 79' lang='lat'>42</span> <span class='ocrx_word' id='word_1_208' title='bbox 418 2502 445 2522; x_wconf 91' lang='lat' dir='ltr'>s.</span> <span class='ocrx_word' id='word_1_209' title='bbox 463 2493 515 2524; x_wconf 90' lang='grc'>59.</span> 
     </span>
    </p>

    <p class='ocr_par' dir='ltr' id='par_1_12' title="bbox 215 2541 874 2773">
     <span class='ocr_line' id='line_1_37' title="bbox 259 2541 874 2574; baseline 0.005 -3"><span class='ocrx_word' id='word_1_210' title='bbox 259 2541 334 2572; x_wconf 84' lang='grc'><strong>301.</strong></span> <span class='ocrx_word' id='word_1_211' title='bbox 361 2541 460 2572; x_wconf 78' lang='lat' dir='ltr'>Victas</span> <span class='ocrx_word' id='word_1_212' title='bbox 473 2545 634 2574; x_wconf 77' lang='lat' dir='ltr'>certamine</span> <span class='ocrx_word' id='word_1_213' title='bbox 649 2543 792 2574; x_wconf 84' lang='lat' dir='ltr'>Pieridas</span> <span class='ocrx_word' id='word_1_214' title='bbox 807 2553 874 2574; x_wconf 87' lang='lat' dir='ltr'>esse</span> 
     </span>
     <span class='ocr_line' id='line_1_38' title="bbox 217 2589 873 2634; baseline 0.005 -14"><span class='ocrx_word' id='word_1_215' title='bbox 217 2599 234 2620; x_wconf 89' lang='lat' dir='ltr'>a</span> <span class='ocrx_word' id='word_1_216' title='bbox 248 2589 361 2626; x_wconf 89' lang='lat' dir='ltr'>Musis,</span> <span class='ocrx_word' id='word_1_217' title='bbox 375 2596 464 2621; x_wconf 89' lang='lat' dir='ltr'>vetus</span> <span class='ocrx_word' id='word_1_218' title='bbox 480 2597 547 2622; x_wconf 86' lang='lat' dir='ltr'>erat</span> <span class='ocrx_word' id='word_1_219' title='bbox 561 2591 697 2628; x_wconf 87' lang='lat' dir='ltr'>traditio,</span> <span class='ocrx_word' id='word_1_220' title='bbox 713 2602 783 2634; x_wconf 89' lang='lat' dir='ltr'>quae</span> <span class='ocrx_word' id='word_1_221' title='bbox 795 2592 873 2623; x_wconf 82' lang='lat' dir='ltr'>forte</span> 
     </span>
     <span class='ocr_line' id='line_1_39' title="bbox 217 2638 874 2684; baseline 0.006 -16"><span class='ocrx_word' id='word_1_222' title='bbox 217 2638 275 2669; x_wconf 90' lang='lat' dir='ltr'>hoc</span> <span class='ocrx_word' id='word_1_223' title='bbox 287 2639 422 2676; x_wconf 89' lang='lat' dir='ltr'>volebat,</span> <span class='ocrx_word' id='word_1_224' title='bbox 438 2640 566 2671; x_wconf 86' lang='lat' dir='ltr'>Graecos</span> <span class='ocrx_word' id='word_1_225' title='bbox 580 2642 699 2684; x_wconf 87' lang='lat' dir='ltr'>proprie</span> <span class='ocrx_word' id='word_1_226' title='bbox 715 2640 759 2672; x_wconf 90' lang='lat' dir='ltr'>sic</span> <span class='ocrx_word' id='word_1_227' title='bbox 774 2641 874 2673; x_wconf 88' lang='lat' dir='ltr'>dictos</span> 
     </span>
     <span class='ocr_line' id='line_1_40' title="bbox 216 2686 872 2730; baseline 0.008 -14"><span class='ocrx_word' id='word_1_228' title='bbox 216 2686 340 2727; x_wconf 85' lang='lat' dir='ltr'>ingenio</span> <span class='ocrx_word' id='word_1_229' title='bbox 362 2689 523 2730; x_wconf 69' lang='lat' dir='ltr'>superasse</span> <span class='ocrx_word' id='word_1_230' title='bbox 544 2689 704 2726; x_wconf 85' lang='lat' dir='ltr'>finitimos,</span> <span class='ocrx_word' id='word_1_231' title='bbox 722 2690 872 2722; x_wconf 81' lang='lat' dir='ltr'>Macedo-</span> 
     </span>
     <span class='ocr_line' id='line_1_41' title="bbox 215 2743 359 2773; baseline 0.014 -7"><span class='ocrx_word' id='word_1_232' title='bbox 215 2747 281 2773; x_wconf 83' lang='lat' dir='ltr'>naS,</span> <span class='ocrx_word' id='word_1_233' title='bbox 298 2743 359 2768; x_wconf 89' lang='lat' dir='ltr'>etc.</span> 
     </span>
    </p>
   </div>
   <div class='ocr_carea' id='block_1_9' title="bbox 935 1852 1606 2780">
    <p class='ocr_par' dir='ltr' id='par_1_13' title="bbox 941 1852 1606 2338">
     <span class='ocr_line' id='line_1_42' title="bbox 988 1852 1602 1894; baseline -0.002 -9"><span class='ocrx_word' id='word_1_234' title='bbox 988 1855 1062 1886; x_wconf 86' lang='lat'>302.</span> <span class='ocrx_word' id='word_1_235' title='bbox 1079 1853 1209 1894; x_wconf 63' lang='lat' dir='ltr'>Pieros]</span> <span class='ocrx_word' id='word_1_236' title='bbox 1238 1852 1318 1884; x_wconf 87' lang='lat' dir='ltr'>Inde</span> <span class='ocrx_word' id='word_1_237' title='bbox 1338 1853 1475 1884; x_wconf 81' lang='lat' dir='ltr'>Pierides</span> <span class='ocrx_word' id='word_1_238' title='bbox 1499 1852 1602 1890; x_wconf 64' lang='lat' dir='ltr'>dictae,</span> 
     </span>
     <span class='ocr_line' id='line_1_43' title="bbox 946 1901 1605 1945; baseline -0.002 -11"><span class='ocrx_word' id='word_1_239' title='bbox 946 1914 1007 1945; x_wconf 92' lang='lat' dir='ltr'>quo</span> <span class='ocrx_word' id='word_1_240' title='bbox 1025 1903 1148 1934; x_wconf 90' lang='lat' dir='ltr'>nomine</span> <span class='ocrx_word' id='word_1_241' title='bbox 1172 1902 1328 1933; x_wconf 87' lang='lat' dir='ltr'>interdum</span> <span class='ocrx_word' id='word_1_242' title='bbox 1350 1901 1424 1944; x_wconf 85' lang='lat' dir='ltr'>ipsae</span> <span class='ocrx_word' id='word_1_243' title='bbox 1441 1902 1542 1933; x_wconf 87' lang='lat' dir='ltr'>Musae</span> <span class='ocrx_word' id='word_1_244' title='bbox 1559 1902 1605 1934; x_wconf 89' lang='lat' dir='ltr'>in—</span> 
     </span>
     <span class='ocr_line' id='line_1_44' title="bbox 944 1950 1606 1994; baseline -0.002 -11"><span class='ocrx_word' id='word_1_245' title='bbox 944 1952 1118 1994; x_wconf 88' lang='lat' dir='ltr'>signiuntur</span> <span class='ocrx_word' id='word_1_246' title='bbox 1143 1962 1162 1983; x_wconf 89' lang='lat' dir='ltr'>a</span> <span class='ocrx_word' id='word_1_247' title='bbox 1184 1950 1297 1987; x_wconf 86' lang='lat' dir='ltr'>Pieria,</span> <span class='ocrx_word' id='word_1_248' title='bbox 1311 1951 1364 1982; x_wconf 91' lang='lat' dir='ltr'>ubi</span> <span class='ocrx_word' id='word_1_249' title='bbox 1380 1952 1483 1983; x_wconf 86' lang='lat' dir='ltr'>cultae.</span> <span class='ocrx_word' id='word_1_250' title='bbox 1519 1952 1606 1983; x_wconf 83' lang='lat' dir='ltr'>Soro-</span> 
     </span>
     <span class='ocr_line' id='line_1_45' title="bbox 945 2000 1606 2033; baseline 0.002 -2"><span class='ocrx_word' id='word_1_251' title='bbox 945 2012 1013 2032; x_wconf 77' lang='lat' dir='ltr'>rum</span> <span class='ocrx_word' id='word_1_252' title='bbox 1038 2001 1166 2033; x_wconf 87' lang='lat' dir='ltr'>nomina</span> <span class='ocrx_word' id='word_1_253' title='bbox 1195 2000 1290 2031; x_wconf 86' lang='lat' dir='ltr'>habet</span> <span class='ocrx_word' id='word_1_254' title='bbox 1318 2000 1436 2031; x_wconf 90' lang='lat' dir='ltr'>Anton.</span> <span class='ocrx_word' id='word_1_255' title='bbox 1470 2001 1540 2032; x_wconf 88' lang='lat' dir='ltr'>Lib.</span> <span class='ocrx_word' id='word_1_256' title='bbox 1563 2001 1606 2032; x_wconf 85' lang='lat' dir='ltr'>ix.</span> 
     </span>
     <span class='ocr_line' id='line_1_46' title="bbox 943 2049 1605 2087; baseline -0.002 -6"><span class='ocrx_word' id='word_1_257' title='bbox 943 2050 998 2081; x_wconf 90' lang='lat' dir='ltr'>ubi</span> <span class='ocrx_word' id='word_1_258' title='bbox 1013 2050 1077 2082; x_wconf 88' lang='lat' dir='ltr'>vid.</span> <span class='ocrx_word' id='word_1_259' title='bbox 1094 2051 1239 2081; x_wconf 79' lang='lat' dir='ltr'>Munker.</span> <span class='ocrx_word' id='word_1_260' title='bbox 1288 2050 1420 2087; x_wconf 77' lang='lat' dir='ltr'>Vocavz&#39;t‚</span> <span class='ocrx_word' id='word_1_261' title='bbox 1435 2049 1605 2081; x_wconf 85' lang='lat' dir='ltr'>invocavit.</span> 
     </span>
     <span class='ocr_line' id='line_1_47' title="bbox 943 2099 1602 2140; baseline -0.002 -10"><span class='ocrx_word' id='word_1_262' title='bbox 943 2099 1026 2130; x_wconf 85' lang='lat' dir='ltr'>Juno</span> <span class='ocrx_word' id='word_1_263' title='bbox 1051 2100 1172 2130; x_wconf 79' lang='lat' dir='ltr'>Lucina</span> <span class='ocrx_word' id='word_1_264' title='bbox 1187 2100 1245 2140; x_wconf 78' lang='lat' dir='ltr'>fer</span> <span class='ocrx_word' id='word_1_265' title='bbox 1265 2110 1356 2139; x_wconf 84' lang='lat' dir='ltr'>opem,</span> <span class='ocrx_word' id='word_1_266' title='bbox 1379 2100 1512 2130; x_wconf 83' lang='lat' dir='ltr'>obsecro!</span> <span class='ocrx_word' id='word_1_267' title='bbox 1543 2099 1602 2130; x_wconf 89' lang='lat' dir='ltr'>Te-</span> 
     </span>
     <span class='ocr_line' id='line_1_48' title="bbox 944 2148 1604 2180; baseline 0 0"><span class='ocrx_word' id='word_1_268' title='bbox 944 2155 1025 2180; x_wconf 87' lang='lat' dir='ltr'>rent.</span> <span class='ocrx_word' id='word_1_269' title='bbox 1052 2148 1115 2180; x_wconf 86' lang='lat' dir='ltr'>Ad.</span> <span class='ocrx_word' id='word_1_270' title='bbox 1138 2148 1201 2179; x_wconf 94' lang='grc' dir='ltr'><strong>ΙΙΙ.</strong></span> <span class='ocrx_word' id='word_1_271' title='bbox 1225 2148 1245 2179; x_wconf 89' lang='lat' dir='ltr'>i.</span> <span class='ocrx_word' id='word_1_272' title='bbox 1276 2150 1326 2179; x_wconf 88' lang='lat'>15.</span> <span class='ocrx_word' id='word_1_273' title='bbox 1372 2149 1422 2180; x_wconf 92' lang='lat' dir='ltr'>De</span> <span class='ocrx_word' id='word_1_274' title='bbox 1454 2150 1542 2180; x_wconf 85' lang='lat' dir='ltr'>Pella</span> <span class='ocrx_word' id='word_1_275' title='bbox 1571 2154 1604 2180; x_wconf 89' lang='lat' dir='ltr'>et</span> 
     </span>
     <span class='ocr_line' id='line_1_49' title="bbox 943 2197 1602 2229; baseline 0 0"><span class='ocrx_word' id='word_1_276' title='bbox 943 2199 1064 2229; x_wconf 76' lang='lat' dir='ltr'>Poeonia</span> <span class='ocrx_word' id='word_1_277' title='bbox 1088 2208 1159 2229; x_wconf 88' lang='lat' dir='ltr'>mox</span> <span class='ocrx_word' id='word_1_278' title='bbox 1184 2197 1224 2228; x_wconf 90' lang='lat' dir='ltr'>ad</span> <span class='ocrx_word' id='word_1_279' title='bbox 1239 2207 1361 2228; x_wconf 86' lang='lat' dir='ltr'>versum</span> <span class='ocrx_word' id='word_1_280' title='bbox 1377 2199 1450 2228; x_wconf 86' lang='lat'>313.</span> <span class='ocrx_word' id='word_1_281' title='bbox 1485 2198 1602 2229; x_wconf 82' lang='lat' dir='ltr'>Haemo-</span> 
     </span>
     <span class='ocr_line' id='line_1_50' title="bbox 941 2246 1603 2289; baseline 0 -11"><span class='ocrx_word' id='word_1_282' title='bbox 941 2249 1005 2284; x_wconf 78' lang='lat' dir='ltr'>nia,</span> <span class='ocrx_word' id='word_1_283' title='bbox 1030 2247 1205 2278; x_wconf 81' lang='lat' dir='ltr'>Thessalia.</span> <span class='ocrx_word' id='word_1_284' title='bbox 1227 2246 1249 2277; x_wconf 88' lang='lat' dir='ltr'>i.</span> <span class='ocrx_word' id='word_1_285' title='bbox 1279 2248 1353 2277; x_wconf 85' lang='grc'><strong>568.</strong></span> <span class='ocrx_word' id='word_1_286' title='bbox 1397 2247 1474 2288; x_wconf 85' lang='lat' dir='ltr'>Ejus</span> <span class='ocrx_word' id='word_1_287' title='bbox 1499 2254 1603 2289; x_wconf 88' lang='lat' dir='ltr'>partes</span> 
     </span>
     <span class='ocr_line' id='line_1_51' title="bbox 942 2295 1504 2338; baseline 0 -11"><span class='ocrx_word' id='word_1_288' title='bbox 942 2298 1071 2332; x_wconf 78' lang='lat' dir='ltr'>Achaia,</span> <span class='ocrx_word' id='word_1_289' title='bbox 1087 2295 1274 2338; x_wconf 84' lang='lat' dir='ltr'>Pelasgiotis</span> <span class='ocrx_word' id='word_1_290' title='bbox 1289 2302 1320 2327; x_wconf 89' lang='lat' dir='ltr'>et</span> <span class='ocrx_word' id='word_1_291' title='bbox 1338 2295 1504 2327; x_wconf 85' lang='lat' dir='ltr'>Phthiotis.</span> 
     </span>
    </p>

    <p class='ocr_par' dir='ltr' id='par_1_14' title="bbox 941 2345 1602 2526">
     <span class='ocr_line' id='line_1_52' title="bbox 985 2345 1602 2387; baseline 0.002 -10"><span class='ocrx_word' id='word_1_292' title='bbox 985 2348 1059 2378; x_wconf 88' lang='lat'>307.</span> <span class='ocrx_word' id='word_1_293' title='bbox 1087 2346 1153 2377; x_wconf 78' lang='lat' dir='ltr'>Tali</span> <span class='ocrx_word' id='word_1_294' title='bbox 1180 2346 1272 2387; x_wconf 86' lang='lat' dir='ltr'>voce.]</span> <span class='ocrx_word' id='word_1_295' title='bbox 1299 2346 1376 2376; x_wconf 85' lang='lat' dir='ltr'>Tam</span> <span class='ocrx_word' id='word_1_296' title='bbox 1404 2345 1549 2377; x_wconf 87' lang='lat' dir='ltr'>insolenti</span> <span class='ocrx_word' id='word_1_297' title='bbox 1570 2352 1602 2378; x_wconf 90' lang='lat' dir='ltr'>et</span> 
     </span>
     <span class='ocr_line' id='line_1_53' title="bbox 942 2395 1600 2438; baseline -0.002 -11"><span class='ocrx_word' id='word_1_298' title='bbox 942 2397 1039 2427; x_wconf 86' lang='lat' dir='ltr'>fastus</span> <span class='ocrx_word' id='word_1_299' title='bbox 1053 2396 1149 2438; x_wconf 88' lang='lat' dir='ltr'>plena</span> <span class='ocrx_word' id='word_1_300' title='bbox 1164 2406 1238 2427; x_wconf 88' lang='lat' dir='ltr'>voce</span> <span class='ocrx_word' id='word_1_301' title='bbox 1261 2407 1315 2427; x_wconf 90' lang='lat' dir='ltr'>nos</span> <span class='ocrx_word' id='word_1_302' title='bbox 1336 2395 1468 2426; x_wconf 86' lang='lat' dir='ltr'>invadit.</span> <span class='ocrx_word' id='word_1_303' title='bbox 1516 2395 1600 2426; x_wconf 88' lang='lat' dir='ltr'>Com-</span> 
     </span>
     <span class='ocr_line' id='line_1_54' title="bbox 941 2445 1600 2487; baseline 0.002 -11"><span class='ocrx_word' id='word_1_304' title='bbox 941 2447 1068 2476; x_wconf 75' lang='lat' dir='ltr'>mittunt</span> <span class='ocrx_word' id='word_1_305' title='bbox 1102 2447 1219 2485; x_wconf 70' lang='lat' dir='ltr'>pmii«,</span> <span class='ocrx_word' id='word_1_306' title='bbox 1252 2450 1421 2487; x_wconf 87' lang='lat' dir='ltr'>provocant</span> <span class='ocrx_word' id='word_1_307' title='bbox 1457 2445 1496 2475; x_wconf 85' lang='lat' dir='ltr'>ad</span> <span class='ocrx_word' id='word_1_308' title='bbox 1533 2456 1600 2477; x_wconf 88' lang='lat' dir='ltr'>cer-</span> 
     </span>
     <span class='ocr_line' id='line_1_55' title="bbox 944 2501 1062 2526; baseline 0 -1"><span class='ocrx_word' id='word_1_309' title='bbox 944 2501 1062 2526; x_wconf 86' lang='lat' dir='ltr'>tamen.</span> 
     </span>
    </p>

    <p class='ocr_par' dir='ltr' id='par_1_15' title="bbox 935 2541 1599 2732">
     <span class='ocr_line' id='line_1_56' title="bbox 984 2541 1599 2584; baseline -0.002 -10"><span class='ocrx_word' id='word_1_310' title='bbox 984 2544 1057 2574; x_wconf 88' lang='lat'>310.</span> <span class='ocrx_word' id='word_1_311' title='bbox 1077 2542 1277 2582; x_wconf 64' lang='lat' dir='ltr'>Thespiades]</span> <span class='ocrx_word' id='word_1_312' title='bbox 1300 2541 1435 2581; x_wconf 81' lang='lat' dir='ltr'>Thespia,</span> <span class='ocrx_word' id='word_1_313' title='bbox 1449 2541 1599 2584; x_wconf 90' lang='lat' dir='ltr'>oppidum</span> 
     </span>
     <span class='ocr_line' id='line_1_57' title="bbox 935 2590 1597 2634; baseline -0.002 -11"><span class='ocrx_word' id='word_1_314' title='bbox 935 2592 1028 2634; x_wconf 85' lang='lat' dir='ltr'>juxta</span> <span class='ocrx_word' id='word_1_315' title='bbox 1064 2591 1260 2623; x_wconf 79' lang='lat' dir='ltr'>Heliconem.</span> <span class='ocrx_word' id='word_1_316' title='bbox 1305 2591 1354 2621; x_wconf 88' lang='lat' dir='ltr'>Ibi</span> <span class='ocrx_word' id='word_1_317' title='bbox 1383 2591 1415 2622; x_wconf 88' lang='lat' dir='ltr'>in</span> <span class='ocrx_word' id='word_1_318' title='bbox 1452 2590 1597 2623; x_wconf 89' lang='lat' dir='ltr'>honorem</span> 
     </span>
     <span class='ocr_line' id='line_1_58' title="bbox 939 2640 1598 2672; baseline -0.002 0"><span class='ocrx_word' id='word_1_319' title='bbox 939 2642 1105 2672; x_wconf 86' lang='lat' dir='ltr'>Musarum</span> <span class='ocrx_word' id='word_1_320' title='bbox 1128 2640 1195 2672; x_wconf 88' lang='lat' dir='ltr'>dies</span> <span class='ocrx_word' id='word_1_321' title='bbox 1216 2640 1285 2672; x_wconf 83' lang='lat' dir='ltr'>festi</span> <span class='ocrx_word' id='word_1_322' title='bbox 1314 2647 1345 2671; x_wconf 90' lang='lat' dir='ltr'>et</span> <span class='ocrx_word' id='word_1_323' title='bbox 1369 2640 1435 2672; x_wconf 90' lang='lat' dir='ltr'>ludi</span> <span class='ocrx_word' id='word_1_324' title='bbox 1460 2640 1598 2672; x_wconf 90' lang='lat' dir='ltr'>celebra-</span> 
     </span>
     <span class='ocr_line' id='line_1_59' title="bbox 941 2691 1490 2732; baseline -0.002 -11"><span class='ocrx_word' id='word_1_325' title='bbox 941 2692 1064 2722; x_wconf 91' lang='lat' dir='ltr'>bantur.</span> <span class='ocrx_word' id='word_1_326' title='bbox 1089 2691 1225 2721; x_wconf 82' lang='lat' dir='ltr'>Pausan.</span> <span class='ocrx_word' id='word_1_327' title='bbox 1241 2702 1274 2732; x_wconf 85' lang='lat' dir='ltr'>p.</span> <span class='ocrx_word' id='word_1_328' title='bbox 1292 2691 1351 2721; x_wconf 86' lang='lat'>761</span> <span class='ocrx_word' id='word_1_329' title='bbox 1370 2696 1401 2720; x_wconf 83' lang='lat' dir='ltr'>et</span> <span class='ocrx_word' id='word_1_330' title='bbox 1417 2691 1490 2720; x_wconf 89' lang='lat'>771.</span> 
     </span>
    </p>

    <p class='ocr_par' dir='ltr' id='par_1_16' title="bbox 986 2739 1594 2780">
     <span class='ocr_line' id='line_1_60' title="bbox 986 2739 1594 2780; baseline -0.002 -10"><span class='ocrx_word' id='word_1_331' title='bbox 986 2741 1063 2770; x_wconf 84' lang='lat'>312.</span> <span class='ocrx_word' id='word_1_332' title='bbox 1087 2739 1242 2780; x_wconf 74' lang='lat' dir='ltr'>Hyantea,</span> <span class='ocrx_word' id='word_1_333' title='bbox 1271 2739 1313 2771; x_wconf 82' lang='lat' dir='ltr'>iii.</span> <span class='ocrx_word' id='word_1_334' title='bbox 1337 2740 1409 2770; x_wconf 86' lang='lat'>146.</span> <span class='ocrx_word' id='word_1_335' title='bbox 1442 2739 1594 2775; x_wconf 79' lang='lat' dir='ltr'>Emathia,</span> 
     </span>
    </p>
   </div>
  </div>
 </body>
</html>
