1729 3207
378 229 1001 272 METAMORPHOSEON
1034 230 1153 271 LIB.
1188 231 1224 271 I.
1439 232 1494 272 85

105 342 296 391 Celsior
320 344 426 409 ipse
452 345 578 400 loco,
606 352 904 409 sceptroque
930 346 1126 393 innixus
1151 347 1354 401 eburno,

102 419 386 469 Terrificam
411 422 588 486 capitis
613 421 866 469 concussit
888 429 1064 486 terque
1090 430 1368 486 quaterque

104 496 388 554 Caesarie1n‚
415 515 529 545 cum
555 516 655 562 qua
679 506 876 556 terram,
904 516 1054 556 mare,
1082 501 1259 557 sidera,
1286 501 1454 548 movit.

103 574 305 623 Talibus
331 577 446 625 inde
472 577 631 624 modis
652 594 737 624 ora
760 577 1069 640 indignantia
1095 578 1265 626 solvit:

1397 581 1481 624 181

102 658 133 676 “
155 651 269 700 Non
292 670 383 716 ego
408 671 495 718 pro
515 654 685 701 mundi
711 671 863 716 regno
889 655 1045 716 magis
1072 655 1249 702 anxius
1275 656 1358 702 illa

99 729 419 794 Tempestate
441 731 527 787 fui,
556 748 656 795 qua
679 740 880 780 centum
907 732 1120 795 quisque
1147 733 1390 796 parabant

101 806 311 870 Injicere
336 809 674 872 anguipedum
701 809 896 873 captivo
915 809 1119 857 brachia
1142 810 1285 857 coelo.

100 884 246 942 Nam,
275 902 562 950 quanquam
587 886 719 933 ferus
753 887 910 933 hostis
936 894 1057 942 erat,
1085 894 1254 934 tamen
1278 886 1399 933 illud
1425 887 1486 933 ab

295 980 392 1011 uno

96 1117 133 1147 lis
146 1123 263 1153 ornata,
275 1128 291 1148 e
302 1117 387 1159 ligno
401 1124 454 1148 aut
465 1119 573 1156 ebore;
590 1129 758 1160 σκηπτρον

100 1169 278 1206 θσκῆπτω.
308 1168 442 1203 Institor,
461 1167 617 1198 incumbo.
654 1169 760 1209 Reges

97 1215 172 1246 olim
200 1216 250 1246 vel
279 1216 389 1247 dextra
426 1217 574 1247 tenebant
611 1223 758 1256 sceptrum

95 1270 244 1301 erectum,
261 1266 310 1296 vel
326 1265 354 1296 ei
367 1267 588 1296 innitebantur.

143 1315 215 1346 179.
243 1315 593 1356 Terrfficam—-movit.]
626 1316 759 1358 Expres-

97 1375 166 1395 sum
189 1369 236 1395 est
260 1375 297 1395 ex
321 1363 512 1395 nobilissimo
535 1365 604 1396 loco
629 1366 758 1396 Homer.

97 1413 136 1444 Il.
162 1426 196 1445 α.
224 1415 286 1445 529
311 1425 380 1456 sqq.
425 1413 621 1456 Ἀμβρόσιαι
643 1414 670 1445 δ’
693 1416 758 1456 ἄρα

98 1465 212 1505 χαῖται
232 1463 460 1506 ἐπεῤῥώσαντο
481 1465 626 1502 ἄνακτος
641 1466 758 1506 κρατὸς

96 1511 157 1545 ἀπ’
193 1512 380 1545 ἀθανάτοιο·
417 1513 522 1556 μέγαν
560 1513 586 1545 δ’
619 1514 758 1550 ἐλέλιξεν

90 1561 281 1605 ”Ολυμπον.
339 1562 389 1593 Ibi
426 1563 598 1605 Olympum
634 1569 756 1594 tantum

97 1618 212 1648 movet,
242 1612 315 1654 quia
343 1612 387 1642 nil
415 1611 474 1643 nisi
499 1613 608 1643 annuit
632 1613 754 1655 capite:

97 1661 151 1692 sed
175 1661 225 1692 hic
248 1660 382 1703 graviter
404 1663 570 1703 indignans
593 1662 637 1692 ita
662 1668 758 1704 caput

97 1710 247 1747 concutit,
273 1716 308 1741 ut
337 1717 430 1747 terra,
453 1722 547 1747 mare,
571 1713 670 1742 sidera
696 1717 754 1742 tre-

95 1765 196 1791 mant:
237 1770 418 1802 quanquam
446 1760 530 1802 apud
554 1761 671 1791 Catull.
701 1762 755 1791 63.

96 1811 170 1841 203.
196 1816 291 1841 nutus
311 1810 445 1841 eandem
466 1810 530 1840 vim
548 1810 661 1841 habet:
690 1811 756 1841 Tel-

98 1861 144 1890 lus
153 1866 241 1901 atque
254 1861 378 1890 horrida
391 1866 637 1890 contremuerunt
647 1860 757 1900 AEquo—

95 1920 143 1945 ra,
162 1911 363 1950 concussitque
382 1910 526 1940 micantia
549 1911 646 1939 sidera
670 1921 756 1940 murz-

95 1960 162 1990 dus.
206 1960 285 1989 Haec
311 1959 382 1989 loca
410 1958 609 1989 sublimitatis
633 1959 756 1990 laudem

96 2014 264 2043 merentur,
295 2007 470 2049 feriuntque
507 2007 655 2044 animum,
684 2009 758 2039 licet

97 2057 211 2088 Noster
225 2057 287 2088 vim
308 2057 406 2092 illam,
424 2057 546 2099 adjecto
567 2064 669 2098 terque
683 2070 755 2098 qua-

96 2112 207 2147 terque,
230 2106 365 2148 fregerit.
411 2106 614 2148 Magnificam
651 2113 755 2138 autem

96 2155 182 2187 illam
197 2158 385 2187 sententiam
399 2156 557 2187 transtulit
568 2163 599 2187 et
613 2157 652 2187 ad
668 2157 754 2193 alios,

96 2205 160 2237 viii.
177 2207 249 2237 780.
265 2206 304 2237 ad
320 2205 465 2237 Cererem
479 2218 486 2244 3
510 2206 543 2236 II
563 2217 600 2237 ex
618 2207 708 2237 Pont.
723 2207 756 2238 ii.

99 2256 150 2287 65.
167 2255 207 2286 ad
224 2255 401 2296 Augustum
424 2255 512 2292 adeo,
535 2266 632 2297 quum
654 2258 757 2288 vultus

98 2307 242 2337 remiserit
263 2306 341 2342 illos,
357 2305 418 2340 Qui
438 2316 535 2336 secum
554 2311 650 2336 terras
666 2308 754 2346 impe-

98 2357 234 2396 riumque
250 2361 375 2385 movent.
419 2354 481 2385 Hic
503 2361 617 2385 movent
632 2361 690 2391 est,
707 2366 754 2387 re-

99 2410 197 2446 gunt3
220 2404 276 2435 sed
290 2410 393 2435 nostro
406 2404 476 2435 loco
496 2406 594 2440 movit,
611 2406 755 2436 tremefe-

101 2453 155 2490 cit,
178 2459 213 2484 ut
235 2455 347 2485 Horat.
372 2453 435 2484 ΙΙΙ.
459 2453 520 2484 Od.
544 2454 565 2484 i.
584 2455 613 2484 8.
633 2454 757 2496 Jupiter

101 2509 211 2534 cuncta
241 2503 400 2543 supercilio
428 2514 553 2533 movens.
601 2503 758 2535 concussio

99 2551 221 2593 signum
244 2551 477 2593 indignationis,
498 2555 534 2582 ut
555 2552 588 2582 ii.
603 2553 676 2583 849.
691 2564 757 2583 cum

98 2612 165 2641 qua,
181 2610 244 2642 qua
259 2611 419 2631 concussa.
464 2602 549 2631 Nota
569 2607 674 2632 autem
689 2612 758 2643 gra-

101 2660 169 2681 vem
185 2661 304 2686 sonum,
317 2661 379 2692 qua
394 2650 476 2681 omni
489 2650 518 2681 h.
532 2651 553 2681 1.
566 2651 660 2681 verba
675 2651 758 2682 ince-

101 2698 190 2735 dunt,
206 2710 267 2740 quo
288 2699 381 2730 etiam
405 2700 576 2741 asyndeton
591 2699 623 2730 in
638 2706 760 2735 terrum,

101 2752 161 2778 etc.
180 2748 313 2779 multum
328 2748 458 2779 confert.

147 2798 217 2828 182.
239 2797 308 2828 Non
318 2809 370 2839 ego
378 2809 432 2838 pro
444 2799 559 2834 mundi,
571 2798 652 2838 etc.]
680 2798 759 2834 Quae

146 2846 244 2877 VOL.
267 2846 333 2877 ΙΙΙ.

1397 966 1487 1010 185

826 1119 966 1159 sequitur
981 1120 1089 1156 oratio,
1105 1126 1137 1150 et
1151 1119 1227 1150 iram
1243 1119 1349 1160 spirat,
1366 1125 1396 1149 et
1417 1129 1485 1159 gra-

826 1167 914 1198 vitati
926 1168 1014 1199 Jovis
1029 1168 1184 1199 convenit.
1230 1167 1390 1209 Majestati
1401 1167 1489 1198 Jovis

826 1217 1015 1248 conveniunt
1031 1217 1097 1253 illa,
1117 1228 1186 1258 quae
1203 1217 1241 1248 de
1256 1227 1350 1258 regno
1365 1216 1486 1252 mundi,

826 1266 864 1297 de
888 1267 1054 1308 puniendis
1076 1267 1255 1303 sceleribus,
1271 1267 1309 1297 de
1330 1267 1417 1297 novis
1440 1267 1487 1296 in-

827 1316 904 1346 colis
925 1322 1012 1346 terrae
1037 1316 1159 1352 dandis,
1176 1316 1214 1347 de
1232 1315 1361 1357 imperio
1377 1326 1432 1346 suo
1456 1315 1487 1345 in

826 1366 921 1402 Deos,
964 1366 1115 1407 loquitur.
1174 1366 1400 1406 Indignitatem
1444 1365 1487 1395 rei

825 1415 986 1446 commode
1024 1426 1077 1457 per
1113 1415 1379 1455 comparationem
1417 1426 1488 1446 cum

825 1464 996 1505 Gigantum
1012 1470 1126 1494 conatu
1144 1467 1255 1505 (quem
1279 1464 1375 1494 lector
1394 1464 1486 1494 modo

824 1513 986 1554 cognovit)
1003 1513 1156 1551 ostendit3
1180 1518 1247 1543 erat
1268 1512 1351 1543 enim
1366 1518 1396 1543 et
1416 1513 1485 1547 hoc,

824 1563 940 1594 crimen
964 1563 1046 1593 laesae
1073 1562 1246 1604 majestatis
1271 1562 1396 1593 divinae.
1442 1563 1485 1593 Ut

825 1619 929 1643 autem
952 1613 1004 1643 ille
1018 1612 1276 1653 conatusjustam
1297 1612 1486 1642 ministraret

824 1673 1013 1697 mensuram,
1031 1661 1219 1703 gravissimis
1233 1672 1304 1692 eum
1316 1661 1417 1692 verbis
1433 1661 1487 1692 de-

824 1711 944 1742 scribit.
990 1713 1121 1741 Amium
1136 1711 1225 1741 illum
1248 1710 1385 1741 animum
1401 1722 1485 1741 com-

825 1766 973 1791 memorat
987 1761 1080 1791 etiam
1098 1760 1174 1790 Hor.
1190 1760 1255 1790 III.
1272 1760 1337 1791 Od.
1359 1759 1399 1790 iv.
1421 1761 1461 1791 49
1477 1774 1483 1790 :

823 1816 924 1841 turma
954 1809 1128 1851 Gigantum
1164 1821 1306 1851 Wlssg'ss'llln
1341 1816 1484 1840 ΪΘΓΥΟῙὊΙΠ,

822 1861 981 1896 intulerat,
1000 1861 1103 1900 fidens
1131 1860 1268 1889 brachiis.
1313 1859 1427 1900 Itaque
1456 1865 1488 1890 et

823 1909 873 1939 hic
894 1909 1026 1939 formula
1049 1909 1170 1939 brachia
1189 1909 1314 1948 injicere
1335 1919 1407 1939 cum
1428 1908 1484 1938 de-

822 1957 906 1989 lectu
922 1958 1073 1989 adhibita.

869 2008 939 2037 183.
976 2007 1042 2041 Qua
1078 2007 1373 2042 centnm—brachia,
1404 2007 1482 2047 etc.]

824 2057 959 2087 Centum
994 2067 1117 2087 manus.
1166 2056 1257 2087 Unde
1285 2061 1316 2086 et
1345 2056 1487 2097 gigantes

823 2109 984 2137 centimani
1000 2117 1018 2137 a
1033 2111 1157 2136 centum
1171 2105 1315 2135 manibus
1325 2110 1486 2136 vocantur.

824 2155 975 2186 Alludere
990 2161 1092 2186 autem
1108 2160 1202 2197 poeta
1215 2154 1337 2185 videtur
1360 2154 1400 2185 ad
1417 2154 1486 2184 Bri-

824 2215 929 2235 areum
951 2204 1110 2246 gigantem
1132 2209 1163 2234 et
1179 2204 1306 2235 Cottum
1324 2209 1355 2234 et
1371 2204 1483 2245 Gygen

822 2253 906 2285 illius
921 2254 1041 2289 fratres,
1057 2264 1134 2295 quos
1155 2253 1283 2283 Hesiod.
1298 2252 1331 2283 in
1345 2253 1485 2294 Theogo-

824 2303 876 2334 nia
899 2303 1037 2344 singulos
1061 2308 1186 2333 centum
1210 2312 1320 2332 manus
1339 2301 1484 2333 habuisse

824 2353 878 2383 ait.
901 2354 1101 2394 Anguipedes,
1113 2350 1377 2393 ὃρακοντόποδες.
1392 2351 1484 2383 Trist-

823 2402 882 2432 IV.
910 2401 962 2432 vii.
995 2403 1044 2432 17.
1072 2402 1298 2440 serpentipedes.
1347 2400 1482 2440 Captiva,

824 2451 905 2493 quod
946 2460 1056 2493 capere
1099 2450 1302 2480 conabantur.
1369 2449 1485 2491 Incipit

824 2502 917 2541 magis
948 2503 1067 2535 amitis,
1100 2499 1186 2540 sequi
1223 2499 1369 2535 debebat,
1396 2511 1483 2539 quam

823 2561 927 2586 nunc5
950 2549 1005 2580 sed
1017 2548 1076 2579 hoc
1092 2548 1188 2579 iratus
1199 2546 1312 2578 omisit.

873 2600 943 2630 185.
984 2599 1080 2629 Ferus
1113 2597 1227 2637 hostis]
1263 2596 1387 2639 ’Ἄγριοι
1421 2597 1484 2628 9εοὶ

827 2654 975 2680 vocantur
990 2648 1148 2689 gigantes:
1162 2648 1232 2688 feri
1243 2649 1393 2688 gigantes,
1410 2647 1483 2677 Seu.

826 2699 931 2741 OEdip.
946 2699 997 2729 90.
1035 2698 1079 2727 Ab
1094 2709 1153 2727 uno
1168 2708 1297 2736 corpore.
1334 2697 1408 2726 Erat
1421 2706 1484 2726 una

826 2749 945 2784 cohors,
957 2758 1026 2789 quae
1043 2746 1215 2788 conjunctis
1231 2745 1346 2776 viribus
1360 2746 1486 2787 Superis

827 2797 944 2828 bellum
958 2796 1121 2826 inferebat.

960 2846 982 2874 F.
