1763 3181
231 182 316 224 258

620 182 669 222 Ρ.
704 182 914 224 OVIDII
949 182 1226 224 NASONIS

230 297 398 344 Patria
424 296 639 343 Maeonia
662 304 765 344 est:
805 297 975 344 humili
999 298 1061 345 de
1087 298 1233 361 plebe
1258 305 1502 361 parentes.

231 373 344 420 Non
371 373 504 428 mihi,
533 388 643 435 quae
669 373 776 419 duri
803 373 1019 420 colerent
1045 381 1184 437 pater
1210 389 1323 422 arva
1341 375 1555 437 juvenci,

230 449 559 512 Lanigerosve
585 465 776 512 gregeS,
804 466 900 497 non
925 451 1025 498 ulla
1049 458 1271 498 armenta
1295 451 1509 513 reliquit.

231 527 427 591 Pauper
450 533 501 574 et
524 526 631 590 ipse
654 525 772 583 fuit;
813 526 1013 590 linoque
1039 527 1230 574 solebat
1253 535 1304 574 et
1327 527 1472 573 hamo
1509 529 1603 574 586

230 603 492 667 Decipere,
518 611 569 667 et
592 603 781 651 calamo
807 604 1038 651 salientes
1063 604 1244 651 ducere
1268 603 1448 667 pisces.

228 681 322 728 Ars
346 680 415 727 illi
440 697 530 727 sua
552 696 730 727 census
756 688 886 728 erat:
927 697 1081 744 quum
1105 681 1320 729 traderet
1343 688 1511 735 artem,

223 756 427 820 Accipe,
456 772 580 819 quas
606 757 779 812 habeo,
807 756 954 804 studii
982 773 1240 805 successor
1265 765 1316 804 et
1338 757 1497 811 heres,

228 833 384 889 Dixit,
410 849 558 897 opes:
597 833 911 897 moriensque
935 833 1054 880 mihi
1079 834 1199 880 nihil
1225 834 1307 880 ille
1332 833 1544 895 reliquit,

227 909 416 957 Praeter
453 925 637 973 aquas:
681 926 833 957 unum
870 910 961 956 hoc
995 926 1197 973 possum
1235 910 1483 974 appellare
1518 925 1600 972 pa-

423 994 633 1033 ternum.

1510 988 1598 1032 591

226 1063 350 1110 Mox
375 1080 482 1126 ego,
509 1080 571 1111 ne
596 1063 813 1127 scopulis
838 1064 1074 1110 haererem
1100 1079 1294 1126 semper
1319 1063 1368 1109 in
1394 1062 1565 1117 isdem,

224 1140 456 1187 Addidici
477 1141 711 1203 regimen,
738 1141 915 1188 dextra
939 1141 1240 1196 moderante,
1268 1140 1446 1187 carinae

223 1307 332 1337 Senec.
346 1307 450 1348 OEdip.
466 1316 528 1337 ver.
544 1307 616 1337 449.
663 1307 784 1348 Nempe
802 1307 828 1337 T
826 1318 879 1347 yr-

225 1357 309 1386 rheni
323 1366 339 1386 e
354 1355 456 1397 prisca
478 1356 680 1396 Pelasgorum
700 1355 793 1397 stirpe
813 1356 879 1387 sue-

223 1410 304 1439 runt,
321 1410 414 1445 atque
429 1404 523 1435 etiam
544 1404 727 1446 aliquandiu
748 1405 879 1446 Lydiam

222 1454 388 1484 incoluisse
412 1453 574 1485 videntur:
608 1454 679 1484 vide
706 1454 878 1495 Heynium,

222 1502 254 1533 in
275 1502 450 1533 Comment.
466 1502 504 1533 de
523 1502 660 1534 Castoris
682 1503 828 1544 Epochis,
849 1510 880 1534 et

223 1551 352 1581 Excurs.
368 1550 430 1581 III.
449 1550 489 1581 ad
509 1551 636 1581 AEneid.
652 1551 745 1581 VIII.
769 1557 878 1582 nostrae

223 1599 385 1635 Editionis,
400 1600 462 1630 vol.
478 1599 524 1630 iii.
540 1611 571 1642 p.
588 1601 662 1630 482.
708 1600 768 1630 Sed
791 1600 877 1642 Hyg.

221 1649 274 1690 qui
290 1648 422 1679 eundem
438 1659 509 1679 cum
529 1649 641 1679 Nostro
660 1654 817 1679 auctorem
831 1659 877 1680 se-

221 1703 338 1739 quutus
356 1707 422 1728 esse
436 1697 571 1734 videtur,
590 1698 750 1738 Tyrrheni,
766 1698 878 1740 inquit,

220 1749 270 1787 qui
284 1753 384 1786 postea
401 1746 487 1777 Tusci
506 1754 575 1778 sunt
590 1749 674 1783 dicti,
689 1759 779 1788 quum
791 1750 877 1788 pira-

220 1798 309 1826 ticam
318 1795 474 1836 facerent.
511 1796 633 1838 Nempe
650 1797 779 1827 Maeonia
793 1796 878 1827 dicta

218 1851 265 1876 est
280 1844 374 1875 etiam
385 1844 510 1881 Tuscia,
522 1844 553 1875 in
567 1856 661 1887 quam
677 1845 786 1887 priscis
798 1851 875 1876 tem-

219 1893 342 1935 poribus
357 1894 516 1924 Maeonum
528 1893 649 1924 colonia
663 1894 798 1925 deducta
808 1905 874 1925 esse

219 1942 339 1982 vulgari
364 1943 514 1973 Veterum
543 1952 640 1973 errore
669 1942 872 1974 credebatur:

219 1991 289 2022 vide
306 1991 408 2032 Heyn.
422 1991 484 2021 d.l.
498 1991 581 2022 Hinc
596 1992 683 2033 Virg.
699 1991 731 2022 d.
744 1992 765 2023 l.
800 1993 874 2023 Ma*-

216 2042 285 2070 οηία
296 2042 445 2079 juventus
459 2040 499 2071 de
512 2040 661 2077 Etruscis,
680 2049 710 2072 et
725 2041 780 2072 Sil.
801 2042 874 2074 Ital.

219 2100 269 2119 xv.
283 2090 334 2120 35.
357 2089 497 2120 Maeonius
513 2091 594 2119 lacus
607 2096 654 2120 est
667 2090 875 2123 Trasimenus,

219 2139 258 2168 Et
278 2138 371 2169 Tusci
397 2138 441 2169 rei
466 2138 598 2169 nauticae
625 2139 752 2170 studiosi
777 2146 875 2177 eraut,

218 2187 350 2228 Dionys.
373 2187 478 2218 Halic.
502 2187 522 2217 i.
542 2188 594 2218 25.
617 2187 802 2230 eosdemque
826 2199 874 2220 sa·

217 2236 277 2267 cris
293 2236 457 2267 Bacchicis
472 2237 566 2268 fuisse
581 2236 721 2268 addictos
735 2248 752 2269 e
768 2248 875 2269 monu-

218 2285 330 2316 mentis
346 2286 452 2316 multis
466 2296 571 2317 eorum
587 2292 726 2328 apparet.

260 2336 333 2365 584.
357 2335 423 2365 Non
442 2337 513 2366 mihi
532 2342 629 2375 pater,
645 2336 722 2376 εἴα]
749 2337 875 2368 Descri-

217 2384 265 2414 bit
286 2395 317 2414 se
332 2385 576 2426 pauperrimum,
593 2385 631 2415 ad
647 2385 874 2417 miserationem

216 2432 404 2463 faciendam.
454 2433 571 2464 Ornate
601 2433 689 2464 effert
717 2434 776 2464 tria
802 2433 873 2464 vitae

213 2492 338 2523 genera.
385 2482 422 2512 In
446 2485 588 2513 armentis
610 2489 641 2513 et
666 2485 745 2514 arvis
767 2493 874 2514 omnes

214 2530 288 2561 olim
304 2530 434 2562 divitiae.
471 2532 673 2574 Pauper-rima
688 2538 790 2564 autem
807 2538 873 2563 erat

211 2581 390 2618 piscatorum
413 2579 569 2610 conditio:
602 2580 666 2611 vid.
685 2581 773 2622 Virg.
792 2583 868 2612 AEn.

213 2627 265 2658 xii.
277 2628 340 2659 517
353 2639 420 2669 sqq.
464 2628 618 2660 Theocrit.
633 2629 681 2660 Id.
697 2631 749 2661 21.
762 2630 867 2671 ibique

211 2677 338 2708 Harles.
355 2678 407 2718 qui
426 2684 456 2709 et
476 2678 515 2709 de
535 2678 747 2710 instrumentis
767 2680 867 2722 pisca-

211 2725 294 2756 toriis
307 2727 447 2767 exponit.
490 2728 761 2763 Durus,robustus
777 2735 808 2759 et
822 2729 867 2760 la-

945 1305 1093 1341 boriosus,
1114 1306 1167 1347 qui
1191 1315 1301 1346 graves
1324 1304 1445 1335 labores
1468 1305 1601 1346 peragit.

947 1355 1057 1386 Omnis
1070 1356 1134 1386 vita
1148 1354 1261 1386 rustica
1277 1357 1356 1385 dura
1372 1361 1429 1385 est.
1475 1353 1598 1389 Linum,

945 1403 1023 1435 retia
1051 1403 1231 1446 piscatoria.
1290 1404 1445 1444 Decipere,
1470 1403 1603 1434 suaviter

945 1463 1009 1494 pro,
1039 1463 1163 1494 capere.
1197 1452 1309 1493 Virgil.
1336 1454 1451 1494 Georg.
1475 1453 1495 1483 i.
1522 1454 1600 1484 139:

935 1503 1053 1544 fallere
1067 1513 1139 1533 aves
1156 1505 1238 1533 visco.
1286 1503 1423 1533 Verbum
1447 1502 1601 1544 proprium

946 1558 1003 1587 est,
1028 1554 1167 1587 inescare,
1192 1550 1361 1587 ὂελεὰζειν.
1416 1552 1560 1581 Salientes
1583 1561 1601 1582 a

946 1607 1056 1631 natura
1071 1600 1212 1642 piscium.
1245 1600 1360 1631 Confer
1374 1600 1444 1631 Art.
1459 1600 1565 1631 Amat.
1581 1599 1602 1631 i.

946 1650 1019 1680 763.
1034 1656 1065 1680 et
1079 1649 1159 1680 infra
1172 1649 1236 1680 xiii.
1250 1651 1324 1681 923.

987 1700 1061 1730 583.
1087 1699 1208 1733 Census,
1225 1699 1354 1735 divitiae,
1371 1710 1454 1741 opes,
1470 1698 1598 1735 reditus,

946 1747 1019 1788 quia
1033 1748 1115 1778 bona
1126 1747 1239 1778 civium
1258 1748 1467 1779 Romanorum
1482 1747 1512 1778 in
1528 1758 1599 1779 cen-

944 1807 1012 1827 sum
1026 1796 1257 1827 deferebantur.
1292 1797 1444 1833 Studium,
1460 1796 1531 1828 vitae
1547 1808 1600 1838 ge-

942 1856 1010 1881 nus,
1034 1851 1068 1876 ut
1091 1846 1111 1876 i.
1135 1847 1208 1877 694.
1233 1846 1284 1876 ubi
1308 1846 1346 1877 de
1370 1852 1496 1876 venatu.
1540 1847 1598 1878 Ju-

941 1893 1043 1924 eunde
1056 1905 1200 1925 successor
1210 1900 1237 1925 et
1249 1895 1340 1931 heres,
1352 1901 1500 1936 tanquam
1514 1906 1599 1937 mag-

941 1953 1049 1973 narum
1065 1943 1260 1975 facultatum.
1305 1945 1324 1976 J
1330 1944 1449 1975 ucunde
1465 1951 1496 1975 et
1509 1944 1599 1981 illud,

941 1992 1018 2022 nihil
1034 1993 1105 2022 mihi
1119 1995 1240 2033 reliquit
1253 2000 1362 2033 praeter
1375 2005 1478 2034 aquas.

983 2042 1058 2072 593.
1068 2043 1241 2078 Addiscere,
1256 2042 1373 2074 discere
1389 2043 1507 2085 aliquid
1522 2054 1597 2085 prae-

943 2096 990 2120 ter
1003 2090 1045 2127 id,
1062 2091 1144 2132 quod
1163 2091 1227 2133 jam
1245 2097 1398 2124 tenemus,
1433 2092 1539 2123 Simile
1555 2099 1600 2123 est

942 2140 1084 2170 adducere
1099 2146 1177 2170 artes
1192 2140 1275 2181 apud
1292 2141 1401 2172 Horat.
1425 2141 1598 2172 Nautarum

943 2193 999 2223 est,
1016 2198 1120 2229 regere
1131 2199 1253 2224 navem,
1270 2189 1359 2220 misse
1371 2189 1471 2220 sidera
1483 2195 1513 2220 et
1528 2200 1597 2231 por-

944 2241 1002 2266 tus.
1055 2237 1212 2279 Regimen,
1243 2238 1499 2279 gubernaculum,
1533 2239 1598 2270 cla-

942 2295 1008 2316 vus.
1054 2287 1127 2318 Jam
1151 2286 1252 2317 sidera
1275 2287 1329 2318 illa
1348 2294 1508 2323 memorat,
1526 2298 1595 2329 quae

942 2345 1004 2375 prae
1034 2336 1154 2367 caeteris
1181 2343 1291 2367 nautas
1322 2336 1396 2367 olim
1425 2337 1595 2369 ducebant.

944 2383 1051 2413 Olenia
1074 2386 1199 2424 capella,
1213 2385 1394 2421 Amalthea,
1410 2385 1500 2427 cujus
1515 2386 1597 2418 lacte

939 2432 1048 2464 Jovem
1068 2435 1217 2464 nutritum
1236 2434 1350 2465 serunt.
1395 2435 1443 2465 Ea
1461 2434 1539 2466 inter
1555 2435 1595 2466 si-

940 2480 1015 2512 dera
1034 2482 1133 2513 relata
1153 2483 1255 2513 locum
1276 2493 1367 2514 suum
1382 2482 1477 2514 habet
1492 2483 1523 2514 in
1539 2483 1596 2515 hu-

939 2540 1023 2561 mero
1048 2531 1170 2563 sinistro
1195 2532 1351 2563 Heniochi
1377 2531 1441 2563 sive
1464 2532 1592 2574 aurigae.

938 2578 1057 2621 Hygin.
1087 2581 1174 2612 Poet.
1195 2581 1279 2612 Astr.
1298 2581 1330 2612 ii.
1355 2582 1407 2612 13.
1454 2581 1594 2613 Vocatur

934 2629 1014 2659 sidus
1031 2630 1177 2668 pluviale,
1190 2636 1220 2661 ct
1236 2631 1319 2662 Fast.
1336 2642 1365 2661 v.
1386 2631 1457 2662 113.
1473 2633 1591 2673 signum

932 2678 1078 2715 pluviale,
1100 2678 1175 2720 quia
1196 2679 1334 2721 pluviam
1357 2679 1496 2711 nunciat.
1514 2680 1541 2710 T
1539 2692 1593 2721 uy-

934 2739 1010 2772 gele,
1023 2744 1085 2764 una
1095 2745 1132 2764 ex
1144 2734 1337 2766 Pleiadibus.
1363 2735 1484 2775 Hyades
1494 2734 1591 2766 stellae
