1729 3207
389 214 1007 256 METAMORPHOSEON
1041 214 1159 254 LIB.
1194 214 1230 254 Ι.

1415 215 1494 255 1225>

114 330 241 378 Hinc
266 329 522 378 dissuadet
545 347 704 378 amor:
745 331 903 377 victus
928 330 1087 393 pudor
1112 335 1244 376 esset
1268 344 1455 384 amore3

115 408 231 464 Sed,
257 408 363 455 leve
389 407 428 454 si
454 424 633 454 munus
659 407 805 454 sociae
831 406 1127 470 generisque
1154 406 1348 468 torique
1393 409 1488 452 620

110 484 277 532 Vacca
300 492 577 547 negaretur,
604 493 796 549 poterat
821 502 918 532 non
942 501 1093 532 vacca
1116 483 1287 529 videri.

113 561 298 609 Pelliee
323 562 521 618 donata,
548 578 645 608 non
671 562 895 625 protinus
921 562 1060 608 exuit
1086 577 1280 607 omnem

114 638 241 686 Diva
258 646 470 696 metum3
501 639 767 702 timuitque
788 639 817 686 J
822 656 978 694 ovem,
998 646 1048 686 et
1069 638 1162 685 fuit
1180 637 1328 684 anxia
1349 637 1487 693 furt.i;

113 716 286 764 Donec
322 715 625 763 Arestoridae
652 717 942 763 servandam
968 715 1174 763 tradidit
1199 714 1348 776 Argo.

114 792 328 840 Centum
354 792 622 839 luminibus
648 792 865 840 cinctum
892 800 1042 856 caput
1064 793 1226 854 Argus
1247 791 1489 838 habebat:

112 870 235 917 Inde
260 870 361 917 suis
386 870 576 917 vicibus
602 870 868 934 capiebant
892 871 1009 917 bina
1035 870 1282 933 quietem:

1396 871 1491 915 626

111 947 294 994 Cetera
317 947 596 1000 servabant,
626 955 774 1010 atque
801 947 850 994 in
877 947 1091 995 statione
1118 946 1400 993 manebant.

111 1024 415 1072 Constiterat
437 1040 754 1088 quocumque
781 1026 943 1081 modo,
972 1025 1232 1088 spectabat
1257 1023 1317 1069 ad
1346 1022 1429 1069 Io:

109 1101 240 1149 Ante
264 1102 433 1149 oculos
462 1101 532 1157 Io,
561 1102 787 1164 quamvis
813 1118 1031 1156 aversus,
1059 1101 1291 1148 habebat.

110 1178 243 1226 Luce
261 1178 377 1225 sinit
395 1178 556 1242 pasci:
579 1195 733 1241 quum
758 1179 842 1225 Sol
858 1179 1034 1226 tellure
1055 1179 1145 1224 sub
1162 1178 1261 1223 alta
1278 1184 1367 1231 est,
1396 1178 1491 1221 630

149 1344 226 1375 623.
250 1345 349 1375 Anxia
359 1344 481 1386 furti]
509 1347 558 1376 Ne
582 1346 703 1388 Jupiter
724 1346 763 1376 ad

107 1393 361 1424 consuetudinem
373 1394 439 1436 ejus
454 1394 577 1425 rediret.

150 1443 225 1473 624.
251 1443 360 1484 Argo.]
387 1444 437 1474 De
453 1444 544 1485 Argo,
560 1445 689 1485 ejusque
709 1456 762 1485 ge-

107 1491 249 1533 nealogia
263 1492 334 1523 vide
356 1493 501 1524 Eustath.
518 1493 558 1523 ad
579 1494 707 1524 Homer.
721 1494 762 1524 Il.

110 1545 149 1573 B.
171 1553 202 1583 p.
227 1542 307 1580 1383
330 1541 433 1572 Schol.
452 1542 561 1582 Eurip.
582 1543 621 1573 ad
651 1543 764 1574 Phoen.

107 1601 169 1622 ver.
185 1591 277 1621 1123.
289 1590 396 1632 ibique
408 1591 710 1633 Valkenar.Jupiter
725 1604 763 1623 ex

108 1640 210 1672 Niobe
232 1639 340 1680 genuit
354 1639 485 1681 Argum,
501 1641 590 1682 cujus
611 1651 764 1683 pronepos

108 1689 245 1725 Arestor,
260 1693 350 1731 pater
362 1688 439 1730 Argi
463 1690 568 1720 nostri.
613 1690 765 1720 Acusilao

107 1745 139 1770 et
164 1738 308 1780 AEschyl.
329 1739 402 1770 570.
425 1744 492 1769 erat
515 1740 674 1781 γηγενὴς,
696 1739 719 1768 i.
737 1749 764 1769 e.

107 1788 197 1830 cujus
225 1787 310 1828 origo
338 1787 455 1829 ignota.
495 1787 561 1818 Alii
592 1799 654 1818 non
681 1788 764 1818 hunc

107 1837 317 1873 centoculum,
345 1836 399 1867 sed
428 1836 524 1867 alium
552 1837 684 1878 Argum,
712 1836 766 1878 qui

109 1896 219 1917 navem
227 1885 312 1926 Argo
322 1885 496 1921 fabricavit,
508 1885 660 1916 Arestoris
671 1885 769 1916 filium

107 1935 243 1967 faciunt:
276 1935 340 1966 vid.
366 1936 503 1966 Gronov.
526 1936 664 1966 Diatrib.
689 1936 767 1967 Stat.

108 1987 162 2016 55.
177 1991 209 2016 et
232 1985 340 2015 Burm.
361 1984 400 2015 ad
424 1984 454 2015 h.
477 1985 500 2014 l.
548 1985 649 2025 Hujus
673 1984 767 2015 nostri

109 2034 186 2075 Argi
206 2033 323 2075 effigies
346 2044 490 2074 expressa
512 2040 578 2064 erat
600 2033 631 2063 in
654 2034 765 2076 clypeo

109 2082 380 2125 Hippomedontis,
390 2082 496 2124 Eurip.
512 2082 543 2113 d.
556 2083 578 2113 1.
595 2089 625 2113 et
640 2083 672 2113 in
688 2083 764 2124 pha-

108 2139 187 2165 retra
207 2132 364 2168 Herculis,
378 2131 488 2169 Quint.
501 2132 624 2173 Smyrn.
641 2143 671 2162 x.
690 2134 761 2163 191.

109 2181 212 2222 Argus
233 2180 383 2212 universae
407 2180 514 2211 mundi
538 2180 690 2211 machinae
714 2188 763 2222 ty-

109 2241 166 2273 pus
180 2235 237 2266 est,
253 2230 342 2272 cujus
360 2234 455 2271 caput
475 2229 549 2260 coeli
572 2241 634 2271 prae
652 2240 684 2260 se
706 2230 764 2261 sert

109 2278 286 2321 imaginem,
301 2278 385 2309 oculi
403 2278 575 2314 stellarum,
593 2289 662 2320 quae
684 2278 763 2309 infe-

110 2328 188 2359 riora
211 2327 396 2370 despiciunt.
442 2329 477 2358 Io
500 2339 584 2369 ergo,
605 2329 630 2359 si
653 2334 765 2359 terram

110 2377 228 2419 capias,
244 2387 305 2407 non
327 2376 429 2407 minus
444 2377 483 2407 ab
500 2377 584 2418 Argo
606 2383 764 2413 nocturno,

111 2425 231 2457 vicibus
258 2425 385 2457 alternis
417 2426 589 2467 respicitur,
619 2437 713 2468 quam
748 2438 766 2457 a

112 2474 251 2517 Cyclope
266 2474 386 2511 diurno,
396 2474 428 2505 id
442 2481 488 2505 est
501 2475 583 2506 Sole.
625 2475 657 2505 Si
670 2486 767 2507 vacca

111 2523 161 2559 sit,
183 2524 303 2555 Lunam
325 2530 515 2555 crescentem
539 2524 674 2555 referunt
699 2536 765 2556 cor-

113 2582 194 2611 nua3
217 2577 376 2614 nuptaque
397 2578 444 2603 est
459 2572 575 2603 Osiridi
591 2574 680 2614 cujus
701 2584 767 2604 cor-

114 2632 177 2652 nua
197 2621 288 2664 pleno
308 2622 381 2652 orbe
403 2622 547 2652 coeuntia
567 2622 670 2652 Solem
691 2623 768 2653 refe-

114 2676 194 2701 runt.
238 2671 413 2712 Utrumque
435 2670 597 2702 numinum
620 2672 688 2702 loco
711 2673 766 2702 AE-

114 2719 246 2761 gyptios,
262 2721 383 2757 Persas,
398 2720 536 2761 aliosque
561 2721 691 2750 coluisse
717 2731 769 2750 no-

114 2773 179 2798 tum
193 2775 253 2800 est.

158 2818 255 2848 VOL.
280 2817 343 2847 III.

876 1347 1056 1377 625-626.
1070 1343 1225 1383 Genium]
1241 1342 1377 1373 Omnino
1387 1341 1494 1370 multa.

833 1395 1143 1437 .*1⁴“,schyl.Prometh.
1152 1395 1227 1424 674.
1239 1392 1379 1428 πυκνοῖς
1390 1390 1495 1427 ὄσσοις

831 1444 994 1486 δεδορκώς,
1008 1451 1038 1475 et
1054 1445 1128 1475 571.
1143 1443 1159 1474 ὁ
1174 1443 1341 1484 μυριωπὸς
1355 1440 1492 1481 βοίιτας,

833 1494 915 1535 quod
944 1493 1108 1524 Schutzius
1138 1492 1253 1534 tropice
1287 1496 1377 1533 putat
1406 1499 1494 1530 posse

832 1545 931 1572 omnia
968 1544 1167 1571 observantem
1204 1539 1389 1581 significare.
1443 1538 1493 1567 Ab

833 1591 940 1633 Eurip.
964 1591 1078 1621 Phoen.
1098 1591 1190 1620 1120.
1210 1595 1241 1620 et
1264 1588 1334 1619 aliis
1357 1598 1404 1618 vr.
1431 1598 1495 1616 πα-

831 1641 970 1679 νόπτης,
997 1641 1046 1681 cuj
1054 1652 1087 1670 us
1102 1639 1235 1670 nominis
1250 1648 1375 1669 causam
1391 1635 1496 1666 Schol-

833 1690 928 1720 Hom.
953 1689 994 1719 Il.
1024 1692 1058 1719 B.
1085 1689 1155 1719 103.
1179 1687 1282 1718 reddit
1305 1687 1396 1721 hanc,
1421 1684 1493 1726 quia

832 1737 915 1767 κατὰ
932 1738 1060 1774 παντὸς
1086 1739 1143 1768 τοῦ
1170 1737 1320 1778 σώματος
1337 1735 1422 1775 εἶχεν
1442 1733 1495 1773 ὐφ-

833 1785 989 1827 θαλμοὺς.
1013 1786 1129 1816 Plauto
1141 1785 1218 1816 Aul.
1232 1784 1296 1815 111.
1306 1784 1348 1814 vi.
1364 1783 1414 1813 19.
1425 1793 1494 1813 ocu—

836 1836 911 1865 leus:
936 1841 967 1866 et
988 1835 1168 1866 Nemesian.
1187 1835 1309 1876 Cyneg.
1325 1834 1378 1864 31.
1393 1832 1494 1862 stella-

837 1890 885 1914 tus
897 1886 989 1915 oculis
1004 1891 1098 1915 custos
1113 1886 1252 1926 virginis.
1284 1881 1494 1914 Vetustissimi

834 1934 997 1976 scriptores
1019 1934 1048 1965 ei
1073 1934 1192 1964 dabant
1212 1939 1335 1964 tantum
1358 1939 1419 1962 tres
1444 1936 1496 1960 aut

835 1990 966 2023 quatuor
982 1984 1105 2014 oculos:
1133 1983 1194 2014 vid.
1209 1983 1282 2013 Sch.
1298 1981 1406 2023 Eurip.
1424 1980 1455 2010 d.
1471 1979 1495 2009 1.

832 2032 897 2062 Alii
913 2043 1018 2064 omnes
1033 2033 1111 2074 Argi
1128 2033 1247 2067 oculos,
1261 2030 1314 2062 alii
1331 2029 1496 2062 nonnullos

831 2088 953 2113 tantum
963 2083 1103 2113 fecerunt
1111 2082 1231 2123 vigiles.
1255 2081 1364 2117 Quint.
1375 2080 1498 2118 Smyrn-

829 2142 860 2161 x.
888 2133 943 2162 191
957 2144 963 2161 z
990 2132 1205 2173 ὀφθαλμοῖσιν
1229 2127 1409 2171 α’μοιβάδον
1436 2127 1496 2158 ὑπ-

831 2181 955 2212 νώεσκε.

874 2231 948 2261 627.
974 2230 1010 2260 Ιιι
1028 2232 1154 2260 statione
1168 2230 1336 2263 manebant,
1346 2233 1493 2267 tanquam

833 2279 959 2310 milites,
1006 2279 1108 2309 Etiam
1131 2280 1191 2308 suis
1212 2278 1324 2308 vicibus
1340 2287 1357 2307 e
1380 2286 1411 2306 re
1428 2284 1495 2305 cas-

832 2328 927 2359 trensi
943 2328 1086 2370 petitum,
1102 2327 1155 2358 ubi
1172 2327 1285 2357 milites
1307 2327 1417 2357 vicibus
1433 2330 1493 2354 sta-

833 2379 931 2409 tiones
955 2383 986 2408 et
1009 2378 1070 2408 alia
1090 2377 1196 2407 munia
1210 2377 1338 2407 obeunt.
1384 2374 1497 2415 virgil.

836 2426 963 2457 AEneid.
976 2427 1020 2456 ix.
1040 2427 1111 2456 164.
1130 2428 1249 2456 uariant
1271 2427 1355 2460 vices,
1371 2429 1402 2455 et
1417 2424 1493 2453 222.

835 2483 953 2506 servant
980 2479 1065 2506 vices.
1112 2474 1149 2505 In
1172 2477 1299 2505 statione
1322 2475 1493 2504 rnanebant.

836 2525 904 2555 Hoc
921 2530 978 2560 est,
996 2524 1178 2565 vigilabant.
1221 2523 1394 2554 Translatio
1415 2528 1461 2553 est
1477 2532 1494 2551 a

836 2573 988 2604 militibus
1003 2579 1136 2614 sumpta,
1153 2572 1206 2613 qui
1223 2572 1254 2602 in
1272 2571 1403 2602 statione
1420 2576 1493 2601 tunc

837 2633 960 2653 manere
977 2622 1133 2657 dicuntur,
1150 2632 1245 2662 quum
1262 2621 1424 2662 diligenter
1439 2630 1491 2650 ex-

836 2671 945 2702 cubias
959 2678 1066 2712 agunt.

880 2722 953 2751 630.
977 2722 1047 2750 Alta
1071 2721 1142 2760 πῂ]
1171 2721 1244 2750 Erat
1266 2720 1369 2760 Argus
1394 2729 1493 2749 saevus

837 2777 952 2805 custos,
983 2771 1120 2809 ἄκρατος
1150 2770 1252 2810 ὀργὴν
1284 2769 1390 2799 AEsch.
1420 2769 1494 2798 682.

967 2819 996 2848 R
