1763 3181
230 171 315 212 450

621 169 672 211 Ρ.
705 168 918 212 OVIDII
950 168 1231 212 NASONIS

234 284 300 332 Et
322 284 488 347 strigis
513 282 737 341 infames,
763 283 886 348 ipsis
910 299 1024 332 cum
1049 284 1295 340 carnibuS,
1321 284 1453 341 alas;

231 362 393 425 Inque
416 361 574 408 virum
599 360 731 409 soliti
753 362 919 409 vultus
942 369 1134 410 mutare
1157 360 1338 410 ferinos

1512 363 1610 407 270

234 438 468 502 Ambigui
493 446 723 502 prosecta
746 437 879 502 lupi:
919 454 1010 486 nec
1036 437 1194 486 defuit
1216 437 1315 486 illic

233 515 488 580 Squamea
511 514 750 579 Cinyphii
774 515 938 563 tenuis
962 515 1249 564 membrana
1271 513 1510 578 chelydri,

230 592 530 655 Vivacisque
547 592 692 655 jecur
715 591 874 650 cervi3
914 591 1096 655 quibus
1122 591 1322 656 insuper
1345 591 1484 640 addit

235 669 338 717 Ora
361 676 614 733 caputque
637 684 814 716 novem
837 668 1047 716 cornicis
1071 669 1240 717 secula
1263 684 1441 733 passae.

232 745 328 793 His
353 752 405 794 et
427 745 563 793 mille
588 744 696 793 aliis
721 752 989 809 postquam
1014 746 1120 794 sine
1144 746 1343 794 nomine
1367 745 1514 793 rebus

231 822 550 887 Propositum
573 822 811 870 instruxit
833 822 1028 870 mortali
1050 823 1262 872 barbara
1283 838 1462 870 munus
1483 839 1494 879 ;
1517 822 1614 868 276

234 899 408 948 Arenti
433 916 568 948 ramo
587 900 888 964 jampridem
912 900 1046 949 mitis
1070 901 1210 949 olivae

275 1004 351 1036 271.
364 1005 518 1046 Ambigui,
531 1003 643 1035 faciem
653 1014 753 1046 usque
767 1009 890 1036 mutan-

232 1054 283 1091 tis,
299 1059 345 1090 ut,
360 1053 392 1084 ii.
406 1054 438 1085 9.
482 1053 621 1084 Putabat
634 1053 810 1096 superstitio
826 1053 891 1084 Ve-

232 1108 344 1140 terum,
358 1102 523 1134 nonnullos
537 1101 672 1134 vicissim
691 1112 773 1134 nunc
794 1101 894 1133 homi-

233 1163 288 1184 nes
316 1163 394 1190 esse,
423 1162 507 1184 nunc
534 1151 567 1183 in
593 1151 736 1194 luporum
763 1152 894 1183 formam

232 1202 372 1233 transire.
403 1201 479 1233 Vid.
494 1200 740 1238 Brouckhusius‚
755 1201 795 1232 ad
819 1202 894 1232 Pro-

231 1251 377 1294 pertium,
399 1251 460 1282 IV.
485 1262 514 1282 v.
535 1252 586 1282 14.
629 1250 745 1283 Mallet
767 1250 894 1293 quidem

232 1302 433 1332 Burmannus
446 1301 627 1343 Ambiguum
642 1311 681 1332 ex
692 1311 755 1331 uno
769 1301 839 1332 MS.
854 1311 894 1332 ne

232 1351 299 1390 lupi
323 1355 466 1380 oneretur
491 1349 613 1380 duobus
640 1349 786 1391 epithetis
795 1361 804 1388 3
837 1349 893 1381 sed

232 1405 265 1431 et
287 1409 378 1430 versu
398 1398 541 1440 sequenti
562 1398 624 1430 duo
645 1398 786 1440 epitheta
807 1405 890 1436 sunt,

233 1459 381 1489 squamea,
398 1449 517 1486 tenuis,·
540 1447 603 1479 duo
627 1454 731 1479 autem
753 1447 894 1490 epitheta

233 1508 316 1540 saepe
339 1496 505 1539 leguntur:
537 1508 590 1528 xv.
604 1497 679 1528 229.
697 1500 801 1528 inanes
811 1498 892 1539 flui-

234 1549 283 1578 dos
295 1549 424 1588 pendere
439 1548 562 1577 lacertos
572 1558 583 1585 ,·
605 1545 710 1578 Tibul.
721 1546 785 1578 III.
795 1558 825 1578 v.
839 1548 892 1578 22.

234 1599 314 1629 dura
339 1599 430 1628 tertia
451 1607 557 1639 regna,
576 1595 631 1627 ubi
652 1595 718 1627 vid.
738 1596 894 1638 Heynius.

233 1646 411 1680 Glareanus
426 1647 524 1677 tenuis
538 1644 578 1677 ad
593 1646 729 1686 chelydri
742 1646 847 1682 refert,
861 1651 892 1677 et

233 1705 297 1726 rem
313 1694 357 1726 sic
371 1694 514 1737 expedit:
538 1705 600 1725 non
614 1694 780 1736 cujuslibet
797 1694 891 1736 Ciny-

230 1745 297 1786 phii
325 1746 472 1785 chelydri,
499 1743 557 1776 sed
585 1746 694 1775 tenuis.
738 1743 893 1785 Prqf'ecta,

233 1800 327 1828 exta:
351 1794 415 1826 vid.
431 1792 586 1825 Cellarius
602 1793 642 1824 ad
662 1792 821 1824 Lactantii
839 1793 894 1824 In-

233 1843 299 1875 stit.
315 1843 377 1874 IV.
391 1842 487 1874 xxvii.
503 1844 533 1873 4.
580 1842 752 1883 chelydros,
768 1852 824 1873 seu
838 1843 893 1883 hy-

233 1894 308 1925 drus
328 1903 345 1924 e
363 1902 476 1934 genere
495 1890 696 1933 serpentium,
712 1890 822 1922 soetore
845 1891 893 1922 in-

234 1941 390 1974 tolerabili
405 1946 463 1972 est.
498 1939 668 1977 Nicander,
677 1939 821 1971 Theriac.
831 1940 891 1972 411

233 2003 304 2034 sqq.
351 1991 474 2032 Cinyps,
488 1989 596 2031 Libyae
611 1989 735 2025 fluvius,
745 1989 777 2020 in
792 1988 894 2020 sinum

234 2042 391 2084 Syrticum
406 2051 438 2072 se
452 2049 634 2071 exonerans.
671 2038 788 2070 Vivucis
802 2041 894 2076 cervi,

236 2090 496 2134 τετρακορώνουε
532 2099 604 2120 nam
627 2094 738 2130 quater
763 2088 896 2120 cornicis

234 2141 342 2174 secula
351 2150 460 2172 corvus
473 2152 479 2170 :
494 2138 663 2174 Ausonius,
675 2138 715 2169 de
725 2143 817 2169 aetate
828 2137 894 2169 ani-

235 2191 313 2222 mal.
360 2190 516 2221 Vivacibus
530 2194 635 2219 autem
655 2186 722 2219 istis
745 2187 817 2218 feris
831 2187 896 2219 vita

233 2241 327 2281 longa
342 2238 522 2270 transfertur
535 2237 569 2268 in
582 2238 746 2268 AEsonem.
784 2237 896 2268 Novem

236 2291 374 2324 cornicis,
390 2294 450 2319 etc.
494 2286 589 2329 Apud
604 2285 776 2318 Hesiodum
789 2286 895 2317 cornix

234 2338 312 2370 vivit
326 2338 419 2370 ἐννεὰ
432 2335 545 2379 γενέας
559 2334 708 2377 ἀνδρῶνι
733 2335 772 2366 ab
786 2335 896 2372 Arato,

236 2387 269 2419 in
283 2385 502 2418 Phaenomenis
516 2384 629 2416 dicitur
649 2394 773 2426 quoque
787 2383 894 2416 ἐννεά·

238 2448 327 2478 χηρα
343 2435 482 2477 κορώνη.
525 2434 578 2465 Ita
595 2434 708 2464 Nestor
729 2432 893 2464 triseclise-

236 2497 310 2518 nex.
358 2486 470 2516 Novem
483 2485 582 2515 secula
595 2494 685 2523 pussae
695 2495 707 2521 ;
731 2493 801 2524 quae
816 2489 892 2514 aeta-

235 2542 297 2567 tem
313 2534 470 2565 hominum
487 2534 594 2564 novies
608 2532 777 2574 superavit.

277 2585 353 2616 275.
368 2584 439 2615 Sine
450 2585 578 2618 nomine,
589 2581 753 2623 ignobiles,
764 2591 894 2623 quarum

237 2643 350 2665 nomen
366 2641 606 2664 commemorare
627 2629 671 2661 nil
691 2630 812 2661 attinet.
835 2631 893 2661 AE-

237 2680 323 2714 neid.
353 2681 395 2712 ix.
424 2681 500 2712 343.
529 2683 592 2711 sine
629 2682 745 2710 nomine
772 2680 893 2719 plebem.

237 2731 329 2762 MSS.
354 2740 471 2767 omnes,
493 2730 629 2761 mortali:
663 2728 718 2760 sed
742 2739 838 2770 quum
861 2728 894 2759 in

956 1015 1018 1036 uno
1032 1004 1133 1046 glossa
1148 1003 1258 1035 addita
1271 1008 1363 1040 esset,
1377 1004 1409 1034 id
1423 1009 1476 1039 est,
1491 1005 1524 1033 in
1539 1013 1616 1033 mor·

958 1057 1047 1091 tario,
1070 1054 1179 1086 Heius.
1201 1054 1289 1086 dedit
1312 1055 1448 1090 mortar-i,
1471 1053 1557 1095 quod
1583 1059 1615 1084 et

958 1103 1068 1135 Barth.
1100 1103 1234 1135 Advers.
1257 1102 1343 1134 xxxi.
1369 1103 1401 1134 3.
1429 1102 1617 1144 conjecerat,

958 1158 991 1184 et
1005 1153 1158 1195 approbat
1169 1154 1378 1184 Burmannus.
1407 1152 1524 1184 Verum
1540 1163 1616 1182 mor—

961 1208 1026 1232 tare
1041 1212 1079 1233 ne
1093 1202 1222 1233 verbum
1244 1200 1372 1243 quidem
1394 1199 1541 1231 Latinum
1559 1205 1618 1237 est,

961 1250 1045 1292 quod
1073 1250 1140 1293 ipse
1168 1250 1318 1281 Heinsius
1344 1249 1478 1288 fatetur3
1512 1249 1618 1281 Latini

960 1300 1044 1330 enim
1059 1299 1179 1336 dicunt,
1194 1301 1389 1330 mortarium.-
1413 1299 1545 1330 Lenzius
1559 1298 1618 1341 igi-

960 1354 1009 1379 tur
1021 1349 1182 1391 conjungit
1195 1350 1331 1385 mov-tari,
1342 1349 1489 1385 mortarii,
1500 1360 1619 1385 munus,

960 1403 994 1428 ut
1005 1397 1045 1428 sit
1056 1398 1178 1440 poetica
1186 1397 1420 1429 circumlocutio
1429 1397 1527 1439 ipsius
1538 1408 1618 1428 mor·

959 1447 1041 1479 tarii.
1084 1448 1157 1479 Non
1171 1448 1288 1489 placet.
1324 1447 1403 1485 Quis
1419 1447 1501 1478 enim
1515 1452 1616 1489 putet,

958 1497 1119 1533 Medeam,
1154 1496 1211 1528 illa
1245 1496 1452 1528 medicamina
1483 1497 1547 1540 jam
1584 1497 1617 1528 in

959 1546 1060 1578 aheno
1074 1552 1175 1583 cocta,
1191 1557 1276 1577 nunc
1290 1546 1324 1576 in
1343 1545 1521 1577 mortarium
1536 1546 1619 1578 intu-

958 1595 1042 1632 lisse,
1062 1595 1167 1637 ibique
1190 1593 1396 1626 instruxisse?
1438 1595 1507 1626 Nec
1529 1606 1618 1637 porro

958 1644 1120 1686 sequentia
1152 1644 1211 1675 hoc
1248 1643 1418 1686 patiuntur,
1446 1643 1501 1675 ubi
1532 1654 1619 1676 ramo

958 1694 1063 1725 omnia
1076 1692 1239 1724 confundit
1247 1704 1257 1731 ;
1280 1698 1312 1723 et
1326 1703 1397 1723 mox
1411 1693 1539 1724 ahenum
1553 1703 1619 1724 rur-

958 1753 1012 1774 sus
1025 1742 1140 1774 diserte
1154 1748 1422 1778 commemoratur,
1438 1741 1519 1773 sicut
1538 1743 1619 1774 bene

959 1792 1079 1823 notavit
1093 1791 1302 1823 Schiraehius.
1333 1791 1481 1834 Denique
1492 1792 1621 1833 vulgata

959 1841 1052 1873 lectio
1065 1852 1189 1873 sensum
1200 1841 1296 1872 habet
1307 1851 1368 1872 non
1378 1841 1621 1873 incommodum.

960 1891 1038 1922 AEso
1048 1900 1131 1922 nunc
1142 1891 1276 1921 mortalis
1283 1889 1396 1922 dicitur
1404 1889 1481 1926 sive,
1489 1891 1618 1922 utSchi-

959 1939 1084 1972 rachius
1106 1940 1249 1982 putabat,
1265 1939 1340 1981 quia
1360 1949 1455 1970 senex
1473 1939 1541 1981 jam
1563 1940 1618 1972 de-

961 1989 1096 2031 crepitus
1110 1996 1143 2020 et
1161 1988 1252 2020 morti
1265 1989 1422 2031 proximus
1435 1995 1522 2028 erat3
1544 1990 1619 2027 sive,

961 2038 1044 2080 quod
1074 2049 1131 2079 ego
1163 2038 1282 2075 malim,
1311 2037 1386 2079 quia
1421 2037 1620 2071 nihilominus

961 2088 1097 2119 mortalis
1111 2088 1268 2124 manebat,
1283 2087 1340 2118 etsi
1355 2087 1384 2118 ei
1400 2086 1467 2118 istis
1482 2087 1619 2119 medica-

961 2136 1074 2168 mentis
1085 2137 1234 2178 juventus
1247 2136 1437 2167 redderetur.
1482 2137 1620 2177 Proposi-

963 2193 1026 2216 tum
1054 2197 1163 2217 munus
1173 2198 1183 2223 ,-
1219 2184 1482 2217 medicamentum
1515 2192 1621 2218 autem

961 2234 1040 2267 illud
1075 2236 1207 2277 parabat
1233 2234 1301 2266 seni
1335 2234 1446 2265 mulier
1474 2236 1620 2274 barbara,-

962 2284 1046 2326 quod
1058 2284 1210 2315 invidiose
1224 2283 1365 2315 additum
1379 2289 1467 2325 puto.
1508 2285 1621 2326 ltaque

962 2344 1020 2365 nec
1031 2333 1112 2365 hanc
1122 2344 1230 2365 vocem
1244 2333 1358 2365 tentari
1370 2333 1516 2364 debebat.
1540 2334 1622 2364 Bar—

962 2385 1033 2415 bara
1071 2384 1178 2414 Medea
1205 2383 1299 2414 etiam
1329 2383 1410 2425 apud
1441 2382 1620 2420 Horatium,

959 2433 1018 2475 Ep.
1033 2445 1063 2463 v.
1087 2433 1148 2463 62:
1180 2431 1328 2463 Heinsius
1353 2437 1459 2462 tamen
1483 2437 1514 2463 et
1538 2432 1619 2463 Bur-

960 2492 1091 2513 mannus
1102 2482 1234 2524 probant
1246 2480 1375 2512 Daumii
1386 2480 1621 2517 correctionem,

959 2542 1013 2574 pro
1041 2532 1168 2562 barbara
1192 2529 1379 2573 reponentis,
1408 2540 1561 2565 marmore,
1586 2530 1619 2560 id

959 2586 1017 2616 est,
1033 2580 1065 2611 in
1081 2590 1231 2611 marmore
1246 2577 1402 2617 mortarii3
1426 2578 1459 2609 in
1474 2578 1619 2609 mortario

960 2640 1138 2660 marmoreo.

1004 2679 1078 2709 277.
1102 2677 1216 2718 Mitis]
1244 2677 1374 2707 Lenzius
1389 2675 1619 2716 interpretatur.

961 2738 1030 2769 quae
1049 2728 1114 2769 jam
1129 2727 1183 2758 diu
1198 2725 1290 2758 desiit
1306 2725 1422 2757 frucms
1436 2724 1525 2755 serre.
1570 2724 1618 2754 Ea
