<?xml version="1.0" encoding="UTF-8"?>
<!DOCTYPE html PUBLIC "-//W3C//DTD XHTML 1.0 Transitional//EN"
    "http://www.w3.org/TR/xhtml1/DTD/xhtml1-transitional.dtd">
<html xmlns="http://www.w3.org/1999/xhtml" xml:lang="en" lang="en">
 <head>
  <title>
</title>
<meta http-equiv="Content-Type" content="text/html;charset=utf-8" />
  <meta name='ocr-system' content='tesseract 3.04.00' />
  <meta name='ocr-capabilities' content='ocr_page ocr_carea ocr_par ocr_line ocrx_word'/>
</head>
<body>
  <div class='ocr_page' id='page_1' title='image "./povidiinasonisop03oviduoft_0476.png"; bbox 0 0 1763 3181; ppageno 0'>
   <div class='ocr_carea' id='block_1_1' title="bbox 221 195 306 236">
    <p class='ocr_par' dir='ltr' id='par_1_1' title="bbox 221 195 306 236">
     <span class='ocr_line' id='line_1_1' title="bbox 221 195 306 236; baseline 0 0"><span class='ocrx_word' id='word_1_1' title='bbox 221 195 306 236; x_wconf 79' lang='lat'>466</span> 
     </span>
    </p>
   </div>
   <div class='ocr_carea' id='block_1_2' title="bbox 601 191 1216 235">
    <p class='ocr_par' dir='ltr' id='par_1_2' title="bbox 601 191 1216 235">
     <span class='ocr_line' id='line_1_2' title="bbox 601 191 1216 235; baseline -0.003 0"><span class='ocrx_word' id='word_1_2' title='bbox 601 194 651 235; x_wconf 91' lang='grc' dir='ltr'>Ρ.</span> <span class='ocrx_word' id='word_1_3' title='bbox 685 191 898 235; x_wconf 92' lang='lat' dir='ltr'>OVIDII</span> <span class='ocrx_word' id='word_1_4' title='bbox 935 191 1216 234; x_wconf 90' lang='lat' dir='ltr'><strong>NASONIS</strong></span> 
     </span>
    </p>
   </div>
   <div class='ocr_carea' id='block_1_3' title="bbox 220 305 1503 372">
    <p class='ocr_par' dir='ltr' id='par_1_3' title="bbox 220 305 1503 372">
     <span class='ocr_line' id='line_1_3' title="bbox 220 305 1503 372; baseline -0.002 -16"><span class='ocrx_word' id='word_1_5' title='bbox 220 310 285 356; x_wconf 90' lang='lat' dir='ltr'>Et</span> <span class='ocrx_word' id='word_1_6' title='bbox 310 310 524 372; x_wconf 87' lang='lat' dir='ltr'>Gyaros,</span> <span class='ocrx_word' id='word_1_7' title='bbox 551 307 823 370; x_wconf 84' lang='lat' dir='ltr'>nitidaeque</span> <span class='ocrx_word' id='word_1_8' title='bbox 847 306 985 354; x_wconf 86' lang='lat' dir='ltr'>ferax</span> <span class='ocrx_word' id='word_1_9' title='bbox 1011 305 1322 370; x_wconf 84' lang='lat' dir='ltr'>Peparethos</span> <span class='ocrx_word' id='word_1_10' title='bbox 1347 307 1503 363; x_wconf 86' lang='lat' dir='ltr'>olivae,</span> 
     </span>
    </p>
   </div>
   <div class='ocr_carea' id='block_1_4' title="bbox 219 383 1435 447">
    <p class='ocr_par' dir='ltr' id='par_1_4' title="bbox 219 383 1435 447">
     <span class='ocr_line' id='line_1_4' title="bbox 219 383 1435 447; baseline -0.002 -14"><span class='ocrx_word' id='word_1_11' title='bbox 219 386 496 433; x_wconf 89' lang='lat' dir='ltr'>Gnosiacas</span> <span class='ocrx_word' id='word_1_12' title='bbox 517 385 690 447; x_wconf 87' lang='lat' dir='ltr'>juvere</span> <span class='ocrx_word' id='word_1_13' title='bbox 715 391 874 431; x_wconf 87' lang='lat' dir='ltr'>rates:</span> <span class='ocrx_word' id='word_1_14' title='bbox 914 385 1070 430; x_wconf 88' lang='lat' dir='ltr'>latere</span> <span class='ocrx_word' id='word_1_15' title='bbox 1095 383 1211 430; x_wconf 90' lang='lat' dir='ltr'>inde</span> <span class='ocrx_word' id='word_1_16' title='bbox 1237 384 1435 431; x_wconf 86' lang='lat' dir='ltr'>sinistro</span> 
     </span>
    </p>
   </div>
   <div class='ocr_carea' id='block_1_5' title="bbox 1509 387 1600 431">
    <p class='ocr_par' dir='ltr' id='par_1_5' title="bbox 1509 387 1600 431">
     <span class='ocr_line' id='line_1_5' title="bbox 1509 387 1600 431; baseline 0 -1"><span class='ocrx_word' id='word_1_17' title='bbox 1509 387 1600 431; x_wconf 96' lang='lat' dir='ltr'>47l</span> 
     </span>
    </p>
   </div>
   <div class='ocr_carea' id='block_1_6' title="bbox 216 460 1609 1059">
    <p class='ocr_par' dir='ltr' id='par_1_6' title="bbox 216 460 1332 603">
     <span class='ocr_line' id='line_1_6' title="bbox 216 460 1321 526; baseline -0.004 -16"><span class='ocrx_word' id='word_1_18' title='bbox 216 462 483 526; x_wconf 88' lang='lat' dir='ltr'>OEnopiam</span> <span class='ocrx_word' id='word_1_19' title='bbox 511 461 678 508; x_wconf 88' lang='lat' dir='ltr'>Minos</span> <span class='ocrx_word' id='word_1_20' title='bbox 703 461 845 524; x_wconf 86' lang='lat' dir='ltr'>petit,</span> <span class='ocrx_word' id='word_1_21' title='bbox 873 460 1129 507; x_wconf 85' lang='lat' dir='ltr'>AEacidei&#39;a</span> <span class='ocrx_word' id='word_1_22' title='bbox 1153 476 1321 522; x_wconf 87' lang='lat' dir='ltr'>regna.</span> 
     </span>
     <span class='ocr_line' id='line_1_7' title="bbox 216 537 1332 603; baseline -0.003 -16"><span class='ocrx_word' id='word_1_23' title='bbox 216 539 483 603; x_wconf 90' lang='lat' dir='ltr'>OEnopiam</span> <span class='ocrx_word' id='word_1_24' title='bbox 508 544 700 585; x_wconf 87' lang='lat' dir='ltr'>veteres</span> <span class='ocrx_word' id='word_1_25' title='bbox 727 537 1069 601; x_wconf 81' lang='lat' dir='ltr'>appellavere:</span> <span class='ocrx_word' id='word_1_26' title='bbox 1110 537 1198 584; x_wconf 89' lang='lat' dir='ltr'>sed</span> <span class='ocrx_word' id='word_1_27' title='bbox 1225 537 1332 599; x_wconf 90' lang='lat' dir='ltr'>ipse</span> 
     </span>
    </p>

    <p class='ocr_par' dir='ltr' id='par_1_7' title="bbox 216 613 1341 677">
     <span class='ocr_line' id='line_1_8' title="bbox 216 613 1341 677; baseline -0.004 -13"><span class='ocrx_word' id='word_1_28' title='bbox 216 617 400 664; x_wconf 86' lang='lat' dir='ltr'>AEacus</span> <span class='ocrx_word' id='word_1_29' title='bbox 426 614 655 677; x_wconf 87' lang='lat' dir='ltr'>AEginam</span> <span class='ocrx_word' id='word_1_30' title='bbox 681 614 947 677; x_wconf 87' lang='lat' dir='ltr'>genetricis</span> <span class='ocrx_word' id='word_1_31' title='bbox 973 613 1171 661; x_wconf 91' lang='lat' dir='ltr'>nomine</span> <span class='ocrx_word' id='word_1_32' title='bbox 1196 613 1341 660; x_wconf 87' lang='lat' dir='ltr'><strong>dixit.</strong></span> 
     </span>
    </p>

    <p class='ocr_par' dir='ltr' id='par_1_8' title="bbox 216 689 1609 1059">
     <span class='ocr_line' id='line_1_9' title="bbox 216 689 1609 753; baseline -0.001 -14"><span class='ocrx_word' id='word_1_33' title='bbox 216 693 384 740; x_wconf 89' lang='lat' dir='ltr'>Turba</span> <span class='ocrx_word' id='word_1_34' title='bbox 408 691 520 746; x_wconf 90' lang='lat' dir='ltr'>ruit,</span> <span class='ocrx_word' id='word_1_35' title='bbox 547 697 801 753; x_wconf 82' lang='lat' dir='ltr'>tantaeque</span> <span class='ocrx_word' id='word_1_36' title='bbox 824 690 982 737; x_wconf 87' lang='lat' dir='ltr'>virum</span> <span class='ocrx_word' id='word_1_37' title='bbox 1007 705 1309 752; x_wconf 85' lang='lat' dir='ltr'>cognoscere</span> <span class='ocrx_word' id='word_1_38' title='bbox 1333 689 1477 737; x_wconf 82' lang='lat' dir='ltr'>famae</span> <span class='ocrx_word' id='word_1_39' title='bbox 1512 694 1609 738; x_wconf 90' lang='lat'>475</span> 
     </span>
     <span class='ocr_line' id='line_1_10' title="bbox 218 766 1544 832; baseline -0.002 -16"><span class='ocrx_word' id='word_1_40' title='bbox 218 768 452 832; x_wconf 87' lang='lat' dir='ltr'>Expetit:</span> <span class='ocrx_word' id='word_1_41' title='bbox 493 773 759 814; x_wconf 89' lang='lat' dir='ltr'>occurrunt</span> <span class='ocrx_word' id='word_1_42' title='bbox 782 767 870 822; x_wconf 92' lang='lat' dir='ltr'>illi,</span> <span class='ocrx_word' id='word_1_43' title='bbox 897 766 1257 828; x_wconf 88' lang='lat' dir='ltr'>Telamonque,</span> <span class='ocrx_word' id='word_1_44' title='bbox 1285 766 1544 829; x_wconf 89' lang='lat' dir='ltr'>minorque</span> 
     </span>
     <span class='ocr_line' id='line_1_11' title="bbox 218 843 1574 907; baseline -0.001 -15"><span class='ocrx_word' id='word_1_45' title='bbox 218 846 382 900; x_wconf 82' lang='lat' dir='ltr'>Quam</span> <span class='ocrx_word' id='word_1_46' title='bbox 406 843 663 899; x_wconf 87' lang='lat' dir='ltr'>Telamon,</span> <span class='ocrx_word' id='word_1_47' title='bbox 691 843 892 900; x_wconf 89' lang='lat' dir='ltr'>Peleus,</span> <span class='ocrx_word' id='word_1_48' title='bbox 921 850 971 891; x_wconf 89' lang='lat' dir='ltr'>et</span> <span class='ocrx_word' id='word_1_49' title='bbox 994 844 1158 907; x_wconf 86' lang='lat' dir='ltr'>proles</span> <span class='ocrx_word' id='word_1_50' title='bbox 1183 843 1331 891; x_wconf 88' lang='lat' dir='ltr'>tertia</span> <span class='ocrx_word' id='word_1_51' title='bbox 1357 843 1574 891; x_wconf 91' lang='lat' dir='ltr'>Phocus.</span> 
     </span>
     <span class='ocr_line' id='line_1_12' title="bbox 220 919 1504 985; baseline -0.001 -16"><span class='ocrx_word' id='word_1_52' title='bbox 220 922 337 985; x_wconf 87' lang='lat' dir='ltr'>Ipse</span> <span class='ocrx_word' id='word_1_53' title='bbox 363 936 565 983; x_wconf 91' lang='lat' dir='ltr'>quoque</span> <span class='ocrx_word' id='word_1_54' title='bbox 591 920 858 982; x_wconf 83' lang='lat' dir='ltr'>egreditur,</span> <span class='ocrx_word' id='word_1_55' title='bbox 883 920 1054 967; x_wconf 88' lang='lat' dir='ltr'>tardus</span> <span class='ocrx_word' id='word_1_56' title='bbox 1080 919 1319 982; x_wconf 83' lang='lat' dir='ltr'>gravitate</span> <span class='ocrx_word' id='word_1_57' title='bbox 1345 921 1504 978; x_wconf 89' lang='lat' dir='ltr'>senili,</span> 
     </span>
     <span class='ocr_line' id='line_1_13' title="bbox 220 995 1427 1059; baseline -0.002 -13"><span class='ocrx_word' id='word_1_58' title='bbox 220 999 430 1053; x_wconf 83' lang='lat' dir='ltr'>AEacus3</span> <span class='ocrx_word' id='word_1_59' title='bbox 471 1004 521 1043; x_wconf 91' lang='lat' dir='ltr'>et</span> <span class='ocrx_word' id='word_1_60' title='bbox 546 1012 658 1059; x_wconf 85' lang='lat' dir='ltr'>quae</span> <span class='ocrx_word' id='word_1_61' title='bbox 686 995 751 1043; x_wconf 89' lang='lat' dir='ltr'>sit</span> <span class='ocrx_word' id='word_1_62' title='bbox 774 996 1003 1044; x_wconf 89' lang='lat' dir='ltr'>veniendi</span> <span class='ocrx_word' id='word_1_63' title='bbox 1028 1011 1181 1043; x_wconf 88' lang='lat' dir='ltr'>causa</span> <span class='ocrx_word' id='word_1_64' title='bbox 1205 997 1427 1059; x_wconf 90' lang='lat' dir='ltr'>requirit.</span> 
     </span>
    </p>
   </div>
   <div class='ocr_carea' id='block_1_7' title="bbox 219 1072 1314 1136">
    <p class='ocr_par' dir='ltr' id='par_1_9' title="bbox 219 1072 1314 1136">
     <span class='ocr_line' id='line_1_14' title="bbox 219 1072 1314 1136; baseline -0.004 -14"><span class='ocrx_word' id='word_1_65' title='bbox 219 1074 519 1122; x_wconf 87' lang='lat' dir='ltr'>Admonitus</span> <span class='ocrx_word' id='word_1_66' title='bbox 544 1072 690 1136; x_wconf 86' lang='lat' dir='ltr'>patrii</span> <span class='ocrx_word' id='word_1_67' title='bbox 715 1073 879 1119; x_wconf 85' lang='lat' dir='ltr'>luctus</span> <span class='ocrx_word' id='word_1_68' title='bbox 907 1072 1141 1135; x_wconf 89' lang='lat' dir='ltr'>suspirat,</span> <span class='ocrx_word' id='word_1_69' title='bbox 1169 1079 1220 1119; x_wconf 89' lang='lat' dir='ltr'>et</span> <span class='ocrx_word' id='word_1_70' title='bbox 1245 1072 1314 1119; x_wconf 93' lang='lat' dir='ltr'>illi</span> 
     </span>
    </p>
   </div>
   <div class='ocr_carea' id='block_1_8' title="bbox 1515 1077 1613 1121">
    <p class='ocr_par' dir='ltr' id='par_1_10' title="bbox 1515 1077 1613 1121">
     <span class='ocr_line' id='line_1_15' title="bbox 1515 1077 1613 1121; baseline 0.01 -1"><span class='ocrx_word' id='word_1_71' title='bbox 1515 1077 1613 1121; x_wconf 82' lang='lat'>480</span> 
     </span>
    </p>
   </div>
   <div class='ocr_carea' id='block_1_9' title="bbox 221 1149 1618 1598">
    <p class='ocr_par' dir='ltr' id='par_1_11' title="bbox 222 1149 1442 1212">
     <span class='ocr_line' id='line_1_16' title="bbox 222 1149 1442 1212; baseline -0.003 -13"><span class='ocrx_word' id='word_1_72' title='bbox 222 1152 372 1198; x_wconf 90' lang='lat' dir='ltr'>Dicta</span> <span class='ocrx_word' id='word_1_73' title='bbox 394 1149 543 1197; x_wconf 87' lang='lat' dir='ltr'>refert</span> <span class='ocrx_word' id='word_1_74' title='bbox 566 1155 726 1196; x_wconf 86' lang='lat' dir='ltr'>rector</span> <span class='ocrx_word' id='word_1_75' title='bbox 750 1149 1046 1212; x_wconf 89' lang='lat' dir='ltr'>populorum</span> <span class='ocrx_word' id='word_1_76' title='bbox 1070 1149 1190 1195; x_wconf 85' lang='lat' dir='ltr'>talia</span> <span class='ocrx_word' id='word_1_77' title='bbox 1214 1155 1442 1196; x_wconf 89' lang='lat' dir='ltr'>centum:</span> 
     </span>
    </p>

    <p class='ocr_par' dir='ltr' id='par_1_12' title="bbox 221 1225 1486 1366">
     <span class='ocr_line' id='line_1_17' title="bbox 221 1225 1486 1289; baseline -0.001 -15"><span class='ocrx_word' id='word_1_78' title='bbox 221 1234 252 1252; x_wconf 92' lang='lat'><strong>“</strong></span> <span class='ocrx_word' id='word_1_79' title='bbox 279 1227 432 1274; x_wconf 89' lang='lat' dir='ltr'>Arma</span> <span class='ocrx_word' id='word_1_80' title='bbox 449 1227 595 1289; x_wconf 87' lang='lat' dir='ltr'>juves</span> <span class='ocrx_word' id='word_1_81' title='bbox 620 1241 705 1272; x_wconf 92' lang='lat' dir='ltr'>oro</span> <span class='ocrx_word' id='word_1_82' title='bbox 730 1241 819 1289; x_wconf 91' lang='lat' dir='ltr'>pro</span> <span class='ocrx_word' id='word_1_83' title='bbox 845 1232 994 1287; x_wconf 85' lang='lat' dir='ltr'>gnato</span> <span class='ocrx_word' id='word_1_84' title='bbox 1019 1232 1248 1288; x_wconf 78' lang='lat' dir='ltr'>sumpta3</span> <span class='ocrx_word' id='word_1_85' title='bbox 1289 1225 1486 1289; x_wconf 88' lang='lat' dir='ltr'>piaeque</span> 
     </span>
     <span class='ocr_line' id='line_1_18' title="bbox 222 1301 1349 1366; baseline -0.002 -15"><span class='ocrx_word' id='word_1_86' title='bbox 222 1304 347 1351; x_wconf 90' lang='lat' dir='ltr'>Pars</span> <span class='ocrx_word' id='word_1_87' title='bbox 373 1304 440 1350; x_wconf 88' lang='lat' dir='ltr'>sis</span> <span class='ocrx_word' id='word_1_88' title='bbox 466 1303 682 1349; x_wconf 87' lang='lat' dir='ltr'>militiae:</span> <span class='ocrx_word' id='word_1_89' title='bbox 723 1303 915 1349; x_wconf 92' lang='lat' dir='ltr'>tumulo</span> <span class='ocrx_word' id='word_1_90' title='bbox 942 1302 1118 1349; x_wconf 89' lang='lat' dir='ltr'>solatia</span> <span class='ocrx_word' id='word_1_91' title='bbox 1142 1301 1349 1366; x_wconf 78' lang='lat' dir='ltr'>pOSCO.&#39;&#39;</span> 
     </span>
    </p>

    <p class='ocr_par' dir='ltr' id='par_1_13' title="bbox 222 1378 1618 1598">
     <span class='ocr_line' id='line_1_19' title="bbox 222 1378 1549 1443; baseline 0 -17"><span class='ocrx_word' id='word_1_92' title='bbox 222 1379 354 1427; x_wconf 90' lang='lat' dir='ltr'>Huic</span> <span class='ocrx_word' id='word_1_93' title='bbox 381 1379 678 1443; x_wconf 87' lang='lat' dir='ltr'>Asopiades,</span> <span class='ocrx_word' id='word_1_94' title='bbox 708 1383 739 1402; x_wconf 89' lang='lat'><strong>“</strong></span> <span class='ocrx_word' id='word_1_95' title='bbox 766 1378 907 1425; x_wconf 88' lang='lat' dir='ltr'>Petis</span> <span class='ocrx_word' id='word_1_96' title='bbox 932 1379 1116 1435; x_wconf 86' lang='lat' dir='ltr'>irrita,’&#39;</span> <span class='ocrx_word' id='word_1_97' title='bbox 1141 1378 1285 1435; x_wconf 86' lang='lat' dir='ltr'>dixit,</span> <span class='ocrx_word' id='word_1_98' title='bbox 1314 1384 1344 1402; x_wconf 92' lang='lat'><strong>“</strong></span> <span class='ocrx_word' id='word_1_99' title='bbox 1365 1385 1416 1425; x_wconf 92' lang='lat' dir='ltr'>et</span> <span class='ocrx_word' id='word_1_100' title='bbox 1440 1379 1549 1426; x_wconf 91' lang='lat' dir='ltr'>urbi</span> 
     </span>
     <span class='ocr_line' id='line_1_20' title="bbox 222 1455 1618 1518; baseline -0.001 -14"><span class='ocrx_word' id='word_1_101' title='bbox 222 1456 373 1504; x_wconf 90' lang='lat' dir='ltr'>Haud</span> <span class='ocrx_word' id='word_1_102' title='bbox 397 1456 626 1503; x_wconf 88' lang='lat' dir='ltr'>facienda</span> <span class='ocrx_word' id='word_1_103' title='bbox 648 1471 772 1501; x_wconf 88' lang='lat' dir='ltr'>meae</span> <span class='ocrx_word' id='word_1_104' title='bbox 791 1471 801 1502; x_wconf 91' lang='lat'>:</span> <span class='ocrx_word' id='word_1_105' title='bbox 841 1471 1006 1518; x_wconf 92' lang='lat' dir='ltr'>neque</span> <span class='ocrx_word' id='word_1_106' title='bbox 1031 1456 1164 1503; x_wconf 92' lang='lat' dir='ltr'>enim</span> <span class='ocrx_word' id='word_1_107' title='bbox 1184 1455 1494 1518; x_wconf 89' lang='lat' dir='ltr'>conjunctior</span> <span class='ocrx_word' id='word_1_108' title='bbox 1517 1457 1618 1504; x_wconf 89' lang='lat' dir='ltr'>ulla</span> 
     </span>
     <span class='ocr_line' id='line_1_21' title="bbox 224 1531 1616 1598; baseline -0.001 -16"><span class='ocrx_word' id='word_1_109' title='bbox 224 1533 517 1598; x_wconf 87' lang='lat' dir='ltr'>Cecropidis</span> <span class='ocrx_word' id='word_1_110' title='bbox 541 1533 634 1580; x_wconf 87' lang='lat' dir='ltr'>hac</span> <span class='ocrx_word' id='word_1_111' title='bbox 660 1539 737 1580; x_wconf 86' lang='lat' dir='ltr'>est</span> <span class='ocrx_word' id='word_1_112' title='bbox 761 1532 938 1580; x_wconf 86' lang='lat' dir='ltr'>tellus:</span> <span class='ocrx_word' id='word_1_113' title='bbox 979 1548 1038 1580; x_wconf 90' lang='lat' dir='ltr'>ea</span> <span class='ocrx_word' id='word_1_114' title='bbox 1061 1532 1249 1580; x_wconf 89' lang='lat' dir='ltr'>foedera</span> <span class='ocrx_word' id='word_1_115' title='bbox 1272 1531 1464 1579; x_wconf 88' lang='lat' dir='ltr'>nobis.’&#39;</span> <span class='ocrx_word' id='word_1_116' title='bbox 1519 1535 1616 1581; x_wconf 82' lang='lat'>486</span> 
     </span>
    </p>
   </div>
   <div class='ocr_carea' id='block_1_10' title="bbox 220 1700 890 2766">
    <p class='ocr_par' dir='ltr' id='par_1_14' title="bbox 220 1700 889 2417">
     <span class='ocr_line' id='line_1_22' title="bbox 264 1700 888 1741; baseline -0.002 -9"><span class='ocrx_word' id='word_1_117' title='bbox 264 1703 338 1733; x_wconf 87' lang='lat'>472.</span> <span class='ocrx_word' id='word_1_118' title='bbox 363 1702 500 1741; x_wconf 72' lang='lat' dir='ltr'>OEnopia,</span> <span class='ocrx_word' id='word_1_119' title='bbox 517 1705 550 1731; x_wconf 85' lang='lat' dir='ltr'>et</span> <span class='ocrx_word' id='word_1_120' title='bbox 571 1700 685 1731; x_wconf 83' lang='lat' dir='ltr'>(Enone</span> <span class='ocrx_word' id='word_1_121' title='bbox 706 1705 778 1732; x_wconf 84' lang='lat' dir='ltr'>ante</span> <span class='ocrx_word' id='word_1_122' title='bbox 801 1700 888 1731; x_wconf 87' lang='lat' dir='ltr'>dicta</span> 
     </span>
     <span class='ocr_line' id='line_1_23' title="bbox 220 1749 887 1792; baseline 0 -10"><span class='ocrx_word' id='word_1_123' title='bbox 220 1751 276 1782; x_wconf 89' lang='lat' dir='ltr'>illa</span> <span class='ocrx_word' id='word_1_124' title='bbox 303 1751 417 1782; x_wconf 85' lang='lat' dir='ltr'>insula.</span> <span class='ocrx_word' id='word_1_125' title='bbox 474 1749 639 1791; x_wconf 80' lang='lat' dir='ltr'>Euripides</span> <span class='ocrx_word' id='word_1_126' title='bbox 672 1751 705 1780; x_wconf 92' lang='lat' dir='ltr'>in</span> <span class='ocrx_word' id='word_1_127' title='bbox 741 1749 887 1792; x_wconf 76' lang='lat' dir='ltr'>Iphigen-</span> 
     </span>
     <span class='ocr_line' id='line_1_24' title="bbox 221 1797 886 1840; baseline -0.003 -9"><span class='ocrx_word' id='word_1_128' title='bbox 221 1801 299 1831; x_wconf 81' lang='lat' dir='ltr'>Aul.</span> <span class='ocrx_word' id='word_1_129' title='bbox 314 1800 391 1831; x_wconf 90' lang='grc'>699.</span> <span class='ocrx_word' id='word_1_130' title='bbox 407 1799 487 1837; x_wconf 76' lang='grc' dir='ltr'><strong><em>Ζεύς</em></strong></span> <span class='ocrx_word' id='word_1_131' title='bbox 509 1798 632 1830; x_wconf 80' lang='grc' dir='ltr'>Αἰακὸν</span> <span class='ocrx_word' id='word_1_132' title='bbox 653 1797 678 1829; x_wconf 82' lang='grc' dir='ltr'>δ’</span> <span class='ocrx_word' id='word_1_133' title='bbox 700 1799 816 1840; x_wconf 73' lang='grc' dir='ltr'>ἔφυσεν</span> <span class='ocrx_word' id='word_1_134' title='bbox 833 1798 886 1830; x_wconf 88' lang='grc' dir='ltr'>Οἰ-</span> 
     </span>
     <span class='ocr_line' id='line_1_25' title="bbox 223 1847 886 1891; baseline -0.003 -10"><span class='ocrx_word' id='word_1_135' title='bbox 223 1851 332 1887; x_wconf 81' lang='grc' dir='ltr'><strong><em>νώνης</em></strong></span> <span class='ocrx_word' id='word_1_136' title='bbox 359 1849 500 1891; x_wconf 86' lang='grc' dir='ltr'>πρόμον.</span> <span class='ocrx_word' id='word_1_137' title='bbox 559 1848 610 1878; x_wconf 80' lang='lat' dir='ltr'>Ita</span> <span class='ocrx_word' id='word_1_138' title='bbox 638 1853 670 1878; x_wconf 88' lang='lat' dir='ltr'>et</span> <span class='ocrx_word' id='word_1_139' title='bbox 702 1847 886 1884; x_wconf 85' lang='lat' dir='ltr'>Pausanias,</span> 
     </span>
     <span class='ocr_line' id='line_1_26' title="bbox 222 1895 886 1939; baseline -0.005 -10"><span class='ocrx_word' id='word_1_140' title='bbox 222 1898 296 1929; x_wconf 90' lang='lat' dir='ltr'>Cor.</span> <span class='ocrx_word' id='word_1_141' title='bbox 326 1909 357 1939; x_wconf 87' lang='lat' dir='ltr'>p.</span> <span class='ocrx_word' id='word_1_142' title='bbox 389 1898 458 1928; x_wconf 87' lang='lat'>122.</span> <span class='ocrx_word' id='word_1_143' title='bbox 517 1895 695 1937; x_wconf 83' lang='lat' dir='ltr'>Stephanus</span> <span class='ocrx_word' id='word_1_144' title='bbox 731 1896 770 1927; x_wconf 90' lang='lat' dir='ltr'>de</span> <span class='ocrx_word' id='word_1_145' title='bbox 804 1896 886 1927; x_wconf 88' lang='lat' dir='ltr'>Urbe</span> 
     </span>
     <span class='ocr_line' id='line_1_27' title="bbox 223 1944 885 1987; baseline -0.002 -10"><span class='ocrx_word' id='word_1_146' title='bbox 223 1946 366 1985; x_wconf 79' lang='grc' dir='ltr'>Οἰνώνη,</span> <span class='ocrx_word' id='word_1_147' title='bbox 391 1949 493 1985; x_wconf 86' lang='grc' dir='ltr'><strong><em>νῆσος</em></strong></span> <span class='ocrx_word' id='word_1_148' title='bbox 525 1945 585 1987; x_wconf 84' lang='grc' dir='ltr'>μία</span> <span class='ocrx_word' id='word_1_149' title='bbox 617 1948 683 1976; x_wconf 79' lang='grc' dir='ltr'>τῶν</span> <span class='ocrx_word' id='word_1_150' title='bbox 709 1944 885 1976; x_wconf 71' lang='grc' dir='ltr'><em>Αἰακίδων.</em></span> 
     </span>
     <span class='ocr_line' id='line_1_28' title="bbox 222 1994 886 2034; baseline -0.005 -8"><span class='ocrx_word' id='word_1_151' title='bbox 222 1995 307 2026; x_wconf 86' lang='lat' dir='ltr'>Hinc</span> <span class='ocrx_word' id='word_1_152' title='bbox 323 2001 355 2026; x_wconf 89' lang='lat' dir='ltr'>et</span> <span class='ocrx_word' id='word_1_153' title='bbox 370 1995 451 2026; x_wconf 90' lang='lat' dir='ltr'>hunc</span> <span class='ocrx_word' id='word_1_154' title='bbox 467 1995 571 2025; x_wconf 90' lang='lat' dir='ltr'>locum</span> <span class='ocrx_word' id='word_1_155' title='bbox 591 1994 719 2034; x_wconf 88' lang='lat' dir='ltr'>quidam</span> <span class='ocrx_word' id='word_1_156' title='bbox 736 1994 886 2024; x_wconf 68' lang='lat' dir='ltr'>emenda-</span> 
     </span>
     <span class='ocr_line' id='line_1_29' title="bbox 223 2043 888 2076; baseline -0.005 0"><span class='ocrx_word' id='word_1_157' title='bbox 223 2050 295 2076; x_wconf 87' lang='lat' dir='ltr'>runt</span> <span class='ocrx_word' id='word_1_158' title='bbox 321 2045 476 2074; x_wconf 80' lang='lat' dir='ltr'>OEnonen:</span> <span class='ocrx_word' id='word_1_159' title='bbox 510 2043 577 2074; x_wconf 90' lang='lat' dir='ltr'>sine</span> <span class='ocrx_word' id='word_1_160' title='bbox 603 2053 708 2073; x_wconf 88' lang='lat' dir='ltr'>causa.</span> <span class='ocrx_word' id='word_1_161' title='bbox 761 2043 888 2073; x_wconf 85' lang='lat' dir='ltr'>Etenim</span> 
     </span>
     <span class='ocr_line' id='line_1_30' title="bbox 223 2090 887 2129; baseline -0.003 -4"><span class='ocrx_word' id='word_1_162' title='bbox 223 2099 255 2126; x_wconf 88' lang='lat' dir='ltr'>et</span> <span class='ocrx_word' id='word_1_163' title='bbox 292 2093 457 2129; x_wconf 82' lang='lat' dir='ltr'>Pindarus,</span> <span class='ocrx_word' id='word_1_164' title='bbox 492 2091 573 2122; x_wconf 81' lang='lat' dir='ltr'>Isth.</span> <span class='ocrx_word' id='word_1_165' title='bbox 603 2090 668 2122; x_wconf 85' lang='lat' dir='ltr'>viii.</span> <span class='ocrx_word' id='word_1_166' title='bbox 695 2092 749 2122; x_wconf 84' lang='lat'>43.</span> <span class='ocrx_word' id='word_1_167' title='bbox 780 2093 887 2123; x_wconf 81' lang='grc' dir='ltr'>νᾶσον</span> 
     </span>
     <span class='ocr_line' id='line_1_31' title="bbox 224 2140 888 2179; baseline -0.005 -6"><span class='ocrx_word' id='word_1_168' title='bbox 224 2142 388 2173; x_wconf 81' lang='grc' dir='ltr'>Οἰνοπίαν</span> <span class='ocrx_word' id='word_1_169' title='bbox 403 2141 493 2177; x_wconf 86' lang='lat' dir='ltr'>dixit,</span> <span class='ocrx_word' id='word_1_170' title='bbox 505 2146 537 2171; x_wconf 85' lang='lat' dir='ltr'>et</span> <span class='ocrx_word' id='word_1_171' title='bbox 551 2140 667 2170; x_wconf 83' lang='lat' dir='ltr'>Noster</span> <span class='ocrx_word' id='word_1_172' title='bbox 681 2150 752 2170; x_wconf 84' lang='lat' dir='ltr'>mox</span> <span class='ocrx_word' id='word_1_173' title='bbox 768 2140 888 2179; x_wconf 78' lang='lat' dir='ltr'>OEnopii</span> 
     </span>
     <span class='ocr_line' id='line_1_32' title="bbox 222 2189 889 2231; baseline -0.003 -10"><span class='ocrx_word' id='word_1_174' title='bbox 222 2194 314 2222; x_wconf 81' lang='lat' dir='ltr'>muri.</span> <span class='ocrx_word' id='word_1_175' title='bbox 359 2190 496 2221; x_wconf 83' lang='lat' dir='ltr'>Nomina</span> <span class='ocrx_word' id='word_1_176' title='bbox 525 2194 630 2220; x_wconf 82' lang='lat' dir='ltr'>autem</span> <span class='ocrx_word' id='word_1_177' title='bbox 659 2189 799 2231; x_wconf 83' lang='lat' dir='ltr'>ejusdem</span> <span class='ocrx_word' id='word_1_178' title='bbox 829 2189 889 2220; x_wconf 89' lang='lat' dir='ltr'>loci</span> 
     </span>
     <span class='ocr_line' id='line_1_33' title="bbox 224 2237 889 2270; baseline -0.003 0"><span class='ocrx_word' id='word_1_179' title='bbox 224 2240 348 2270; x_wconf 82' lang='lat' dir='ltr'>diversa</span> <span class='ocrx_word' id='word_1_180' title='bbox 377 2239 422 2270; x_wconf 85' lang='lat' dir='ltr'>sic</span> <span class='ocrx_word' id='word_1_181' title='bbox 445 2243 728 2269; x_wconf 84' lang='lat' dir='ltr'>commemorantur</span> <span class='ocrx_word' id='word_1_182' title='bbox 753 2243 785 2268; x_wconf 89' lang='lat' dir='ltr'>et</span> <span class='ocrx_word' id='word_1_183' title='bbox 813 2237 889 2268; x_wconf 85' lang='lat' dir='ltr'>alibi</span> 
     </span>
     <span class='ocr_line' id='line_1_34' title="bbox 225 2287 888 2330; baseline -0.005 -11"><span class='ocrx_word' id='word_1_184' title='bbox 225 2299 243 2320; x_wconf 87' lang='lat' dir='ltr'>a</span> <span class='ocrx_word' id='word_1_185' title='bbox 267 2288 376 2330; x_wconf 78' lang='lat' dir='ltr'>poetiS,</span> <span class='ocrx_word' id='word_1_186' title='bbox 401 2294 436 2318; x_wconf 89' lang='lat' dir='ltr'>ut</span> <span class='ocrx_word' id='word_1_187' title='bbox 461 2287 539 2317; x_wconf 78' lang='lat' dir='ltr'>AEn.</span> <span class='ocrx_word' id='word_1_188' title='bbox 563 2287 586 2317; x_wconf 90' lang='lat' dir='ltr'>i.</span> <span class='ocrx_word' id='word_1_189' title='bbox 617 2288 687 2317; x_wconf 85' lang='lat'>108.</span> <span class='ocrx_word' id='word_1_190' title='bbox 734 2287 888 2328; x_wconf 82' lang='lat' dir='ltr'>AEginam,</span> 
     </span>
     <span class='ocr_line' id='line_1_35' title="bbox 223 2335 888 2377; baseline -0.005 -9"><span class='ocrx_word' id='word_1_191' title='bbox 223 2343 284 2368; x_wconf 76' lang='lat' dir='ltr'>etc.</span> <span class='ocrx_word' id='word_1_192' title='bbox 308 2336 383 2367; x_wconf 83' lang='lat' dir='ltr'>Vid.</span> <span class='ocrx_word' id='word_1_193' title='bbox 402 2336 577 2366; x_wconf 86' lang='lat' dir='ltr'>Munkerus</span> <span class='ocrx_word' id='word_1_194' title='bbox 594 2335 634 2366; x_wconf 90' lang='lat' dir='ltr'>ad</span> <span class='ocrx_word' id='word_1_195' title='bbox 657 2335 775 2377; x_wconf 82' lang='lat' dir='ltr'>Hygini</span> <span class='ocrx_word' id='word_1_196' title='bbox 799 2336 888 2366; x_wconf 87' lang='lat' dir='ltr'>sabu—</span> 
     </span>
     <span class='ocr_line' id='line_1_36' title="bbox 224 2387 357 2417; baseline 0 -1"><span class='ocrx_word' id='word_1_197' title='bbox 224 2387 287 2417; x_wconf 86' lang='lat' dir='ltr'>lam</span> <span class='ocrx_word' id='word_1_198' title='bbox 303 2387 357 2417; x_wconf 84' lang='lat'>52.</span> 
     </span>
    </p>

    <p class='ocr_par' dir='ltr' id='par_1_15' title="bbox 224 2432 890 2709">
     <span class='ocr_line' id='line_1_37' title="bbox 268 2432 888 2473; baseline -0.005 -8"><span class='ocrx_word' id='word_1_199' title='bbox 268 2435 342 2465; x_wconf 78' lang='lat'>474.</span> <span class='ocrx_word' id='word_1_200' title='bbox 376 2433 515 2473; x_wconf 41' lang='grc' dir='ltr'>ΔΕΜ-ιιι]</span> <span class='ocrx_word' id='word_1_201' title='bbox 563 2433 699 2463; x_wconf 78' lang='lat' dir='ltr'>AEacum</span> <span class='ocrx_word' id='word_1_202' title='bbox 723 2432 812 2463; x_wconf 80' lang='lat' dir='ltr'>Jovis</span> <span class='ocrx_word' id='word_1_203' title='bbox 841 2432 888 2463; x_wconf 85' lang='lat' dir='ltr'>su-</span> 
     </span>
     <span class='ocr_line' id='line_1_38' title="bbox 224 2480 890 2514; baseline -0.003 -1"><span class='ocrx_word' id='word_1_204' title='bbox 224 2484 284 2514; x_wconf 67' lang='lat' dir='ltr'>isse</span> <span class='ocrx_word' id='word_1_205' title='bbox 309 2482 407 2513; x_wconf 87' lang='lat' dir='ltr'>filium</span> <span class='ocrx_word' id='word_1_206' title='bbox 431 2487 574 2512; x_wconf 84' lang='lat' dir='ltr'>constat:</span> <span class='ocrx_word' id='word_1_207' title='bbox 602 2480 653 2511; x_wconf 92' lang='lat' dir='ltr'>cui</span> <span class='ocrx_word' id='word_1_208' title='bbox 678 2486 740 2511; x_wconf 77' lang='lat' dir='ltr'>tres</span> <span class='ocrx_word' id='word_1_209' title='bbox 764 2480 890 2511; x_wconf 83' lang='lat' dir='ltr'>fuerunt</span> 
     </span>
     <span class='ocr_line' id='line_1_39' title="bbox 225 2529 889 2568; baseline -0.005 -6"><span class='ocrx_word' id='word_1_210' title='bbox 225 2532 290 2568; x_wconf 81' lang='lat' dir='ltr'>filii,</span> <span class='ocrx_word' id='word_1_211' title='bbox 304 2531 468 2565; x_wconf 87' lang='lat' dir='ltr'>Telamon,</span> <span class='ocrx_word' id='word_1_212' title='bbox 487 2529 602 2560; x_wconf 82' lang='lat' dir='ltr'>Peleus</span> <span class='ocrx_word' id='word_1_213' title='bbox 618 2534 649 2560; x_wconf 88' lang='lat' dir='ltr'>et</span> <span class='ocrx_word' id='word_1_214' title='bbox 665 2529 801 2560; x_wconf 88' lang='lat' dir='ltr'>Phocus.</span> <span class='ocrx_word' id='word_1_215' title='bbox 839 2529 889 2559; x_wconf 84' lang='lat' dir='ltr'>De</span> 
     </span>
     <span class='ocr_line' id='line_1_40' title="bbox 225 2578 888 2611; baseline -0.003 0"><span class='ocrx_word' id='word_1_216' title='bbox 225 2581 273 2611; x_wconf 85' lang='lat' dir='ltr'>his</span> <span class='ocrx_word' id='word_1_217' title='bbox 288 2580 358 2610; x_wconf 90' lang='lat' dir='ltr'>vide</span> <span class='ocrx_word' id='word_1_218' title='bbox 377 2579 417 2610; x_wconf 86' lang='lat' dir='ltr'>ad</span> <span class='ocrx_word' id='word_1_219' title='bbox 442 2578 486 2609; x_wconf 85' lang='lat' dir='ltr'>xi.</span> <span class='ocrx_word' id='word_1_220' title='bbox 501 2579 576 2609; x_wconf 80' lang='lat'>267.</span> <span class='ocrx_word' id='word_1_221' title='bbox 623 2579 760 2608; x_wconf 76' lang='lat' dir='ltr'>Nomine.</span> <span class='ocrx_word' id='word_1_222' title='bbox 804 2578 888 2609; x_wconf 89' lang='lat' dir='ltr'>Hinc</span> 
     </span>
     <span class='ocr_line' id='line_1_41' title="bbox 225 2626 888 2668; baseline -0.003 -8"><span class='ocrx_word' id='word_1_223' title='bbox 225 2635 291 2660; x_wconf 80' lang='lat' dir='ltr'>orta</span> <span class='ocrx_word' id='word_1_224' title='bbox 305 2629 322 2659; x_wconf 87' lang='lat' dir='ltr'>J</span> <span class='ocrx_word' id='word_1_225' title='bbox 328 2627 438 2659; x_wconf 87' lang='lat' dir='ltr'>unonis</span> <span class='ocrx_word' id='word_1_226' title='bbox 453 2626 581 2663; x_wconf 82' lang='lat' dir='ltr'>invidia,</span> <span class='ocrx_word' id='word_1_227' title='bbox 597 2626 799 2668; x_wconf 84' lang='lat' dir='ltr'>immissaque</span> <span class='ocrx_word' id='word_1_228' title='bbox 819 2637 888 2668; x_wconf 83' lang='lat' dir='ltr'>pes-</span> 
     </span>
     <span class='ocr_line' id='line_1_42' title="bbox 227 2677 361 2709; baseline 0 -1"><span class='ocrx_word' id='word_1_229' title='bbox 227 2677 361 2709; x_wconf 82' lang='lat' dir='ltr'>tilentia.</span> 
     </span>
    </p>

    <p class='ocr_par' dir='ltr' id='par_1_16' title="bbox 270 2723 886 2766">
     <span class='ocr_line' id='line_1_43' title="bbox 270 2723 886 2766; baseline -0.002 -11"><span class='ocrx_word' id='word_1_230' title='bbox 270 2727 342 2757; x_wconf 87' lang='lat'>476.</span> <span class='ocrx_word' id='word_1_231' title='bbox 369 2725 502 2765; x_wconf 67' lang='lat' dir='ltr'>Expetv&#39;t,</span> <span class='ocrx_word' id='word_1_232' title='bbox 521 2723 617 2766; x_wconf 83' lang='lat' dir='ltr'>cupit.</span> <span class='ocrx_word' id='word_1_233' title='bbox 665 2724 838 2755; x_wconf 74' lang='lat' dir='ltr'>Occurrunt</span> <span class='ocrx_word' id='word_1_234' title='bbox 858 2730 886 2755; x_wconf 72' lang='lat' dir='ltr'>et</span> 
     </span>
    </p>
   </div>
   <div class='ocr_carea' id='block_1_11' title="bbox 952 1699 1622 2755">
    <p class='ocr_par' dir='ltr' id='par_1_17' title="bbox 952 1699 1621 1926">
     <span class='ocr_line' id='line_1_44' title="bbox 952 1699 1620 1742; baseline 0.003 -12"><span class='ocrx_word' id='word_1_235' title='bbox 952 1700 985 1736; x_wconf 88' lang='lat' dir='ltr'>ii,</span> <span class='ocrx_word' id='word_1_236' title='bbox 1001 1699 1056 1742; x_wconf 88' lang='lat' dir='ltr'>qui</span> <span class='ocrx_word' id='word_1_237' title='bbox 1077 1699 1201 1731; x_wconf 88' lang='lat' dir='ltr'>honoris</span> <span class='ocrx_word' id='word_1_238' title='bbox 1216 1710 1313 1731; x_wconf 85' lang='lat' dir='ltr'>causa</span> <span class='ocrx_word' id='word_1_239' title='bbox 1334 1700 1459 1732; x_wconf 88' lang='lat' dir='ltr'>obviam</span> <span class='ocrx_word' id='word_1_240' title='bbox 1474 1706 1550 1732; x_wconf 86' lang='lat' dir='ltr'>eunt</span> <span class='ocrx_word' id='word_1_241' title='bbox 1565 1711 1620 1732; x_wconf 89' lang='lat' dir='ltr'>ve-</span> 
     </span>
     <span class='ocr_line' id='line_1_45' title="bbox 953 1748 1618 1790; baseline 0.002 -11"><span class='ocrx_word' id='word_1_242' title='bbox 953 1748 1064 1780; x_wconf 88' lang='lat' dir='ltr'>nienti.</span> <span class='ocrx_word' id='word_1_243' title='bbox 1112 1750 1246 1780; x_wconf 80' lang='lat' dir='ltr'>Phocum</span> <span class='ocrx_word' id='word_1_244' title='bbox 1267 1748 1389 1790; x_wconf 84' lang='lat' dir='ltr'>ignorat</span> <span class='ocrx_word' id='word_1_245' title='bbox 1410 1750 1565 1781; x_wconf 79' lang='lat' dir='ltr'>Isocrates</span> <span class='ocrx_word' id='word_1_246' title='bbox 1586 1751 1618 1780; x_wconf 92' lang='lat' dir='ltr'>in</span> 
     </span>
     <span class='ocr_line' id='line_1_46' title="bbox 953 1797 1618 1839; baseline 0.002 -11"><span class='ocrx_word' id='word_1_247' title='bbox 953 1797 1148 1838; x_wconf 82' lang='lat' dir='ltr'>Evagoraiv.</span> <span class='ocrx_word' id='word_1_248' title='bbox 1188 1798 1402 1839; x_wconf 78' lang='lat' dir='ltr'>Egrediturin</span> <span class='ocrx_word' id='word_1_249' title='bbox 1417 1798 1502 1829; x_wconf 87' lang='lat' dir='ltr'>litus.</span> <span class='ocrx_word' id='word_1_250' title='bbox 1536 1798 1618 1829; x_wconf 79' lang='lat' dir='ltr'>Gra-</span> 
     </span>
     <span class='ocr_line' id='line_1_47' title="bbox 952 1846 1621 1889; baseline 0.003 -13"><span class='ocrx_word' id='word_1_251' title='bbox 952 1848 1039 1882; x_wconf 78' lang='lat' dir='ltr'>vitas,</span> <span class='ocrx_word' id='word_1_252' title='bbox 1066 1846 1211 1877; x_wconf 79' lang='lat' dir='ltr'>debilitas</span> <span class='ocrx_word' id='word_1_253' title='bbox 1239 1847 1387 1888; x_wconf 86' lang='lat' dir='ltr'>corporis,</span> <span class='ocrx_word' id='word_1_254' title='bbox 1416 1857 1486 1889; x_wconf 84' lang='lat' dir='ltr'>quae</span> <span class='ocrx_word' id='word_1_255' title='bbox 1515 1847 1621 1879; x_wconf 78' lang='lat' dir='ltr'>tardat</span> 
     </span>
     <span class='ocr_line' id='line_1_48' title="bbox 953 1905 1120 1926; baseline 0.006 -2"><span class='ocrx_word' id='word_1_256' title='bbox 953 1905 1120 1926; x_wconf 85' lang='lat' dir='ltr'>incessum.</span> 
     </span>
    </p>

    <p class='ocr_par' dir='ltr' id='par_1_18' title="bbox 952 1945 1622 2567">
     <span class='ocr_line' id='line_1_49' title="bbox 997 1945 1620 1985; baseline 0 -11"><span class='ocrx_word' id='word_1_257' title='bbox 997 1945 1073 1975; x_wconf 79' lang='lat'>480.</span> <span class='ocrx_word' id='word_1_258' title='bbox 1097 1945 1276 1974; x_wconf 79' lang='lat' dir='ltr'>Admonitus</span> <span class='ocrx_word' id='word_1_259' title='bbox 1304 1946 1399 1984; x_wconf 76' lang='lat' dir='ltr'>patrii</span> <span class='ocrx_word' id='word_1_260' title='bbox 1428 1945 1539 1980; x_wconf 80' lang='lat' dir='ltr'>luctus,</span> <span class='ocrx_word' id='word_1_261' title='bbox 1563 1954 1620 1985; x_wconf 85' lang='lat' dir='ltr'>pa-</span> 
     </span>
     <span class='ocr_line' id='line_1_50' title="bbox 955 1992 1620 2034; baseline -0.002 -11"><span class='ocrx_word' id='word_1_262' title='bbox 955 2000 1050 2024; x_wconf 81' lang='lat' dir='ltr'>ternae</span> <span class='ocrx_word' id='word_1_263' title='bbox 1072 1993 1242 2030; x_wconf 64' lang='lat' dir='ltr'>moestitiae,</span> <span class='ocrx_word' id='word_1_264' title='bbox 1258 2003 1353 2034; x_wconf 89' lang='lat' dir='ltr'>quam</span> <span class='ocrx_word' id='word_1_265' title='bbox 1374 1992 1482 2024; x_wconf 90' lang='lat' dir='ltr'>Minos</span> <span class='ocrx_word' id='word_1_266' title='bbox 1501 1992 1540 2023; x_wconf 87' lang='lat' dir='ltr'>de</span> <span class='ocrx_word' id='word_1_267' title='bbox 1555 1992 1620 2023; x_wconf 90' lang='lat' dir='ltr'>filio</span> 
     </span>
     <span class='ocr_line' id='line_1_51' title="bbox 954 2041 1619 2082; baseline 0 -10"><span class='ocrx_word' id='word_1_268' title='bbox 954 2042 993 2072; x_wconf 88' lang='lat' dir='ltr'>ab</span> <span class='ocrx_word' id='word_1_269' title='bbox 1018 2041 1263 2073; x_wconf 81' lang='lat' dir='ltr'>Atheniensibus</span> <span class='ocrx_word' id='word_1_270' title='bbox 1285 2041 1448 2072; x_wconf 82' lang='lat' dir='ltr'>interfecto</span> <span class='ocrx_word' id='word_1_271' title='bbox 1468 2050 1619 2082; x_wconf 84' lang='lat' dir='ltr'>concepe-</span> 
     </span>
     <span class='ocr_line' id='line_1_52' title="bbox 953 2090 1618 2126; baseline 0 -6"><span class='ocrx_word' id='word_1_272' title='bbox 953 2096 1011 2121; x_wconf 88' lang='lat' dir='ltr'>rat.</span> <span class='ocrx_word' id='word_1_273' title='bbox 1057 2091 1107 2121; x_wconf 88' lang='lat' dir='ltr'>De</span> <span class='ocrx_word' id='word_1_274' title='bbox 1132 2092 1312 2126; x_wconf 78' lang='lat' dir='ltr'>admonitus,</span> <span class='ocrx_word' id='word_1_275' title='bbox 1328 2090 1400 2121; x_wconf 85' lang='lat' dir='ltr'>vide</span> <span class='ocrx_word' id='word_1_276' title='bbox 1423 2090 1461 2121; x_wconf 88' lang='lat' dir='ltr'>ad</span> <span class='ocrx_word' id='word_1_277' title='bbox 1479 2090 1524 2121; x_wconf 90' lang='lat' dir='ltr'>ix.</span> <span class='ocrx_word' id='word_1_278' title='bbox 1541 2090 1618 2121; x_wconf 85' lang='lat'>324.</span> 
     </span>
     <span class='ocr_line' id='line_1_53' title="bbox 957 2138 1621 2181; baseline -0.002 -11"><span class='ocrx_word' id='word_1_279' title='bbox 957 2140 1078 2170; x_wconf 82' lang='lat' dir='ltr'>Rector.</span> <span class='ocrx_word' id='word_1_280' title='bbox 1125 2139 1241 2176; x_wconf 87' lang='lat' dir='ltr'>Minos,</span> <span class='ocrx_word' id='word_1_281' title='bbox 1257 2140 1346 2181; x_wconf 86' lang='lat' dir='ltr'>cujus</span> <span class='ocrx_word' id='word_1_282' title='bbox 1368 2139 1496 2181; x_wconf 86' lang='lat' dir='ltr'>imperio</span> <span class='ocrx_word' id='word_1_283' title='bbox 1517 2138 1621 2181; x_wconf 84' lang='lat' dir='ltr'>paruit</span> 
     </span>
     <span class='ocr_line' id='line_1_54' title="bbox 957 2188 1621 2228; baseline 0 -10"><span class='ocrx_word' id='word_1_284' title='bbox 957 2188 1064 2219; x_wconf 84' lang='lat' dir='ltr'>Creta.</span> <span class='ocrx_word' id='word_1_285' title='bbox 1105 2189 1230 2218; x_wconf 79' lang='lat' dir='ltr'>Centum</span> <span class='ocrx_word' id='word_1_286' title='bbox 1245 2190 1434 2228; x_wconf 70' lang='lat' dir='ltr'>populorum.</span> <span class='ocrx_word' id='word_1_287' title='bbox 1475 2188 1561 2218; x_wconf 81' lang='lat' dir='ltr'>Nota</span> <span class='ocrx_word' id='word_1_288' title='bbox 1573 2192 1621 2218; x_wconf 89' lang='lat' dir='ltr'>est</span> 
     </span>
     <span class='ocr_line' id='line_1_55' title="bbox 957 2236 1620 2279; baseline -0.003 -11"><span class='ocrx_word' id='word_1_289' title='bbox 957 2238 1053 2268; x_wconf 84' lang='lat' dir='ltr'>Creta</span> <span class='ocrx_word' id='word_1_290' title='bbox 1072 2237 1289 2279; x_wconf 80' lang='grc' dir='ltr'>ἐκατόμπολις</span> <span class='ocrx_word' id='word_1_291' title='bbox 1305 2249 1344 2268; x_wconf 86' lang='lat' dir='ltr'>ex</span> <span class='ocrx_word' id='word_1_292' title='bbox 1363 2237 1510 2272; x_wconf 84' lang='lat' dir='ltr'>Homero,</span> <span class='ocrx_word' id='word_1_293' title='bbox 1526 2236 1567 2267; x_wconf 85' lang='lat'>11.</span> <span class='ocrx_word' id='word_1_294' title='bbox 1583 2239 1620 2267; x_wconf 92' lang='lat' dir='ltr'>B.</span> 
     </span>
     <span class='ocr_line' id='line_1_56' title="bbox 956 2286 1621 2327; baseline -0.003 -10"><span class='ocrx_word' id='word_1_295' title='bbox 956 2288 1040 2325; x_wconf 80' lang='lat'>649;</span> <span class='ocrx_word' id='word_1_296' title='bbox 1064 2286 1128 2317; x_wconf 85' lang='lat' dir='ltr'>vid.</span> <span class='ocrx_word' id='word_1_297' title='bbox 1142 2287 1263 2324; x_wconf 86' lang='lat' dir='ltr'>Strabo,</span> <span class='ocrx_word' id='word_1_298' title='bbox 1281 2287 1336 2317; x_wconf 89' lang='lat' dir='ltr'>lib.</span> <span class='ocrx_word' id='word_1_299' title='bbox 1349 2298 1380 2317; x_wconf 73' lang='lat' dir='ltr'>X.</span> <span class='ocrx_word' id='word_1_300' title='bbox 1395 2297 1426 2327; x_wconf 89' lang='lat' dir='ltr'>p.</span> <span class='ocrx_word' id='word_1_301' title='bbox 1440 2287 1513 2317; x_wconf 87' lang='grc'><strong>735.</strong></span> <span class='ocrx_word' id='word_1_302' title='bbox 1561 2286 1621 2316; x_wconf 78' lang='grc' dir='ltr'>Ρο-</span> 
     </span>
     <span class='ocr_line' id='line_1_57' title="bbox 952 2335 1622 2378; baseline -0.001 -12"><span class='ocrx_word' id='word_1_303' title='bbox 952 2338 1022 2376; x_wconf 81' lang='lat' dir='ltr'>puli</span> <span class='ocrx_word' id='word_1_304' title='bbox 1046 2347 1100 2378; x_wconf 88' lang='lat' dir='ltr'>pro</span> <span class='ocrx_word' id='word_1_305' title='bbox 1122 2337 1272 2375; x_wconf 88' lang='lat' dir='ltr'>urbibus;</span> <span class='ocrx_word' id='word_1_306' title='bbox 1296 2336 1406 2367; x_wconf 83' lang='lat' dir='ltr'>incolae</span> <span class='ocrx_word' id='word_1_307' title='bbox 1431 2335 1513 2366; x_wconf 83' lang='lat' dir='ltr'>enim</span> <span class='ocrx_word' id='word_1_308' title='bbox 1537 2335 1622 2366; x_wconf 86' lang='lat' dir='ltr'>urbis</span> 
     </span>
     <span class='ocr_line' id='line_1_58' title="bbox 954 2384 1621 2427; baseline 0.001 -13"><span class='ocrx_word' id='word_1_309' title='bbox 954 2387 1098 2424; x_wconf 79' lang='lat' dir='ltr'>populum</span> <span class='ocrx_word' id='word_1_310' title='bbox 1121 2385 1251 2416; x_wconf 81' lang='lat' dir='ltr'>faciunt.</span> <span class='ocrx_word' id='word_1_311' title='bbox 1299 2386 1361 2415; x_wconf 83' lang='lat' dir='ltr'>Pro</span> <span class='ocrx_word' id='word_1_312' title='bbox 1379 2392 1484 2427; x_wconf 77' lang='lat' dir='ltr'>gnato,</span> <span class='ocrx_word' id='word_1_313' title='bbox 1499 2395 1555 2427; x_wconf 92' lang='lat' dir='ltr'>pro</span> <span class='ocrx_word' id='word_1_314' title='bbox 1573 2384 1621 2415; x_wconf 90' lang='lat' dir='ltr'>ul-</span> 
     </span>
     <span class='ocr_line' id='line_1_59' title="bbox 957 2434 1622 2470; baseline 0 -6"><span class='ocrx_word' id='word_1_315' title='bbox 957 2434 1102 2465; x_wconf 81' lang='lat' dir='ltr'>ciscenda</span> <span class='ocrx_word' id='word_1_316' title='bbox 1131 2434 1186 2464; x_wconf 87' lang='lat' dir='ltr'>filii</span> <span class='ocrx_word' id='word_1_317' title='bbox 1216 2441 1327 2465; x_wconf 81' lang='lat' dir='ltr'>morte.</span> <span class='ocrx_word' id='word_1_318' title='bbox 1393 2434 1531 2470; x_wconf 83' lang='lat' dir='ltr'>Tumulo,</span> <span class='ocrx_word' id='word_1_319' title='bbox 1560 2439 1622 2464; x_wconf 85' lang='lat' dir='ltr'>etc.</span> 
     </span>
     <span class='ocr_line' id='line_1_60' title="bbox 957 2483 1622 2524; baseline 0.002 -12"><span class='ocrx_word' id='word_1_320' title='bbox 957 2493 1069 2524; x_wconf 81' lang='lat' dir='ltr'>nempe</span> <span class='ocrx_word' id='word_1_321' title='bbox 1084 2483 1204 2514; x_wconf 83' lang='lat' dir='ltr'>occisos</span> <span class='ocrx_word' id='word_1_322' title='bbox 1219 2483 1323 2514; x_wconf 83' lang='lat' dir='ltr'>hostes</span> <span class='ocrx_word' id='word_1_323' title='bbox 1338 2483 1464 2514; x_wconf 82' lang='lat' dir='ltr'>inferias</span> <span class='ocrx_word' id='word_1_324' title='bbox 1475 2483 1542 2514; x_wconf 88' lang='lat' dir='ltr'>vult</span> <span class='ocrx_word' id='word_1_325' title='bbox 1559 2483 1622 2514; x_wconf 86' lang='lat' dir='ltr'>filio</span> 
     </span>
     <span class='ocr_line' id='line_1_61' title="bbox 959 2530 1522 2567; baseline 0.002 -6"><span class='ocrx_word' id='word_1_326' title='bbox 959 2530 1093 2567; x_wconf 80' lang='lat' dir='ltr'>mittere,</span> <span class='ocrx_word' id='word_1_327' title='bbox 1111 2531 1168 2561; x_wconf 79' lang='lat' dir='ltr'>xii.</span> <span class='ocrx_word' id='word_1_328' title='bbox 1185 2533 1216 2562; x_wconf 89' lang='lat'>2.</span> <span class='ocrx_word' id='word_1_329' title='bbox 1519 2559 1522 2562; x_wconf 85' lang='lat'>.</span> 
     </span>
    </p>

    <p class='ocr_par' dir='ltr' id='par_1_19' title="bbox 957 2579 1620 2755">
     <span class='ocr_line' id='line_1_62' title="bbox 1000 2579 1619 2622; baseline 0.002 -13"><span class='ocrx_word' id='word_1_330' title='bbox 1000 2580 1077 2610; x_wconf 80' lang='lat'>484.</span> <span class='ocrx_word' id='word_1_331' title='bbox 1112 2581 1280 2620; x_wconf 74' lang='lat' dir='ltr'>Asopiades,</span> <span class='ocrx_word' id='word_1_332' title='bbox 1310 2580 1406 2622; x_wconf 86' lang='lat' dir='ltr'>Asopi</span> <span class='ocrx_word' id='word_1_333' title='bbox 1434 2591 1472 2611; x_wconf 86' lang='lat' dir='ltr'>ex</span> <span class='ocrx_word' id='word_1_334' title='bbox 1500 2579 1619 2620; x_wconf 61' lang='lat' dir='ltr'>Aigina</span> 
     </span>
     <span class='ocr_line' id='line_1_63' title="bbox 957 2628 1620 2670; baseline 0.003 -12"><span class='ocrx_word' id='word_1_335' title='bbox 957 2637 1062 2670; x_wconf 88' lang='lat' dir='ltr'>nepos.</span> <span class='ocrx_word' id='word_1_336' title='bbox 1109 2628 1167 2664; x_wconf 80' lang='lat' dir='ltr'>Ea,</span> <span class='ocrx_word' id='word_1_337' title='bbox 1183 2634 1247 2659; x_wconf 82' lang='lat' dir='ltr'>tam</span> <span class='ocrx_word' id='word_1_338' title='bbox 1270 2635 1401 2659; x_wconf 85' lang='lat' dir='ltr'>sancta:</span> <span class='ocrx_word' id='word_1_339' title='bbox 1428 2628 1496 2660; x_wconf 90' lang='lat' dir='ltr'>Cic.</span> <span class='ocrx_word' id='word_1_340' title='bbox 1512 2628 1569 2659; x_wconf 90' lang='lat' dir='ltr'>Or.</span> <span class='ocrx_word' id='word_1_341' title='bbox 1586 2628 1620 2660; x_wconf 89' lang='lat' dir='ltr'>ii.</span> 
     </span>
     <span class='ocr_line' id='line_1_64' title="bbox 957 2676 1620 2719; baseline 0.003 -13"><span class='ocrx_word' id='word_1_342' title='bbox 957 2677 1011 2706; x_wconf 83' lang='lat'>40.</span> <span class='ocrx_word' id='word_1_343' title='bbox 1028 2678 1104 2717; x_wconf 76' lang='lat' dir='ltr'>quod</span> <span class='ocrx_word' id='word_1_344' title='bbox 1119 2688 1182 2708; x_wconf 84' lang='lat' dir='ltr'>eam</span> <span class='ocrx_word' id='word_1_345' title='bbox 1197 2678 1289 2719; x_wconf 81' lang='lat' dir='ltr'>Iegem</span> <span class='ocrx_word' id='word_1_346' title='bbox 1305 2679 1417 2713; x_wconf 77' lang='lat' dir='ltr'>tulisti,</span> <span class='ocrx_word' id='word_1_347' title='bbox 1435 2682 1500 2708; x_wconf 87' lang='lat' dir='ltr'>tam</span> <span class='ocrx_word' id='word_1_348' title='bbox 1514 2676 1620 2719; x_wconf 84' lang='lat' dir='ltr'>perni-</span> 
     </span>
     <span class='ocr_line' id='line_1_65' title="bbox 957 2735 1085 2755; baseline 0.008 -1"><span class='ocrx_word' id='word_1_349' title='bbox 957 2735 1085 2755; x_wconf 77' lang='lat' dir='ltr'>mosam.</span> 
     </span>
    </p>
   </div>
  </div>
 </body>
</html>
