1763 3181
197 180 290 222 476
596 179 647 220 Ρ.
682 179 898 221 OVIDII
935 179 1212 221 NASONIS

204 295 329 342 Pars
351 294 567 342 animam
593 295 774 357 laqueo
793 294 1049 349 claudunt,
1072 294 1346 358 mortisque
1371 295 1597 343 timorem

201 371 365 419 Morte
392 371 595 434 fugant3
625 372 857 434 ultroque
877 379 1056 418 vocant
1075 371 1326 418 venientia
1345 371 1461 419 fata.
1501 374 1597 418 605

202 448 426 511 Corpora
450 448 602 495 missa
626 448 737 495 neci
763 448 912 495 nullis
937 448 1000 495 de
1026 463 1162 494 more
1187 447 1412 494 feruntur

202 524 510 580 Funeribus;
552 541 715 588 neque
741 525 872 572 enim
897 524 1166 588 capiebant
1190 523 1364 572 funera
1389 530 1572 588 portae:

199 600 303 648 Aut
326 602 584 649 inhumata
608 609 840 666 premunt
864 610 1019 650 terras
1038 620 1048 659 ;
1090 608 1177 649 aut
1201 602 1380 648 dantur
1399 601 1449 648 in
1470 601 1596 648 altos

200 675 433 724 Indotata
457 693 602 740 rogos
622 695 632 726 :
673 686 722 725 et
741 680 847 741 jam
873 679 1148 726 reverentia
1172 678 1309 725 nulla
1332 686 1436 735 est;

202 753 382 817 Deque
407 755 540 816 rogis
566 763 818 818 pugnant;
860 756 1136 818 alienisque
1162 755 1359 817 ignibus
1386 755 1577 802 ardent.

198 829 294 883 Qui
320 831 594 886 lacriment,
623 833 831 889 desunt;
873 833 1224 895 indefletaeque
1250 839 1492 893 vagantur

201 906 445 954 Natarum
504 916 821 972 matrumque
880 910 1071 965 animae,
1123 911 1464 972 juvenumque
1520 911 1595 955 Se-

399 1000 649 1047 numque:
1500 987 1596 1032 612

200 1059 308 1106 Nec
334 1061 474 1107 locus
500 1061 549 1107 in
575 1062 811 1117 tumulos,
840 1079 931 1109 nec
959 1062 1140 1109 sufficit
1164 1062 1308 1108 arbor
1331 1061 1380 1108 in
1405 1062 1562 1123 igneS.

266 1142 295 1160 “
320 1136 576 1183 Attonitus
601 1144 741 1185 tanto
766 1138 1059 1186 miserarum
1084 1138 1283 1185 turbine
1310 1154 1488 1193 rerum,

198 1219 228 1236 “
252 1211 452 1276 Jupiter
475 1213 554 1269 o,”
580 1214 701 1269 dixi,
731 1221 762 1238 “
790 1215 831 1261 si
856 1222 906 1263 te
932 1231 1031 1261 non
1055 1214 1181 1261 falsa
1202 1215 1475 1277 loquuntur

199 1288 349 1336 Dicta
373 1290 464 1336 sub
491 1291 755 1354 amplexus
781 1291 977 1353 AEginae
1003 1290 1257 1353 Asopidos
1281 1292 1407 1347 isse3

238 1443 311 1473 607.
345 1443 529 1478 Funeribus,
559 1443 712 1484 exequiis,
740 1445 863 1486 pompis

195 1490 387 1522 funebribus.
425 1492 492 1522 Has
508 1501 569 1522 non
585 1495 729 1531 cepissent
745 1500 862 1535 portae;

196 1539 243 1569 hae
268 1550 330 1570 non
353 1540 529 1582 potuissent
553 1551 661 1572 omnes
684 1552 740 1583 per
759 1548 862 1583 portas

195 1588 291 1619 exire.
317 1588 406 1619 Ferri
419 1594 451 1620 et
466 1590 569 1631 efferri
585 1591 680 1621 verba
695 1602 741 1632 pr.
757 1591 789 1622 in
805 1591 863 1623 hac

194 1647 237 1668 re.
283 1637 458 1674 Lucretius,
473 1638 558 1670 dicto
573 1639 652 1675 loco,
672 1641 772 1671 1276:
799 1641 863 1673 Nec

194 1697 252 1716 mos
274 1687 325 1716 itte
346 1688 509 1726 sepultura:
531 1690 702 1719 remanebat
725 1692 756 1720 in
777 1691 861 1726 urbe,

199 1734 239 1765 Ut
255 1738 341 1774 prius
356 1737 403 1766 hic
426 1738 554 1776 populus
575 1747 685 1776 semper
704 1738 862 1769 consuerat

193 1784 323 1815 humari.
364 1785 567 1816 Perturbatus
578 1787 657 1816 enim
674 1793 752 1817 totus
768 1790 861 1827 trepi-

193 1834 295 1869 dabat,
320 1841 348 1865 et
372 1846 452 1865 unus
483 1834 614 1875 Quisque
641 1847 725 1866 suam
749 1847 803 1875 pro
829 1849 862 1869 re

192 1889 353 1913 consortem
369 1890 485 1914 moestus
509 1885 658 1915 humabut.
705 1886 791 1916 Altos
813 1897 860 1917 or-

194 1937 258 1962 nat.
304 1931 460 1968 Indorum,
483 1932 549 1963 sine
575 1933 767 1970 muneribus,
789 1946 858 1976 quae

192 1980 279 2022 injici
302 1981 334 2012 in
357 1992 446 2023 rogos
461 1982 500 2012 ab
523 1981 632 2013 amicis
652 1983 807 2019 solebant,
824 1991 860 2015 ut

194 2035 279 2060 recte
295 2030 379 2072 cepit
394 2031 527 2071 Regius.

238 2079 313 2110 610.
340 2080 444 2120 Deque
471 2082 551 2121 rogis
577 2087 742 2122 pugnant;
775 2082 854 2123 εἴα]

193 2127 369 2164 Lucretius,
393 2128 472 2159 ibid.
490 2130 592 2159 1280:
629 2130 792 2171 Multaque
815 2133 859 2161 vis

192 2178 289 2208 subita
300 2184 328 2208 et
336 2185 499 2217 paupertas
509 2179 631 2208 horrida
642 2181 746 2209 suasit.
764 2179 857 2210 Nam-

192 2237 248 2266 que
270 2238 336 2257 suos
356 2229 588 2269 consanguineos
604 2228 703 2258 aliena
719 2239 859 2270 rogorum

195 2276 324 2316 Insuper
338 2277 487 2307 instructa
503 2278 621 2318 ingenti
637 2278 764 2308 clamore
779 2278 858 2309 loca-

193 2325 275 2361 bant,
301 2326 529 2366 Subdebantque
544 2326 645 2367 faces,
670 2329 766 2358 multo
790 2339 858 2359 cum

192 2376 341 2416 sanguine
371 2386 443 2414 saepe
471 2375 616 2406 Ri.rantes
638 2378 748 2415 potius,
769 2389 857 2417 quam

192 2434 316 2462 corpora
341 2425 560 2455 desererentur.
617 2425 743 2456 Umbrae
765 2426 858 2468 justis

192 2471 384 2503 defraudatae
409 2483 470 2503 non
493 2478 635 2514 poterant
656 2475 754 2515 Styga
774 2481 858 2506 trau-

193 2519 266 2556 sire,
280 2520 335 2551 sed
351 2520 412 2552 huc
425 2521 541 2552 illucve
557 2523 761 2564 vagabantur,
773 2534 857 2554 erra-

192 2569 280 2600 bant.
327 2569 391 2600 Nee
418 2570 509 2606 locus,
536 2576 597 2601 etc.
644 2570 748 2602 Nimis
769 2572 857 2602 auxit

192 2627 267 2647 rem.

236 2666 312 2697 615.
337 2667 369 2696 Si
392 2667 518 2698 solenne
542 2668 573 2698 in
595 2667 751 2709 precibus.
797 2668 858 2698 Sub

193 2715 344 2754 amplexus
354 2717 408 2752 ire,
423 2717 641 2748 concumbere.
671 2716 720 2749 Cf.
732 2717 773 2747 vi.
786 2718 858 2749 113.

1500 1291 1596 1336 616

930 1445 984 1476 ubi
1003 1445 1129 1487 Jupiter
1144 1445 1274 1485 Asopida
1299 1445 1378 1474 ludit
1394 1445 1510 1485 igneus,
1530 1453 1597 1479 seu,

930 1493 963 1524 in
979 1494 1084 1535 ignem
1107 1504 1288 1525 conversus.
1333 1492 1373 1523 Ιη
1388 1493 1539 1532 amplexus
1553 1493 1599 1522 ire

930 1549 978 1574 est
992 1543 1034 1574 xi.
1051 1544 1125 1574 228.
1166 1543 1258 1579 Nota,
1275 1542 1412 1583 signum.
1452 1541 1598 1583 Fulgore,

930 1591 1059 1633 fulgoris
1095 1591 1271 1633 splendore.
1334 1590 1519 1630 Tonitruqne
1555 1600 1598 1620 se-

930 1643 1051 1678 cund0,·
1077 1651 1173 1682 quum
1201 1640 1331 1682 quidam
1355 1639 1495 1670 habeant
1519 1641 1596 1669 tom·-

932 1696 1070 1730 trumque
1078 1692 1251 1725 sec-undum,
1263 1688 1412 1719 Heinsius
1424 1687 1595 1729 etiamsul-

927 1749 1000 1779 gore
1015 1743 1116 1769 mutat
1130 1737 1163 1768 in
1175 1737 1307 1780 fulg-ur,
1321 1742 1357 1767 ut
1379 1736 1419 1767 sit
1433 1736 1598 1778 oppositio.

930 1788 1014 1824 Duo,
1032 1790 1219 1827 tonitrusque
1239 1788 1390 1821 secundos,
1412 1795 1490 1827 quos
1514 1786 1596 1817 Bur-

929 1846 1062 1867 mannus
1076 1836 1161 1878 capit
1175 1836 1224 1867 vel
1239 1836 1278 1866 de
1293 1835 1403 1866 faustis
1417 1841 1448 1865 et
1463 1835 1599 1866 faventi·
1645 1837 1649 1840 ⁷

928 1887 998 1922 bus,
1024 1886 1074 1917 vel
1109 1885 1232 1927 proprie
1267 1885 1307 1916 de
1335 1884 1492 1926 repetitis:
1531 1894 1594 1915 non

928 1935 1010 1966 enim
1036 1934 1195 1965 suffecisse
1219 1945 1317 1965 unum
1341 1933 1517 1975 augurium,
1535 1931 1595 1964 nisi

927 1984 1161 2014 confirmaretur
1189 1994 1227 2014 ex
1258 1982 1362 2014 simili.
1419 1982 1596 2013 Dicebatur

927 2032 1055 2074 quidem
1083 2035 1274 2069 tonitruum3
1309 2031 1364 2062 sed
1391 2034 1536 2062 tonitrum
1563 2036 1595 2062 et

926 2084 1057 2112 tonitrus
1080 2081 1113 2112 in
1136 2081 1250 2123 plurali
1273 2091 1402 2112 nurnero
1425 2080 1593 2122 plusquam

925 2136 1071 2172 suspecta
1083 2130 1238 2161 vocabula
1251 2130 1371 2172 opinor.
1400 2130 1570 2161 Secundum
1581 2141 1591 2166 ,·

926 2180 1009 2220 quod
1027 2179 1213 2210 audiebatur
1228 2189 1245 2210 e
1261 2179 1387 2210 sinistra
1401 2179 1500 2209 sereni
1515 2178 1590 2209 coeli

925 2234 1024 2269 parte.
1068 2228 1138 2259 Tali
1155 2227 1270 2259 tonitru
1292 2227 1418 2270 Jupiter
1433 2227 1588 2268 significa-

925 2277 989 2314 bat,
1006 2288 1038 2308 se
1056 2289 1124 2309 esse
1140 2283 1302 2308 exoratum
1316 2289 1322 2306 :
1348 2277 1455 2308 confer
1470 2276 1589 2307 Home-

924 2337 987 2362 rus,
1007 2327 1123 2368 Odyss.
1137 2331 1171 2358 Y.
1187 2328 1247 2358 102
1260 2339 1268 2365 ;
1283 2326 1446 2368 Virgilius,
1460 2326 1589 2357 AEneid.

923 2376 957 2408 ii.
969 2377 1042 2408 692.
1059 2376 1164 2418 ibique
1179 2376 1316 2407 Servius.
1360 2376 1484 2416 Accipio
1494 2387 1505 2413 ;
1529 2386 1589 2406 vox

924 2435 1030 2456 eorum
1052 2425 1105 2466 qui
1121 2435 1153 2456 se
1175 2424 1359 2456 indicabant
1381 2424 1462 2455 bono
1483 2423 1588 2454 omine

924 2474 1031 2505 oblato
1053 2474 1163 2505 laetari.
1209 2474 1370 2516 Pigneror,
1386 2484 1440 2515 pro
1462 2472 1589 2515 pignore

924 2523 1151 2555 benevolentiae
1176 2529 1236 2554 tuae
1263 2523 1373 2554 liabeo.
1418 2521 1514 2564 Apud
1535 2522 1589 2553 Ci-

925 2583 1080 2609 ceronem,
1104 2573 1242 2615 Philipp.
1258 2572 1320 2603 xiv.
1337 2573 1393 2603 12:
1422 2572 1507 2602 Mars
1528 2573 1589 2611 ipse

925 2624 957 2652 in
972 2623 1036 2653 acie
1046 2623 1249 2664 siu-tissimum
1269 2632 1409 2662 quemque
1430 2622 1587 2662 pignerari

924 2672 1010 2702 solet.
1028 2671 1109 2702 Vide
1120 2671 1271 2706 Nonium,
1284 2671 1316 2701 in
1328 2680 1396 2701 voc.
1407 2671 1565 2712 pignerari
1576 2680 1587 2706 ‚-

926 2726 957 2751 et
970 2721 1044 2752 Aul.
1057 2720 1207 2757 Gellium,
1220 2720 1317 2751 Noct.
1330 2719 1427 2751 Attic.
1439 2719 1525 2750 xviii.
1537 2719 1587 2749 12.
