1763 3181
227 168 314 209 394

631 167 682 208 Ρ.
717 167 931 209 OVIDII
966 167 1244 210 NASONIS

230 282 433 330 Latonae
457 282 630 330 turba:
671 299 783 345 quae
809 290 1051 346 quantum
1076 283 1228 330 distat
1251 284 1314 330 ab
1338 283 1491 330 orba?
1516 286 1614 329 200

226 359 306 407 Ite
331 359 500 415 sacris,
528 366 787 423 properate
813 360 995 417 sacris;
1039 360 1329 423 laurumque
1354 359 1547 423 capillis

227 436 458 484 Ponite.''

519 435 808 500 Deponunt,
836 437 1120 500 infectaque
1146 453 1286 485 sacra
1310 437 1612 500 relinquunt,

227 513 478 576 Quodque
498 513 630 569 licet,
653 513 804 561 tacito
826 522 1123 561 venerantur
1142 530 1391 569 murmure
1413 529 1612 560 numen.

228 591 494 652 Indignata
520 591 630 638 Dea
653 598 758 648 est3
800 608 1095 655 summoque
1120 591 1170 638 in
1195 591 1378 639 vertice
1405 589 1611 653 Cynthi,

227 667 433 715 Talibus
459 675 535 714 est
558 667 707 715 dictis
733 668 930 730 gemina
953 684 1067 715 cum
1093 669 1230 732 prole
1255 668 1487 730 loquuta:
1516 668 1613 713 205

229 751 260 769 “
289 745 366 792 En
391 761 484 807 ego
509 752 674 792 vestra
697 761 892 809 parens,
918 745 1057 793 vobis
1084 745 1305 792 animosa
1328 743 1525 800 creatis,

226 907 362 938 maxime
386 906 527 949 pluribus
550 906 656 938 liberis
681 907 804 949 spolier,
829 917 890 938 non

227 964 332 989 tamen
348 958 378 988 in
400 964 489 988 tanta
509 968 646 989 meorum
662 959 753 988 turba
767 957 890 1000 redigar

228 1008 268 1038 ad
298 1018 457 1039 numerum
488 1007 620 1038 duorum
648 1009 799 1045 Latonae;
827 1020 890 1048 quae

227 1068 299 1088 cum
315 1057 436 1087 duobus
454 1056 528 1093 suis,
545 1063 702 1097 quantum,
718 1067 810 1097 quam
834 1067 888 1099 pa—

226 1118 307 1143 rum,
323 1109 415 1137 distat
438 1107 474 1136 ab
497 1107 588 1136 orba?
612 1105 784 1137 Mutationi
806 1106 889 1142 huic,

227 1168 323 1198 quam
369 1166 478 1187 sensus
518 1155 730 1191 commendat,
769 1156 892 1186 accedit

228 1206 348 1248 aliquid
364 1205 558 1236 auctoritatis
571 1216 586 1236 e
603 1206 696 1236 MSS.
743 1205 774 1235 Si
789 1205 892 1248 proxi-

227 1266 280 1285 ma
289 1265 458 1289 servamuS,
469 1265 543 1285 sane
557 1261 625 1296 post
636 1257 676 1284 ite
685 1259 716 1285 et
724 1261 891 1294 properate,

226 1303 488 1344 subintelligimus
503 1303 751 1345 praepositionem
766 1316 795 1333 a.

273 1354 321 1383 Ea
341 1351 401 1383 fuit
423 1352 527 1393 opinio
550 1352 600 1382 Cl.
619 1352 727 1393 Gierig
747 1358 779 1382 et
799 1359 891 1383 caete-

227 1412 331 1432 rorum
355 1412 433 1442 quos
458 1400 646 1431 nominavit:
682 1401 714 1431 in
740 1401 798 1432 hoc
823 1401 892 1432 loco

228 1457 293 1482 tam
323 1450 441 1481 difficili
470 1450 564 1480 liceat
599 1461 721 1491 quoque
757 1457 891 1481 nostram

229 1499 478 1531 emendationem
515 1505 713 1540 nostramque
742 1500 890 1541 explana-

229 1548 346 1579 tionem
382 1548 546 1590 subjicere.
605 1548 709 1578 Primo
749 1548 892 1580 dicamus

230 1609 301 1639 quae
327 1597 367 1628 sit
395 1598 489 1628 lectio
516 1603 688 1628 nostrorum
714 1597 888 1628 Codicum:

231 1647 314 1677 Num
331 1653 429 1677 tamen
448 1649 487 1677 nd
508 1658 665 1677 numerum
688 1649 809 1688 redigar
829 1659 889 1687 spo-

231 1697 308 1727 liata
322 1697 473 1727 duorum?
519 1695 567 1726 Ite
588 1698 690 1732 sacris,
703 1708 827 1736 propere
845 1708 891 1727 sa—

229 1748 311 1783 cris,·
342 1748 519 1785 laurumque
542 1746 659 1784 capillis
685 1745 811 1776 Ponite:
841 1748 891 1777 de-

227 1802 347 1835 ponunt
376 1795 548 1837 injectaque
576 1806 661 1825 sacra
690 1797 891 1835 relinquunt,-

233 1846 376 1886 Quodque
395 1845 475 1880 licet,
494 1846 585 1875 tacito
606 1851 789 1875 venerantur
810 1857 892 1874 mur—

230 1905 317 1925 mure
339 1905 449 1924 numen
469 1893 614 1930 Latonae;
639 1895 727 1923 turba
747 1900 892 1934 quantum

230 1945 359 1974 distabat
377 1944 412 1973 ab
427 1944 508 1973 orba.
554 1943 605 1973 Ita
620 1953 723 1974 versus
738 1949 894 1974 extremus

230 1992 344 2033 legitur
363 1992 394 2022 in
411 1991 517 2023 codice
533 1993 583 2030 A;
606 1991 661 2022 sed
681 1991 777 2022 codex
796 1993 822 2022 B
838 1992 893 2023 ba-

230 2044 285 2073 bet
313 2041 422 2073 eodem
449 2042 517 2072 loco
543 2042 666 2072 Latonae
690 2044 799 2079 tnrbu‚·
832 2054 894 2082 quae

231 2099 377 2133 quantum
390 2092 480 2121 distat
497 2092 532 2121 ab
547 2091 615 2120 orba
630 2091 642 2119 ?
667 2096 796 2132 uterque
812 2091 891 2132 reje-

231 2146 275 2171 cit
291 2150 414 2170 versum
431 2146 548 2169 tantum
573 2142 716 2174 animosa,
735 2147 795 2170 etc.
810 2145 893 2170 certe

230 2190 381 2233 spurium,
403 2189 442 2220 de
466 2200 527 2230 quo
551 2188 688 2230 loquitur
704 2188 752 2219 Cl.
771 2189 892 2231 Gierig.

233 2242 312 2276 Quae
337 2238 487 2270 lectiones
510 2237 612 2269 ultimi
633 2248 738 2268 versus
758 2249 818 2268 non
839 2249 893 2280 pa-

230 2300 299 2320 rum
338 2287 513 2330 impediunt
542 2286 705 2318 sententiae
736 2294 894 2326 tenorem5

232 2349 305 2369 nam
327 2344 451 2372 caetera,
474 2347 572 2378 usque
593 2336 632 2367 ad
655 2336 737 2367 hunc
759 2347 893 2374 versum,

232 2388 324 2430 plane
339 2387 459 2424 fluunt;
483 2385 560 2416 nihil
581 2385 663 2416 enim
679 2385 814 2417 vividius
834 2385 893 2417 hac

231 2435 488 2475 interrogatione:
508 2435 630 2475 Fingite
641 2437 832 2465 demi—num
848 2442 893 2465 ta-

231 2485 487 2526 men—redigar?
532 2483 615 2522 Quid
633 2484 736 2526 aptius
752 2491 800 2515 est
815 2484 892 2515 fero>

232 2535 306 2566 ciori
317 2533 458 2576 jubentis
473 2532 595 2563 seminae
610 2533 713 2563 animo
727 2544 821 2575 quam
835 2534 895 2564 ista

234 2584 386 2615 acerbiter
401 2583 487 2614 dicta
501 2595 507 2612 :
534 2582 580 2613 Ite
594 2585 696 2619 sacris,
710 2594 832 2624 propere
847 2596 893 2613 sa-

232 2635 292 2664 cris
316 2631 495 2670 abscedite3
528 2638 561 2662 et
585 2633 717 2667 laurum,
733 2642 795 2673 qua
811 2642 892 2674 prae-

233 2682 369 2723 cingitur
381 2687 477 2723 caput
491 2687 638 2717 vestrum,
654 2683 800 2721 deponite,
832 2681 892 2712 De-

230 2738 348 2772 ponunt
372 2729 520 2772 quidem
553 2730 607 2761 sed
634 2729 752 2761 mireris
775 2736 892 2761 metum

956 907 1042 948 vulgi
1069 907 1394 949 inconstantiamque:
1430 906 1516 942 dum,
1539 905 1617 936 Nio-

957 956 1012 987 bes
1036 962 1133 992 metu,
1158 968 1243 987 sacra
1272 957 1400 986 Latonae
1428 957 1618 996 relinquunt,

956 1004 1037 1036 hanc
1055 1007 1145 1035 tacito
1166 1016 1330 1041 murmure,
1345 1007 1421 1045 quod
1439 1006 1517 1040 licet,
1532 1015 1616 1035 vene-

956 1062 1080 1086 rantur.
1104 1054 1194 1085 Nihil
1209 1054 1361 1085 hactenus
1375 1054 1457 1096 quod
1473 1064 1534 1084 non
1550 1053 1617 1084 lau-

957 1104 1086 1135 demus:
1128 1103 1183 1135 sed
1212 1103 1287 1145 quid
1323 1103 1373 1134 hic
1402 1113 1507 1134 versus
1535 1102 1616 1133 iste:

958 1153 1104 1190 Latonoe,·
1143 1155 1232 1183 turba
1257 1159 1404 1193 quantum
1429 1154 1559 1183 distabat
1581 1153 1618 1182 ab

956 1203 1037 1238 orba,
1067 1213 1161 1244 quern
1191 1201 1278 1232 nullo
1307 1201 1398 1232 modo
1423 1199 1618 1243 interpretari

958 1262 1067 1293 queas.
1082 1251 1203 1283 etiamsi
1218 1251 1314 1282 utaris
1334 1251 1436 1292 glossa
1455 1250 1619 1292 marginali

958 1312 1052 1343 quam
1079 1301 1174 1332 habet
1198 1301 1296 1332 codex
1330 1301 1410 1332 alius
1439 1299 1618 1342 antiquissi-

959 1361 1038 1386 mus,
1059 1350 1112 1392 qui
1135 1350 1266 1381 eandem
1291 1350 1408 1392 praebet
1429 1349 1616 1387 lectionem;

959 1410 996 1430 ea
1019 1411 1128 1442 nempe
1146 1407 1193 1431 est
1207 1399 1320 1441 glossa,
1335 1412 1352 1429 a
1370 1400 1457 1429 turba
1480 1401 1619 1429 orbarum

958 1456 1087 1479 matrum
1128 1456 1275 1490 quantum
1310 1451 1450 1480 distabat.
1513 1450 1620 1486 Quare

959 1498 1041 1529 hunc
1064 1509 1200 1534 versum,
1219 1498 1276 1528 hoc
1300 1498 1368 1529 loco
1390 1498 1500 1529 saltem
1523 1497 1618 1528 inuti-

958 1547 1030 1584 lem,
1041 1558 1111 1578 cum
1126 1548 1178 1578 Cl.
1193 1548 1310 1589 Giem'g‚
1321 1555 1390 1590 post
1400 1557 1522 1578 versum
1537 1547 1619 1577 Num

959 1603 1054 1628 tumen
1086 1597 1313 1638 relinquimus;
1352 1602 1393 1632 et,
1422 1597 1539 1627 turbam
1565 1607 1620 1637 pro

960 1649 1049 1677 turba
1064 1646 1244 1681 scribentes,
1255 1646 1297 1677 ita
1312 1646 1506 1688 explicamus
1519 1651 1619 1676 totum

958 1696 1062 1727 locum
1075 1708 1081 1726 ι
1110 1700 1130 1713 “
1143 1696 1228 1726 Num
1244 1695 1337 1736 igitur
1351 1695 1483 1737 spoliata
1498 1694 1620 1736 redigar

960 1745 1000 1775 ad
1016 1756 1178 1776 numerum
1191 1745 1320 1775 duoruin
1334 1745 1476 1780 filiorum,
1489 1755 1558 1785 quae
1573 1750 1622 1775 est

960 1795 1052 1825 turba
1083 1795 1235 1825 Latonae?
1285 1795 1388 1831 Quam
1416 1804 1523 1835 parum
1552 1793 1619 1824 baec

959 1843 1054 1874 distat
1064 1854 1082 1874 a
1093 1850 1190 1874 matre
1201 1843 1332 1886 spoliata
1342 1842 1405 1874 suis
1415 1841 1501 1873 filiis!
1528 1843 1619 1884 Ergo,

960 1905 1055 1935 quum
1080 1894 1200 1924 Latona
1221 1904 1347 1924 numero
1368 1892 1534 1923 liberorum
1554 1903 1620 1923 me-

951 1953 1031 1986 ·cum
1055 1953 1087 1973 se
1111 1943 1247 1973 conferre
1274 1949 1420 1984 nequeat,
1445 1942 1511 1984 ejus
1533 1953 1621 1973 sacra

960 1991 1140 2033 relinquite,
1168 1997 1200 2022 et
1226 1991 1371 2033 deponite
1395 1991 1516 2022 laurum
1545 2002 1619 2032 qua,

957 2040 1089 2082 jubente
1114 2041 1233 2076 Manto,
1250 2040 1349 2071 crines
1367 2045 1484 2071 vestros
1505 2040 1620 2071 cinxis-

962 2090 1034 2120 tis.'’
1082 2091 1253 2125 Murmure,
1283 2090 1322 2120 de
1349 2096 1495 2131 precante
1522 2089 1618 2120 etiam

959 2140 1038 2177 3273
1066 2141 1168 2176 tacito,
1188 2139 1264 2169 leni.
1312 2138 1503 2180 Compressis
1525 2138 1619 2169 labris

958 2189 1134 2219 mussitant.
1179 2189 1261 2219 Loco
1285 2188 1398 2218 citato:
1429 2189 1619 2229 pavimusu-

959 2249 1024 2269 vens
1039 2240 1122 2274 mihi,
1137 2249 1290 2268 murmure
1304 2239 1391 2272 ‹lii-it,
1407 2242 1467 2268 etc.

1003 2288 1077 2318 204,
1102 2288 1139 2317 In
1164 2287 1293 2327 Cyntho,
1317 2286 1389 2316 Deli
1409 2291 1526 2321 monte,
1552 2287 1615 2316 La-

961 2343 1034 2367 tona
1049 2336 1206 2367 colebatur
1218 2346 1286 2367 cum
1300 2335 1456 2377 Apolline.
1480 2335 1620 2366 Breviter

960 2385 1110 2427 Apollod.
1126 2385 1239 2415 liberos
1255 2385 1437 2426 παρώξυνε.
1467 2385 1617 2420 Animosa,

960 2435 1103 2476 superba.
1157 2434 1287 2464 Dubitor
1315 2434 1513 2464 Burmannus
1540 2432 1621 2462 inter

959 2484 1128 2525 singularia
1143 2483 1247 2514 refert.
1294 2482 1422 2514 Dictum
1436 2487 1471 2512 ut
1492 2484 1619 2521 imperor

961 2538 993 2563 et
1018 2533 1092 2564 alia.
1137 2533 1186 2563 De
1215 2532 1378 2562 divinitate
1408 2531 1533 2562 Latonae
1559 2541 1620 2561 non

961 2582 1158 2612 dubitaverat
1173 2581 1275 2612 Niobe
1292 2593 1299 2618 3
1325 2580 1380 2612 sed
1395 2580 1440 2610 ira
1461 2579 1539 2610 solet
1553 2589 1618 2609 ma-

960 2630 1075 2661 ledicta
1087 2630 1212 2661 alterius
1227 2640 1350 2671 augere.
1385 2631 1518 2660 Art-etur
1528 2629 1619 2673 Qeus

960 2682 1031 2716 aris,
1047 2679 1171 2721 quando
1186 2679 1254 2721 ejus
1269 2689 1356 2709 sacra
1369 2679 1400 2709 in
1418 2678 1478 2708 aiis
1490 2676 1617 2708 interdi-

961 2734 1072 2760 cuntur
1086 2740 1093 2765 ;
1112 2727 1250 2759 habitare
1266 2726 1349 2758 enim
1366 2727 1408 2758 ibi
1419 2726 1615 2758 credebatur.
