1763 3181
253 192 337 234 186

623 192 674 233 Ρ.
709 191 921 234 OVIDII
955 193 1234 236 NASONIS

249 308 408 355 Corve
432 307 632 370 loquax,
654 307 817 355 subito
841 308 1091 371 nigrantes
1117 326 1283 358 versus
1308 311 1357 357 in
1382 311 1502 358 alas.
1530 315 1625 360 535

249 384 379 431 Nam
403 383 496 430 fuit
519 384 625 431 haec
651 385 898 447 quondam
924 385 1076 434 niveis
1103 394 1340 449 argentea
1363 387 1537 451 pennis

243 461 381 517 Ales,
405 467 459 507 ut
483 468 703 523 aequaret
727 468 856 509 totas
881 462 986 510 sine
1012 463 1124 510 labe
1149 463 1434 520 columbas;

246 537 355 584 Nec
380 537 641 584 servaturis
666 537 798 600 vigili
826 538 1077 602 Capitolia
1100 556 1221 587 voce

246 613 462 661 Cederet
485 613 770 672 anseribus3
811 630 901 662 nec
927 616 1111 663 amanti
1135 617 1340 664 flumina
1363 632 1536 680 cycno.

246 690 436 752 Lingua
458 690 549 738 fuit
572 691 781 740 damno:
824 692 993 755 lingua
1016 691 1228 741 faciente
1252 693 1467 757 loquaci,
1530 696 1626 741 540

245 767 339 814 Cui
366 768 499 814 color
524 768 666 815 albus
689 776 808 825 erat,
831 786 962 817 nunc
988 778 1064 818 est
1088 772 1361 818 contrarius
1387 771 1516 818 albo.

307 844 566 891 Pulchrior
589 845 640 891 in
662 852 783 902 tota,
811 862 960 910 quam
988 846 1228 895 Larissaea
1253 848 1479 904 Coronis,

243 919 358 967 Non
390 921 480 968 fuit
504 920 792 971 Haemonia:
831 923 1020 987 placuit
1049 924 1154 980 tibi,
1180 924 1441 988 Delphice,
1469 931 1620 981 certe,

241 997 375 1045 Dum
394 998 471 1046 vel
496 1005 634 1046 casta
653 999 758 1056 fuit,
781 1001 857 1048 vel
878 1001 1213 1049 inobservata:
1253 1002 1341 1048 sed
1366 1002 1468 1049 ales

244 1075 413 1123 Sensit
437 1076 733 1123 adulterium
759 1076 1058 1135 Phoebeius3
1087 1085 1240 1142 utque
1264 1078 1501 1126 latentem
1528 1080 1624 1126 545

281 1220 355 1251 536.
379 1220 549 1262 Namsuit,
565 1222 644 1263 etc.]
671 1223 766 1252 Alites
781 1232 819 1253 ex
835 1223 896 1254 dis-

239 1269 356 1310 ciplina
371 1279 523 1311 augurum
539 1270 725 1302 dicebantur
747 1281 821 1302 aves
840 1281 896 1302 au-

238 1318 360 1359 gurales
375 1319 517 1360 majores,
529 1319 560 1350 in
576 1320 688 1360 quibus
701 1330 821 1356 corvus,
836 1322 896 1351 ales

243 1368 394 1397 Phoebeius
422 1368 506 1409 (ver.
531 1368 622 1407 545.)
649 1369 672 1399 i.
699 1379 727 1399 e.
754 1368 894 1411 Apollini

236 1427 324 1447 sacer
338 1422 370 1447 et
383 1422 501 1457 gratus,
518 1418 550 1448 in
565 1418 653 1459 cujus
667 1417 761 1448 etiam
781 1428 895 1449 corona

235 1465 394 1497 sedentem
419 1466 537 1497 nummi
558 1467 717 1498 exhibent.
763 1467 895 1499 Candidi

235 1515 329 1552 corvi,
338 1515 433 1547 etiam
444 1515 534 1546 hodie
547 1516 724 1557 frequentes
735 1516 892 1558 reperiun-

236 1571 285 1596 tur
300 1564 332 1595 in
346 1566 433 1596 terris
448 1560 624 1596 borealibus
637 1577 645 1604 3
671 1576 773 1607 neque
789 1571 893 1596 tamen

233 1614 279 1644 illi
294 1614 349 1644 toti
365 1614 483 1651 albent,
494 1613 549 1644 sed
564 1614 651 1655 nigro
665 1614 759 1645 colori
772 1614 892 1645 admix-

235 1669 300 1694 tum
323 1663 440 1694 habent
467 1663 654 1694 candidum:
679 1663 750 1694 vide
775 1663 892 1694 Mulle-

233 1723 299 1743 rum
315 1711 355 1742 ad
372 1711 481 1742 Linnei
496 1713 577 1753 Syst.
592 1713 669 1743 Nat.
683 1718 710 1742 t.
723 1711 756 1744 ii.
771 1723 804 1754 p.
822 1713 893 1743 171.

232 1761 294 1792 Sed
309 1760 394 1797 olim,
405 1771 442 1792 ex
458 1761 601 1803 opinione
616 1768 729 1804 poetae,
745 1762 811 1793 haec
827 1762 893 1793 ales

235 1817 301 1842 erat
317 1813 408 1842 niveis
427 1818 571 1852 argentea
584 1813 700 1852 pennis,
717 1811 737 1841 i.
751 1821 779 1842 e.
795 1811 892 1842 niveae

233 1872 288 1892 seu
316 1860 458 1891 candidae
486 1861 552 1902 ejus
581 1871 690 1902 pennae
717 1860 893 1891 referebant

235 1911 368 1941 colorem
384 1909 512 1951 argenti.
556 1909 618 1941 Sic.
634 1909 676 1940 iii.
689 1910 770 1940 406:
790 1912 894 1941 nitidis

235 1967 395 2002 argenteus
412 1962 510 1990 undis.

276 2010 350 2041 537.
374 2010 445 2040 Sine
460 2009 549 2050 [aba]
576 2008 647 2039 Sine
669 2008 794 2040 macula
807 2008 894 2049 nigra

235 2065 288 2090 aut
300 2061 379 2089 alius
390 2060 507 2089 coloris.
552 2057 711 2089 Schirach.
720 2057 785 2088 sine
798 2068 894 2089 causa

235 2116 309 2139 totas
323 2107 435 2139 mutari
448 2107 572 2139 volebat
586 2107 618 2138 in
634 2114 723 2138 totus.
769 2107 893 2138 Etenim

236 2165 310 2188 totas
319 2159 380 2188 sine
394 2159 468 2193 labe,
482 2167 551 2198 quae
566 2156 597 2187 in
611 2162 674 2187 toto
687 2167 813 2198 corpore
823 2157 891 2188 nul-

236 2209 297 2238 lam
324 2207 479 2238 maculam
509 2206 636 2242 habent,
667 2205 892 2247 significantius

233 2262 281 2288 est
295 2257 472 2298 conjectura
487 2256 552 2286 illa.
582 2256 632 2286 De
648 2256 799 2286 anseribus
814 2262 891 2286 tem—

231 2316 304 2348 pore
328 2304 442 2336 Manlii
467 2303 658 2346 Capitolium
686 2304 890 2340 servantibus,

232 2353 473 2386 ascendentibus
499 2352 613 2388 Gallis,
640 2364 687 2383 res
713 2360 786 2383 nota
805 2363 822 2384 e
841 2353 891 2383 Li—

234 2405 283 2435 vio
313 2415 342 2434 ν.
368 2404 419 2433 47.
465 2403 547 2433 Ilinc
580 2402 705 2433 Lucret.
735 2402 777 2432 iv.
808 2403 890 2433 687:

237 2455 465 2484 Romulidimmz
489 2454 568 2483 arcis
587 2459 730 2488 servator,
746 2454 892 2482 candidus

230 2514 327 2538 unser,
340 2512 431 2543 quem
449 2501 550 2532 locum
567 2501 681 2531 Noster
697 2500 779 2531 haud
795 2500 890 2531 dubie

232 2558 302 2583 ante
327 2550 434 2581 oculos
455 2550 574 2580 habuit.
619 2549 765 2580 Jucunde
787 2555 890 2579 autem

231 2603 285 2632 lios
300 2599 470 2631 nominavit
486 2610 539 2640 pro
554 2601 707 2629 anseribus
721 2598 752 2628 in
767 2608 891 2639 genere.

238 2652 398 2690 Loquiaerem
427 2651 560 2689 liugnam
591 2647 685 2678 etiam
714 2654 813 2689 poetae
840 2646 888 2678 hic

232 2698 420 2732 observabis,
440 2697 464 2727 si
481 2697 649 2727 attenderis
665 2696 704 2727 ad
719 2696 784 2732 illa,
801 2708 888 2737 ‹lunm

233 2750 378 2778 nitidulus
399 2754 469 2777 utile
484 2747 702 2788 *luisses—sitit
728 2747 819 2776 niveis
839 2757 888 2775 ar-

963 1230 1072 1265 gentea
1103 1224 1208 1263 pennis
1235 1223 1389 1253 ales—cui
1424 1222 1503 1252 colm·
1539 1221 1624 1252 albus

964 1279 1043 1303 erat.
1091 1272 1269 1302 contrarius
1280 1282 1335 1302 seu
1347 1271 1434 1312 niger
1450 1270 1534 1302 color
1550 1270 1623 1302 inde

964 1321 1066 1352 dictus
1078 1327 1124 1352 est
1135 1323 1282 1357 corvinus,
1293 1326 1325 1351 et
1337 1320 1433 1361 κόρον
1443 1320 1563 1351 Graecis
1577 1325 1625 1351 est

962 1369 1078 1412 μέλαν.
1124 1371 1232 1401 Burm.

1002 1420 1081 1450 542.
1118 1419 1293 1454 Pulchrior,
1324 1418 1402 1458 etc.]
1441 1415 1620 1459 Ἰμερὸεσσα

963 1469 1109 1510 Κορωνὶς
1136 1467 1250 1498 (licitur
1281 1467 1312 1497 in
1344 1466 1470 1497 oraculo
1499 1464 1622 1507 Pythiae

961 1517 1044 1559 apud
1061 1517 1264 1553 Pausaniam,
1279 1528 1312 1559 p.
1328 1517 1399 1548 171.
1445 1516 1545 1550 Quam
1560 1515 1622 1545 La-

960 1569 1058 1598 rissaea
1075 1567 1207 1598 Coronis.
1245 1567 1326 1597 Duae
1348 1566 1473 1597 suerunt
1492 1565 1620 1596 Coroni-

961 1616 1027 1653 des,
1041 1627 1176 1658 quarum
1193 1617 1291 1647 altera
1307 1616 1345 1646 ab
1357 1615 1514 1657 Apolline,
1527 1614 1626 1645 altera

962 1675 980 1696 a
995 1665 1144 1707 Neptuno
1159 1665 1219 1696 fuit
1231 1665 1387 1696 adamata.

1004 1715 1080 1745 543.
1113 1714 1279 1750 Hoemonia,
1299 1712 1461 1744 Thessalia
1482 1711 1562 1752 (vid.
1584 1712 1624 1743 ad

961 1763 981 1794 i.
997 1763 1088 1804 568.)
1104 1763 1192 1805 cujus
1207 1763 1280 1793 urbs
1294 1761 1486 1793 nobilissima
1502 1761 1623 1792 Larissa

961 1812 1001 1843 ad
1025 1813 1163 1843 Peneum
1188 1822 1322 1843 amnem.
1367 1810 1482 1841 Omnia
1506 1809 1539 1841 in
1562 1810 1620 1841 hac

960 1862 1022 1892 sab.
1035 1872 1072 1893 ex
1085 1861 1223 1892 Arcadia
1235 1861 1386 1892 translata
1397 1865 1469 1890 sunt
1484 1859 1516 1890 in
1524 1859 1622 1890 Thes-

959 1910 1082 1941 saliam.
1118 1910 1200 1942 Vide
1223 1911 1395 1941 Burmann.
1410 1908 1450 1939 ad
1466 1919 1530 1939 ver.
1548 1908 1623 1940 599.

960 1964 991 1990 et
1006 1959 1164 2000 Heynium
1186 1959 1226 1989 ad
1241 1958 1389 2000 Apollod.
1407 1957 1438 1988 d.
1454 1957 1477 1987 l.
1521 1957 1623 1993 Casta,

960 2019 1029 2050 quae
1047 2019 1107 2039 non
1122 2019 1186 2039 rem
1207 2007 1316 2039 habuit
1339 2017 1411 2038 cum
1431 2006 1491 2037 alio
1511 2012 1623 2049 praeter

961 2057 1152 2100 Apollinem.

1003 2107 1077 2137 545.
1108 2106 1205 2136 Sensit
1232 2104 1445 2145 adulterium]
1487 2104 1622 2134 Corvum

960 2155 1073 2197 Apollo
1096 2154 1256 2185 custodem
1279 2152 1441 2184 addiderat
1464 2152 1622 2189 Coronidi,

960 2214 998 2235 ne
1023 2203 1091 2245 quis
1115 2214 1183 2234 eam
1204 2203 1346 2234 violaret.
1373 2201 1491 2243 Hygin.
1534 2201 1620 2232 th-

961 2255 1040 2283 beius
1069 2255 1130 2284 ales
1139 2265 1150 2290 ,-
1188 2263 1297 2283 corvus
1326 2257 1450 2293 propter
1478 2250 1620 2292 auguria,

960 2302 1121 2337 vaticinia,
1150 2301 1316 2343 praesagia,
1344 2299 1485 2343 Apollini
1522 2309 1621 2330 sacer.

964 2351 1094 2382 Tendere
1116 2354 1185 2386 iter,
1205 2361 1335 2385 cursum,
1349 2352 1476 2391 sugam,
1493 2348 1621 2390 phrases

959 2401 1102 2431 solennes
1119 2412 1127 2438 ;
1166 2399 1459 2440 subintelligendam
1489 2408 1557 2429 esse
1587 2397 1619 2428 in

959 2449 1006 2480 his
1029 2449 1186 2491 praeposit,
1206 2460 1269 2488 per,
1292 2454 1396 2479 monet
1419 2447 1558 2477 Perizon.
1579 2446 1619 2478 ad

957 2498 1074 2529 Sanctii
1091 2498 1170 2528 Min.
1184 2498 1246 2528 ΙΙΙ.
1256 2497 1298 2527 iii.
1311 2508 1341 2538 p.
1354 2497 1429 2527 305.
1459 2496 1619 2527 Drakenb-

958 2547 998 2578 ad
1022 2547 1076 2578 sil.
1099 2558 1128 2578 x.
1148 2547 1199 2577 73.
1221 2545 1368 2587 explicat,
1389 2545 1525 2575 celerare
1549 2554 1618 2574 cur-

957 2607 1035 2627 sum.
1080 2595 1260 2627 Celeritatis
1276 2594 1359 2625 notio
1375 2594 1469 2625 etiam
1486 2593 1566 2624 inest
1585 2593 1617 2624 in

956 2648 1040 2676 motis
1054 2647 1122 2675 ulis.
1170 2645 1302 2675 Sriteticr
1319 2650 1350 2673 nt
1366 2646 1475 2679 omnia,
1493 2641 1617 2674 Gmrull

958 2695 1039 2725 enim
1055 2701 1086 2725 et
1101 2693 1210 2724 curiosi
1228 2699 1299 2723 sunt
1314 2702 1413 2722 rerum
1430 2691 1615 2721 alienarum:

955 2745 1082 2781 garrula
1099 2745 1210 2779 cornis,
1223 2740 1379 2782 λακέρυζα
1400 2740 1535 2782 κορώνη.
1552 2739 1616 2770 He-
