1729 3207
229 206 326 247 xxiv
746 193 1084 238 PRAEFATIO

228 318 478 363 termissum,
504 321 546 355 et
573 314 614 352 in
643 318 758 352 tanta
787 309 1003 357 varietate,
1031 322 1115 362 qua
1142 307 1275 360 mythi
1302 315 1422 348 erant
1446 307 1603 356 traditi,

227 396 429 437 rationem
462 392 619 446 ubique
650 390 737 431 fere
768 403 859 430 eam
889 403 981 429 esse
1012 386 1233 436 delectam,
1262 402 1358 441 quae
1382 386 1445 428 vel
1477 386 1605 440 pluri-

228 488 341 514 mum
360 478 533 513 ornatus
554 468 808 515 admitteret,
830 474 876 506 ut
900 467 1081 520 impetus
1103 465 1287 506 Althaeae
1310 466 1351 505 in
1374 465 1519 514 filium,
1541 463 1604 505 vel

228 552 383 594 decoro
422 547 802 595 commendaretur,
839 560 925 599 quo
964 545 1147 599 pertinet
1187 544 1363 584 mutatio
1403 543 1526 596 pueri
1565 543 1606 582 in

227 628 474 676 stellionem,
496 634 622 680 atque
644 623 824 678 Cephali
851 631 894 664 et
916 623 1132 664 Procridis
1161 623 1261 671 fata,
1283 622 1438 676 quibus
1467 622 1607 676 turpia

227 705 427 748 nonnulla
452 705 507 745 ab
531 702 622 744 aliis
646 708 767 743 erant
790 701 990 742 admixta.
1054 701 1196 748 Quam
1222 715 1303 756 ego
1327 699 1496 741 laudem
1523 714 1607 740 non

229 781 576 826 contemnendam
596 780 792 820 arbitror.

285 862 399 903 Tum
429 868 562 901 artem
585 858 781 899 admirari
808 856 920 906 licet,
942 872 1028 911 qua
1056 856 1302 898 foecundum
1329 863 1467 910 poetae
1495 855 1609 910 inge—

229 942 343 982 nium
371 946 434 981 tot
457 937 622 980 fabulas
650 937 692 977 in
721 937 845 977 unius
874 935 1064 989 corporis
1093 935 1276 990 speciem
1305 935 1541 989 conjunxit,
1564 942 1609 974 ut

230 1033 329 1060 vere
342 1023 588 1073 perpetuum
609 1029 778 1056 carmen
799 1014 938 1055 vocari
958 1022 1116 1068 posset.
1171 1014 1213 1054 A
1234 1014 1445 1055 creatione
1466 1012 1610 1053 mundi

229 1111 405 1140 exorsus
436 1094 637 1136 lectorem
664 1093 830 1141 sensim,
859 1100 901 1133 et
931 1106 1027 1133 cum
1057 1093 1238 1133 maxima
1265 1092 1356 1146 ejus
1377 1091 1609 1146 voluptate,

229 1175 402 1217 deducit
438 1188 514 1228 per
549 1173 731 1214 omnium
763 1170 1000 1212 seculorum
1029 1171 1179 1211 seriem
1212 1171 1266 1211 ad
1298 1185 1374 1210 sua
1404 1177 1610 1224 tempora,

230 1260 394 1296 servata
425 1259 652 1305 utcumque
684 1251 885 1305 temporis
915 1250 1091 1291 ratione.
1154 1249 1275 1291 Mille
1305 1250 1434 1304 igitur
1463 1249 1611 1289 modos

231 1332 402 1381 invenit,
425 1331 578 1385 quibus
600 1331 654 1370 ab
675 1328 756 1369 alia
775 1327 918 1370 fabula
940 1328 1137 1369 transiret
1165 1328 1220 1369 ad
1240 1326 1375 1368 aliam.
1438 1327 1547 1368 Haec
1568 1341 1612 1368 se

231 1410 372 1459 offert,
397 1410 496 1464 quia
523 1407 751 1449 similitudo
781 1408 819 1448 ei
846 1407 1040 1461 quaedam
1070 1422 1164 1448 cum
1191 1407 1410 1461 superiore
1437 1406 1614 1446 interce-

231 1489 317 1538 dit3
349 1487 433 1537 illa,
455 1488 554 1542 quia
578 1487 632 1528 ad
659 1486 853 1528 eumdem
874 1485 1085 1526 hominem
1106 1485 1300 1526 Deumve
1322 1484 1520 1538 pertinet,
1542 1489 1614 1524 aut

232 1566 332 1621 quia
358 1580 426 1607 res
449 1566 491 1605 in
516 1564 664 1605 eadem
689 1571 802 1605 terra
825 1570 946 1617 gesta
969 1570 1045 1603 est.
1108 1562 1217 1603 Mox
1242 1562 1385 1616 hymni
1406 1568 1615 1602 canuntur

231 1643 627 1699 metamorphoseon
657 1642 786 1697 pleni,
817 1657 916 1683 mox
947 1641 1143 1683 mulieres
1184 1648 1334 1682 texunt
1367 1646 1615 1695 argumenta

231 1723 429 1778 mythica.
490 1722 620 1763 Nunc
648 1722 769 1762 abest
797 1736 821 1761 a
851 1719 1163 1774 gratulantibus
1189 1727 1261 1760 aut
1290 1718 1614 1761 condolentibus

233 1817 356 1852 unus,
378 1816 503 1856 quem
525 1816 601 1842 sua
620 1801 706 1842 fata
726 1801 979 1850 retinebant,
998 1815 1095 1855 quae
1116 1800 1174 1841 sic
1195 1814 1279 1839 non
1300 1797 1406 1839 male
1427 1797 1615 1839 referun-

234 1888 323 1931 tur3
364 1895 475 1921 nunc
510 1896 534 1921 a
568 1881 679 1921 facto
712 1880 910 1934 propiore
951 1885 1171 1920 renarrant
1206 1878 1347 1932 priora
1381 1877 1424 1926 ii,
1452 1876 1531 1930 qui
1555 1877 1615 1917 rei

233 1965 365 2013 gestae
395 1958 687 1999 interfuerant.
754 1956 974 1997 Interdum
1009 1956 1230 1997 sententiae
1265 1955 1526 2009 interpositae
1561 1954 1615 1994 ad

235 2036 315 2077 alia
336 2051 411 2077 nos
433 2035 618 2085 dueunt3
650 2049 777 2089 quam
798 2042 937 2075 tamen
957 2034 1153 2088 frigidam
1177 2040 1220 2075 et
1246 2033 1450 2088 puerilem
1471 2032 1617 2073 adsec-

237 2115 437 2156 tationem
461 2113 640 2161 Quintil.
665 2113 769 2154 Inst.
792 2114 845 2153 iv·
872 2114 906 2154 1.
931 2114 999 2154 71.
1023 2113 1225 2162 nominat,
1253 2112 1349 2154 licet
1377 2127 1461 2152 non
1489 2119 1618 2166 neget

236 2193 428 2235 excusari
451 2192 652 2233 Ovidium
673 2191 938 2241 necessitate,
960 2190 1041 2232 hoc
1062 2197 1126 2231 est
1151 2189 1259 2245 lege,
1280 2205 1406 2244 quam
1426 2190 1517 2244 ipse
1538 2190 1617 2230 sibi

236 2271 553 2327 praescripserit.
607 2270 725 2311 Loco
747 2270 967 2310 sententiae
989 2283 1289 2323 nonnunquam
1311 2267 1436 2323 plura
1455 2282 1511 2309 ex
1534 2267 1616 2308 his-

237 2350 344 2392 toria
367 2355 632 2402 repetuntur,
657 2364 839 2403 quorum
865 2364 947 2403 ope
974 2363 1041 2389 res
1068 2347 1350 2389 dissimillimae
1367 2349 1530 2402 junctae
1554 2361 1619 2388 re-

236 2428 474 2483 periuntur,
500 2435 546 2467 ut
571 2425 771 2468 Herculis
801 2425 1044 2480 apotheosis
1066 2433 1108 2467 et
1137 2425 1410 2466 Galanthidis
1439 2426 1481 2466 in
1508 2440 1618 2466 mus-

238 2506 363 2548 telam
389 2506 576 2547 mutatio.
639 2505 757 2546 Raro
786 2520 921 2547 nexus
949 2505 1160 2559 reperitur
1191 2519 1339 2559 parum
1369 2502 1617 2557 probabilis,

239 2592 286 2626 ut
316 2585 357 2624 ii.
383 2584 480 2624 368.
507 2584 580 2624 ubi
616 2583 803 2638 Liguriae
838 2598 914 2625 rex
949 2584 1106 2638 reginae
1136 2583 1374 2637 AEthiopiae
1413 2582 1618 2637 sanguine

235 2663 409 2715 junctus
446 2669 588 2702 contra
625 2661 752 2702 fidem
791 2660 995 2710 traditum
1036 2668 1077 2702 et
1113 2661 1194 2700 viii.
1234 2661 1329 2701 548.
1365 2661 1407 2701 in
1441 2674 1618 2714 geogra-

240 2739 382 2792 phiam
414 2754 463 2779 eo
499 2738 669 2779 consilio
699 2748 920 2793 peccatum
955 2748 1033 2788 est,
1067 2740 1167 2781 dum
1196 2739 1369 2780 Theseo
1402 2737 1620 2792 Calydone
