1763 3181
239 189 326 232 428

558 187 608 228 P.
642 185 855 229 OVIDII
889 184 1180 235 NASONIS,
1204 185 1333 228 ETC.

243 305 357 352 Non
376 310 541 350 tamen
565 302 654 349 has
675 317 772 349 una
795 307 1070 348 memorant
1087 316 1201 348 cum
1225 315 1428 364 corpore
1444 307 1584 348 natas
1602 319 1613 357 ;

242 381 508 442 Barbaque
532 379 650 426 dum
674 379 833 425 rutilis
859 379 1028 426 aberat
1058 378 1305 425 submissa
1328 377 1547 441 capillis;

242 457 514 521 Implumes
542 455 809 518 Calaisque
833 470 971 518 puer,
999 454 1261 518 Zetesque,
1287 453 1499 502 fuerunt.
1523 455 1618 501 716

242 534 367 582 Mox
391 533 573 598 pariter
595 533 690 580 ritu
715 548 891 596 pennae
918 547 1111 596 coepere
1135 532 1389 578 volucrum

243 611 458 673 Cingere
483 617 749 672 utrumque
775 610 931 666 latus;
961 609 1144 673 pariter
1167 609 1430 656 flavescere
1456 608 1616 655 malae.

244 687 391 750 Ergo,
417 687 502 734 ubi
527 686 774 734 concessit
796 693 992 750 tempus
1017 685 1206 750 puerile
1224 687 1458 748 juventae,

241 765 441 813 Vellera
464 781 578 812 cum
603 763 791 828 Minyis
813 763 969 811 nitido
993 763 1235 811 radiantia
1256 763 1386 818 villo,

1523 765 1618 809 720

239 841 339 890 Per
362 858 496 890 mare
520 858 618 889 non
642 847 830 889 motum
854 840 1013 904 prima
1036 840 1225 904 petiere
1249 839 1431 887 carina.

281 992 355 1023 720.
389 991 496 1022 Nitida
522 991 678 1020 radiantia
704 990 786 1025 villo,
814 988 898 1020 villis

241 1041 355 1072 aureis.
409 1040 479 1070 Non
501 1046 622 1075 motum,
649 1037 718 1069 scil.
741 1038 842 1075 remis,
864 1038 897 1069 in

238 1100 300 1131 quo
315 1099 405 1120 nemo
420 1098 558 1130 unquam
572 1087 741 1128 navigavit,
757 1086 896 1128 adeoque

237 1139 388 1180 ignotum.
408 1138 512 1169 Etiam
523 1136 636 1167 Manil.
647 1138 667 1167 i.
679 1137 730 1166 76.
745 1138 897 1166 immotum

235 1195 361 1228 pontum
388 1187 486 1225 dixit3
512 1187 605 1217 Pulsa
626 1188 715 1222 vada,
730 1185 834 1216 Tibul.
849 1185 897 1216 II.

237 1249 267 1268 v.
283 1237 345 1275 34;
370 1237 462 1267 Remo
478 1246 590 1266 movere
607 1240 654 1266 est
668 1234 777 1265 Amor.
793 1234 839 1265 ΙΙ.
854 1234 897 1265 xi.

238 1289 268 1318 5.
279 1287 383 1316 Prima
391 1287 507 1316 carina.
519 1284 638 1326 Argum
646 1284 775 1326 primam
786 1294 896 1314 navem

238 1335 406 1366 fabricasse
438 1334 529 1365 multi
557 1339 656 1376 poetae
686 1332 895 1364 crediderunt.

239 1384 321 1416 Vide
337 1385 404 1416 loca
420 1385 458 1416 ab
479 1382 609 1415 Heinsio
629 1382 768 1415 laudata.
812 1382 895 1414 Hinc

964 1000 1060 1031 quum
1074 989 1287 1031 navigationes
1302 988 1507 1024 detestantur,
1522 988 1622 1020 incre-

963 1044 1039 1081 pant
1074 1038 1324 1080 Argonautarum
1365 1037 1541 1074 audaciam,
1587 1043 1622 1069 ut

963 1087 1125 1124 Phaedrus,
1147 1088 1207 1119 IV.
1231 1088 1294 1118 fab.
1318 1086 1361 1118 vi.
1384 1088 1404 1118 6
1426 1097 1515 1128 sqq.;
1545 1087 1622 1117 Ovi-

964 1137 1044 1173 dius,
1054 1138 1163 1168 Amor.
1182 1137 1226 1167 iii.
1249 1138 1279 1168 2.
1324 1137 1446 1178 Nempe
1471 1135 1537 1167 haec
1565 1135 1623 1167 fuit

963 1186 1064 1227 prima
1086 1186 1173 1217 navis
1194 1185 1318 1221 bellica,
1335 1195 1429 1226 quam
1446 1184 1549 1216 Graeci
1572 1185 1619 1216 sa-

962 1234 1142 1273 bricarunt5
1166 1234 1250 1265 Plin.
1263 1234 1317 1265 vii.
1334 1235 1375 1265 56
1390 1247 1396 1264 z
1421 1233 1527 1276 Longa
1547 1245 1621 1265 nave

962 1284 1100 1314 Jasonem
1127 1286 1258 1324 primum
1286 1285 1449 1326 navigdsse,
1478 1284 1620 1315 Philoste-

959 1334 1079 1374 phanus
1100 1341 1205 1365 auctor
1225 1341 1277 1365 est.
1311 1333 1437 1366 Confer.
1452 1333 1618 1369 Diodorus.

961 1383 1004 1414 iv.
1020 1383 1073 1413 41.
