1729 3207
200 218 284 260 102

586 217 637 258 Ρ.
671 213 888 257 OVIDII
922 212 1202 255 NASONIS

204 332 422 389 Numen,
445 339 496 380 et
520 331 763 379 auxilium
788 345 878 394 per
903 343 1071 376 sacras
1097 343 1322 390 quaerere
1348 333 1524 373 sortes.

205 410 357 458 Nulla
380 424 517 457 mora
541 415 643 466 est;
672 408 860 455 adeunt
881 406 1065 470 pariter
1087 404 1388 469 Cephisidas
1413 402 1589 458 undaS‚

205 486 276 534 Ut
295 486 515 534 nondum
539 485 773 549 liquidas,
803 484 873 532 sic
891 486 996 548 jam
1020 483 1147 531 vada
1170 489 1289 529 nota
1313 487 1558 529 secantes,

202 563 328 610 Inde
354 563 435 610 ubi
461 563 640 610 libatos
670 562 939 609 irroravere
963 561 1183 624 liquores

1497 559 1589 604 371

201 640 442 689 Vestibus
469 647 520 688 et
543 639 724 704 capiti3
766 639 973 686 flectunt
995 637 1208 699 vestigia
1233 642 1418 683 sanctae

203 716 283 765 Ad
308 717 517 765 delubra
543 716 695 764 Deae:
736 731 948 779 quorum
972 714 1171 776 fastigia
1195 712 1328 776 turpi

203 794 514 858 Squalebant
539 810 737 849 musco;
779 794 1083 856 stabantque
1110 791 1216 838 sine
1246 789 1448 852 ignibus
1474 804 1590 835 arae.

205 871 275 918 Ut
298 871 470 935 templi
495 870 705 934 tetigere
725 871 925 934 gradus,
943 868 1229 934 procumbit
1247 874 1462 930 uterque
1499 868 1595 912 375

243 1042 318 1074 368.
344 1042 405 1073 Per
427 1053 526 1073 sacras
550 1048 652 1077 sortes,
676 1051 731 1084 per
756 1052 866 1072 oracu-

202 1091 278 1123 lum.
325 1092 464 1123 Oracula
483 1092 566 1123 enim
590 1091 663 1122 olim
686 1102 740 1133 per
763 1097 865 1127 sortes,

205 1140 345 1182 ψήφους,
364 1141 466 1183 θριὰς,
487 1140 678 1171 edebantur:
705 1140 772 1171 Cic.
790 1139 867 1171 Div.

202 1189 236 1221 ii.
257 1190 424 1221 33.Schol.
440 1190 567 1222 Callim.
583 1189 622 1220 ad
635 1189 666 1219 h.
680 1188 789 1231 Apoll.
802 1189 853 1220 45.

249 1239 322 1270 369.
357 1239 555 1280 Cephisidas]
587 1237 742 1281 Cephisus
771 1238 871 1268 Lilaea

201 1289 357 1331 profluens
372 1288 545 1319 Phocidem
564 1294 595 1319 et
619 1287 777 1318 Boeotiam
799 1286 865 1317 irri-

199 1343 264 1379 gat.
302 1338 438 1370 Pausan.
457 1338 554 1368 Phoc.
569 1349 603 1380 p.
619 1338 692 1368 882.
732 1337 784 1367 Ab
801 1337 866 1366 Ho-

199 1397 284 1417 mero
308 1387 341 1418 h.
366 1387 474 1429 Apoll.
501 1388 575 1417 240.
599 1392 726 1417 vocatur
752 1386 865 1417 καλλι-

198 1435 336 1478 ρέεθρος,
354 1437 393 1466 ob
409 1446 523 1477 aquam
538 1435 713 1477 limpidam.

243 1485 319 1516 370.
344 1485 488 1516 Nomium
504 1484 659 1525 liquidas]
687 1483 861 1526 Limpidus,

198 1539 275 1570 erat,
290 1534 424 1565 multum
447 1533 549 1564 adhuc
570 1533 637 1564 limi
658 1543 764 1564 secum
786 1533 864 1564 fere-

198 1583 272 1622 bat;
295 1583 350 1614 sed
365 1588 471 1614 tamen
477 1585 547 1623 jam
562 1584 640 1613 vada
654 1589 724 1612 nota
738 1583 864 1619 secabat,

199 1632 322 1664 alveum
337 1643 427 1664 suum
443 1643 547 1663 rursus
569 1632 772 1673 sequebatur.
823 1631 865 1663 Ut

198 1684 284 1713 ——sic
295 1687 380 1712 amat
390 1682 504 1713 Noster
514 1692 579 1724 pro,
589 1682 808 1722 quidem—sed:
824 1681 865 1712 cf.

199 1741 262 1761 ver.
288 1732 362 1762 404.
402 1730 466 1761 xiv.
492 1731 566 1761 509.
616 1730 742 1765 Vadam,
765 1730 865 1761 omnis

200 1779 297 1815 locus,
322 1790 376 1822 per
401 1790 495 1821 quem
521 1790 603 1821 aqua
630 1779 727 1815 vadit,
755 1784 809 1810 aut
834 1779 865 1810 in

200 1839 262 1870 quo
279 1840 362 1871 aqua
374 1829 561 1865 continetur,
575 1829 654 1864 sons,
665 1835 791 1870 puteus,
805 1829 864 1860 flu-

199 1879 279 1916 vius,
294 1889 390 1915 mare,
406 1885 470 1914 aut,
491 1885 527 1909 ut
547 1879 581 1909 h.
602 1878 624 1908 l.
641 1878 769 1909 alveus:
796 1878 866 1909 vide

201 1927 340 1958 Gronov.
355 1928 485 1959 Observ.
508 1927 528 1958 i.
553 1928 604 1958 19.
649 1927 797 1960 Secantes.
819 1938 866 1958 se-

199 1982 349 2018 quentes:
382 1987 480 2007 secare
503 1979 596 2012 riam,
621 1975 749 2018 τέμνειν
776 1975 865 2012 ὁδὸν,

201 2025 310 2067 ἀέρας,
325 2025 513 2060 θάλασσαν,
539 2026 681 2056 solennes
706 2030 866 2067 poetarum

200 2074 381 2110 locutiones,
394 2074 575 2116 metaphora
586 2075 624 2105 ab
641 2080 740 2105 aratro
755 2075 866 2115 petita.

204 2124 295 2161 Nota,
312 2130 461 2155 consueta
473 2136 478 2153 :
504 2130 574 2154 nota
587 2123 743 2159 dicuntur,
753 2123 785 2154 in
797 2123 866 2165 qui-

200 2173 260 2203 bus
282 2173 361 2203 solet
385 2172 499 2213 aliquis
516 2172 643 2207 versari,
661 2183 782 2203 currere
806 2178 866 2204 etc.

199 2219 280 2252 infra
295 2221 339 2252 iii.
355 2222 430 2256 239,
442 2224 612 2263 vtotajirga.
658 2222 814 2252 Caeterum
826 2222 865 2252 ad

201 2270 258 2301 hoc
274 2270 389 2301 flumen
403 2269 476 2300 olim
497 2276 564 2301 erat
578 2270 738 2301 Themidis
757 2280 866 2301 oracu-

204 2319 291 2350 lum:
327 2318 410 2349 Plin.
437 2319 478 2349 H.
505 2319 547 2349 N.
574 2319 659 2349 xxxi.
687 2319 737 2349 11.
782 2319 865 2350 Hinc

201 2378 284 2409 aqua
297 2367 578 2409 Cephisijatidica,
593 2368 711 2399 Lucan.
725 2367 769 2398 iii.
784 2369 856 2399 175.

243 2417 316 2448 371.
343 2416 419 2447 Inde
442 2418 493 2446 ubi
514 2417 644 2457 libatos]
672 2417 745 2447 Non
766 2417 865 2448 solum

197 2475 285 2497 sacra
310 2464 421 2496 facturi
444 2465 529 2505 (Liv.
549 2466 570 2496 i.
595 2467 670 2503 45‚)
691 2465 747 2496 sed
771 2466 865 2497 etiam

198 2514 350 2556 templum
386 2513 551 2555 ingressuri
586 2514 789 2556 (Hippocrat.
826 2515 866 2546 de

200 2563 312 2594 Morbo
327 2573 426 2599 sacru,
445 2573 514 2606 cap.
528 2563 569 2594 iv.
581 2575 611 2605 p.
625 2564 718 2599 329,)
735 2563 865 2595 lustrare

198 2622 242 2649 se,
253 2611 526 2654 περιρῤαἰνεσθαι,
539 2613 691 2649 solebant,
703 2623 741 2643 ne
753 2612 865 2654 impuri

198 2661 386 2692 accederent
399 2661 439 2692 ad
455 2661 551 2692 Deos.
583 2661 663 2692 Fieri
678 2667 782 2692 autem
799 2661 865 2692 haec

195 2709 339 2741 lustratio
359 2711 481 2741 solebat
502 2721 574 2741 cum
597 2709 667 2741 aliis
680 2711 783 2747 rebus,
800 2716 864 2742 tum

199 2769 294 2800 aqua.
307 2770 378 2800 quae
395 2771 441 2791 ros
453 2766 483 2790 et
500 2759 612 2802 δρόσος
625 2759 715 2797 (vide
728 2760 864 2791 Valken.

933 1041 973 1072 ad
998 1039 1107 1082 Eurip.
1132 1039 1229 1081 Hipp.
1252 1049 1283 1080 p.
1310 1037 1398 1077 180.)
1423 1036 1596 1074 dicebatur,

934 1091 966 1122 in
978 1090 1085 1133 primis
1098 1099 1182 1130 aqua
1192 1088 1264 1119 viva
1278 1087 1346 1118 scil.
1360 1086 1479 1118 fluviali
1490 1088 1598 1130 (Virg.

936 1138 1066 1171 AEneid.
1082 1139 1114 1169 ii.
1132 1138 1205 1169 719.
1236 1137 1277 1168 iv.
1294 1136 1385 1176 635.)
1407 1137 1481 1178 quia
1502 1137 1596 1168 fonti-

934 1189 993 1220 bus
1008 1195 1039 1220 et
1055 1188 1155 1219 fluviis
1170 1187 1321 1218 sanctitas
1337 1185 1482 1228 quaedam
1497 1186 1599 1218 inesse

935 1238 1130 1270 credebatur.
1176 1237 1290 1278 Neque
1305 1246 1378 1266 vero
1399 1245 1510 1267 manus
1529 1241 1599 1267 tan-

937 1293 1003 1318 tum
1016 1287 1166 1318 lavabant
1177 1287 1278 1328 (Fast.
1288 1285 1331 1316 iv.
1346 1285 1440 1324 777.)
1452 1291 1483 1316 et
1496 1293 1599 1326 caput,

937 1337 1034 1379 (infra
1051 1337 1106 1367 vii.
1124 1335 1215 1374 189.)
1229 1335 1283 1366 sed
1301 1334 1395 1366 etiam
1408 1342 1516 1366 vestes.-
1533 1336 1599 1367 Ho-

934 1396 1012 1417 mer.
1031 1386 1093 1417 Od.
1105 1389 1143 1421 Δ,
1159 1385 1232 1420 759,
1249 1390 1281 1415 et
1293 1383 1398 1415 Tibul.
1414 1384 1458 1415 ΙΙ.
1474 1385 1564 1426 Eleg.
1578 1385 1599 1416 i.

938 1436 986 1466 13.
1016 1446 1095 1476 pura
1117 1446 1185 1465 cum
1209 1440 1286 1464 veste
1309 1435 1415 1464 venito.
1462 1434 1596 1471 Libatos,

933 1495 1028 1515 manu
1052 1483 1162 1515 leviter
1186 1483 1323 1514 haustos.
1346 1483 1437 1523 Vir-g.
1458 1484 1535 1514 AEn.
1556 1484 1598 1515 vi.

934 1535 1008 1565 230.
1020 1545 1086 1564 rore
1103 1535 1158 1564 levi
1174 1543 1315 1575 spargens
1328 1534 1426 1563 socios.

975 1583 1052 1614 373.
1077 1584 1125 1614 Ad
1141 1581 1295 1622 delubra]
1321 1580 1460 1623 Templis
1476 1583 1596 1624 magni-

932 1631 1065 1663 ficentiae
1088 1642 1185 1663 causa
1202 1631 1399 1662 addebantur
1411 1631 1548 1672 fastigia
1568 1639 1600 1664 et

930 1684 1057 1724 gradus.
1101 1682 1152 1712 De
1171 1682 1324 1723 fastigiis,
1351 1679 1416 1711 vid.
1441 1681 1480 1712 ad
1509 1680 1541 1713 ii.
1566 1684 1598 1714 3.

933 1730 1083 1762 Exornari
1099 1730 1268 1762 admodum
1285 1729 1440 1760 solebant.

976 1781 1050 1811 374.
1065 1780 1246 1821 Squalebant
1258 1779 1383 1819 musca]
1409 1779 1599 1821 Intelligitur

935 1835 1040 1861 autem
1065 1840 1183 1861 muscus
1208 1831 1354 1865 marinus,
1374 1828 1474 1865 fucus,
1493 1829 1599 1871 βρύον

935 1878 1117 1910 Θαλάσσιον
1129 1892 1135 1909 :
1154 1879 1217 1909 vid.
1230 1878 1380 1909 Brodaeus
1390 1878 1430 1909 ad
1442 1879 1599 1921 Theophr.

935 1929 1040 1959 Plant.
1055 1940 1086 1970 p.
1103 1929 1176 1959 411.
1189 1928 1300 1959 Senec.
1314 1928 1388 1969 Hip.
1402 1928 1480 1958 1041
1494 1941 1500 1958 ε
1518 1929 1598 1960 tauri

935 1987 951 2008 e
968 1977 1044 2008 mari
1064 1976 1244 2019 prodeuntis
1260 1982 1370 2018 pectus
1386 1988 1483 2007 musco
1499 1980 1598 2008 tenaci

934 2028 1020 2057 viret.
1079 2026 1230 2066 Squalere,
1265 2025 1389 2056 omnino
1425 2025 1597 2057 obductum

934 2086 1021 2106 esse:
1059 2075 1148 2116 Virg.
1178 2075 1293 2116 Georg.
1322 2074 1363 2105 iv.
1392 2075 1445 2105 91.
1473 2078 1599 2107 macule

932 2126 1100 2165 squalentes
1144 2135 1231 2154 auro.
1287 2123 1349 2154 Sed
1386 2124 1517 2155 Gesner.
1559 2125 1598 2156 ad

934 2173 1066 2211 Quintil.
1083 2174 1111 2204 I.
1136 2173 1168 2204 ii.
1189 2175 1237 2205 18.
1258 2172 1399 2204 defendit
1425 2174 1598 2210 Pallebant.

933 2224 1008 2264 quia
1021 2224 1134 2263 pallere
1149 2222 1384 2254 reconditiorem
1397 2223 1598 2264 significatio-

935 2282 1005 2303 nem
1036 2272 1141 2308 habet,
1166 2277 1201 2302 ut
1230 2272 1322 2303 situm
1352 2271 1480 2309 indicet,
1505 2284 1597 2314 quem

932 2331 1060 2362 corpora
1083 2320 1270 2352 contrahunt
1295 2331 1314 2351 a
1337 2321 1454 2362 quiete,
1470 2321 1598 2353 humore

932 2369 1075 2401 admisso.
1106 2371 1180 2401 Non
1196 2370 1296 2409 male3
1319 2371 1489 2412 praesertim
1501 2382 1597 2413 quum

932 2424 976 2449 tot
990 2419 1092 2450 Codd.
1108 2419 1275 2450 auctoritas
1291 2419 1433 2450 accedat.

976 2468 1049 2498 375.
1077 2468 1211 2510 Tetigere
1233 2467 1377 2510 gradus-J
1403 2469 1477 2500 Jam
1500 2480 1597 2510 quum

932 2516 1046 2557 templa
1060 2517 1243 2558 plerumque
1255 2516 1287 2547 in
1297 2517 1366 2548 loco
1379 2517 1596 2560 εάἰῑο,κρηπι’-

931 2564 1019 2606 δωμα
1035 2565 1132 2601 dicto,
1152 2566 1390 2603 aedificarentur,
1408 2578 1470 2609 quo
1485 2567 1597 2600 melius

933 2614 1070 2656 conspici
1091 2622 1227 2658 possent,
1243 2617 1359 2658 gradus
1373 2615 1468 2647 etiam
1484 2616 1521 2647 iis
1540 2617 1595 2648 ad—

933 2663 1097 2701 debantur,
1114 2665 1167 2706 qui
1183 2665 1231 2697 vel
1245 2671 1345 2697 totum
1361 2666 1510 2708 templum
1527 2675 1594 2696 am-

933 2711 1071 2749 biebant,
1091 2713 1141 2744 vel
1159 2713 1265 2755 januis
1286 2714 1358 2745 solis
1378 2714 1596 2752 adhaerebant;

932 2762 964 2792 in
981 2761 1080 2803 iisque
1104 2763 1211 2794 sedere
1232 2763 1321 2804 plebs
1343 2763 1478 2795 solebat.
1515 2763 1596 2794 Vide
