1729 3207
563 466 1057 521 PRAEFATIO

167 627 266 674 DE
315 627 584 676 OPERE
635 629 1455 693 METAMORPHOSEON,

332 785 601 824 AUCTORE
631 785 827 824 GoTTL.
859 785 1037 824 ERDM.
1069 784 1282 824 GIERIG.

682 941 941 974 4-

125 1082 265 1143 RES
288 1102 669 1157 antiquissimorum
691 1102 943 1144 Graecorum
964 1102 1095 1143 ferme
1117 1116 1275 1152 omneS,
1291 1102 1506 1144 civitatum

122 1179 319 1235 origineS,
341 1180 428 1221 fata
449 1188 491 1222 et
513 1180 624 1223 facta
643 1180 837 1232 heroum,
857 1181 1135 1236 Deorumque
1156 1181 1397 1237 religiones,
1412 1182 1507 1237 phi-

120 1257 412 1313 losophemata
438 1259 579 1308 etiam,
602 1274 748 1314 quum,
770 1266 818 1300 ut
843 1259 886 1300 in
910 1260 1006 1301 rudi
1030 1266 1157 1315 gente
1182 1266 1225 1302 et
1248 1260 1290 1300 in
1315 1275 1507 1302 sermone

122 1337 306 1387 nondum
327 1335 512 1386 exculto,
521 1337 692 1392 fabulis
711 1344 852 1379 essent
873 1337 1086 1387 involutae,
1103 1338 1226 1393 primi
1245 1345 1402 1394 poetae,
1418 1339 1507 1393 jam

121 1423 218 1458 ante
242 1416 479 1458 Homerum
505 1423 549 1458 et
574 1416 829 1467 Hesiodum,
855 1417 904 1458 iis
928 1417 1043 1459 varie
1072 1418 1305 1459 tractandis
1337 1417 1508 1473 ingenia

119 1503 426 1547 exercuerunt3
468 1497 707 1552 horumque
738 1497 917 1552 vestigia
948 1504 1196 1552 presserunt
1230 1504 1314 1538 tam
1351 1497 1507 1551 quibus

119 1582 269 1630 postea
295 1575 546 1631 theogonias
574 1583 704 1631 atque
732 1576 1023 1630 cosmogonias
1051 1589 1306 1630 componere
1330 1574 1505 1630 placuit,

118 1669 243 1709 quam
263 1655 337 1709 qui
358 1654 517 1709 Cyclici
530 1654 633 1695 dicti
654 1661 765 1695 sunt.
819 1653 963 1708 Lyrici
979 1654 1105 1695 etiam
1120 1653 1299 1708 hymnos
1319 1654 1362 1694 in
1384 1653 1505 1695 Deos

119 1731 350 1787 laudesque
380 1732 558 1774 heroum
582 1732 736 1773 fabulis
767 1740 1043 1781 exornarunt,
1069 1739 1111 1773 et
1135 1732 1311 1788 Tragici
1341 1732 1506 1774 drama-

119 1818 207 1852 tum
227 1826 398 1852 suorum
418 1818 668 1866 argumenta
684 1811 783 1852 inde
802 1811 1068 1866 repetierunt
1090 1811 1295 1852 certatim.
1347 1811 1505 1866 Neque

119 1896 338 1944 poetarum
360 1889 539 1945 ingeniis
566 1888 664 1931 solis
690 1888 829 1944 ampla
857 1889 928 1931 illa
945 1890 1120 1931 materia
1141 1896 1205 1930 est
1227 1888 1396 1939 relicta3
1429 1890 1505 1931 sed

118 1975 214 2009 ante
247 1975 289 2010 et
316 1968 428 2009 circa
456 1967 567 2009 bella
594 1982 690 2010 cum
719 1968 860 2010 Persis
890 1975 1010 2024 gesta
1041 1968 1311 2017 exstiterunt,
1340 1968 1427 2022 qui,
1458 1975 1505 2009 ut

119 2047 256 2101 gentis
284 2062 371 2088 suae
396 2047 578 2101 origines
603 2048 851 2097 conderent,
879 2048 1044 2089 fabulas
1073 2048 1179 2098 illas,
1206 2047 1352 2103 quales
1384 2056 1504 2089 erant

119 2140 144 2166 a
162 2126 391 2180 majoribus
412 2126 593 2175 traditae,
615 2125 897 2168 voluminibus
919 2126 1327 2182 complecterentur3
1349 2127 1392 2167 in
1413 2127 1503 2181 qui-

120 2206 198 2247 bus
228 2205 501 2255 Pherecides,
537 2205 764 2247 Acusilaus
793 2207 993 2260 Argivus,
1028 2205 1260 2247 Hecataeus
1294 2204 1502 2255 Milesius,

119 2291 161 2325 et
192 2283 439 2325 Hellanicus
474 2284 775 2326 inclaruerunt.
845 2284 963 2325 Illam
991 2299 1091 2326 vero
1126 2283 1363 2325 fabularum
1398 2285 1503 2325 anti-

118 2364 258 2417 quitus
296 2363 545 2404 traditarum
584 2364 851 2418 farraginem,
889 2379 974 2418 qua
1020 2372 1108 2404 tum
1153 2363 1286 2404 omnis
1326 2362 1504 2403 historia

120 2441 275 2483 Graeca
304 2443 612 2492 continebatur,
642 2458 720 2484 nec
749 2443 895 2484 seriori
927 2449 1116 2496 tempore
1144 2442 1406 2495 abjecerunt,
1428 2441 1502 2494 qui

120 2535 258 2561 rerum
285 2536 310 2561 a
341 2521 479 2575 gentis
514 2536 600 2561 suae
637 2521 880 2562 auctoribus
910 2527 1125 2575 gestarum
1157 2519 1368 2560 memoriae
1404 2532 1501 2560 eon-

121 2597 256 2640 sulere
278 2598 514 2639 voluerunt.
567 2598 655 2639 Tot
686 2600 814 2653 igitur
843 2600 1097 2653 scriptorum
1126 2598 1274 2638 studiis
1306 2597 1375 2637 illa
1407 2598 1499 2652 ipsa

122 2675 288 2730 farrago
309 2677 420 2718 facta
448 2685 511 2718 est
538 2692 636 2731 pars
666 2692 750 2718 non
778 2678 935 2732 exigua
963 2677 1211 2718 cruditionis
1233 2676 1499 2725 Graecorum,

121 2767 204 2806 qua
234 2755 388 2808 passim
417 2770 558 2796 omnes
594 2771 728 2810 prope
757 2757 999 2810 scriptores,
1030 2755 1289 2810 philosophi,
1317 2754 1496 2808 physici,
