1729 3207
401 189 1020 234 METAMORPHOSEON
1054 189 1173 230 LIB.
1207 189 1244 229 Ι.

1432 189 1515 230 135

130 307 330 355 Pellicis
355 306 619 369 Argolicae,
647 305 976 367 stimulosque
995 304 1043 350 in
1070 311 1271 367 pectore
1295 319 1453 351 caecos

131 384 384 439 Condidit,
411 390 462 430 et
485 383 744 447 profugam
770 397 859 445 per
882 388 1042 428 totum
1068 380 1242 427 terruit
1261 381 1448 428 orbem.

132 460 349 507 Ultimus
374 460 615 507 immenso
640 459 882 514 restabas,
912 457 1043 513 Nile,
1071 457 1256 505 labori:

129 537 291 592 Quem
316 537 463 584 simul
488 554 545 584 ac
570 535 749 599 tetigit,
772 535 1048 600 positisque
1074 535 1123 582 in
1148 535 1368 597 margine
1394 535 1512 598 ripae

128 614 403 662 Procubuit
426 615 652 677 genibus,
678 613 1014 679 resupinoque
1041 613 1195 660 ardua
1216 613 1359 668 collo,
1419 615 1514 659 730

130 691 266 746 Quos
292 691 470 755 potuit,
499 692 630 738 solos
656 691 837 738 tollens
863 690 926 738 ad
950 690 1114 737 sidera
1136 690 1316 745 vultus,

129 769 193 816 Et
217 769 422 832 gemitu,
449 776 499 816 et
522 768 753 824 lacrimis,
780 775 830 815 et
854 767 1098 815 luctisono
1123 766 1315 829 mugitu

129 847 258 893 Cum
277 846 400 895 Jove
420 847 525 894 visa
544 847 683 910 queri
703 854 794 901 est,
817 846 1069 909 finemque
1094 861 1232 893 orare
1258 845 1513 892 malorum.

129 924 369 987 Conjugis
394 924 476 972 ille
501 941 603 972 suae
628 925 921 988 complexus
948 924 1077 970 colla
1100 922 1314 977 lacertis,

1419 924 1512 968 734

130 1001 291 1048 Finiat
313 1009 369 1048 ut
392 1018 564 1065 poenas
592 1002 812 1055 tandem,
842 1008 1008 1063 rogat3
1054 1006 1084 1023 “
1113 999 1273 1062 Inque
1299 999 1517 1045 futurum

129 1078 268 1127 Pone
293 1086 472 1135 metus,
499 1080 675 1143 inquit,
704 1094 959 1141 nunquam
986 1077 1076 1124 tibi
1102 1092 1254 1124 causa
1278 1076 1461 1122 doloris

132 1155 254 1203 Haec
281 1157 373 1204 erit
393 1157 438 1205 :''
474 1165 525 1204 et
553 1157 754 1221 Stygias
775 1157 922 1219 jubet
946 1156 1040 1202 hoc
1063 1154 1232 1202 audire
1259 1153 1482 1217 paludes.

132 1232 200 1280 Ut
223 1234 376 1281 lenita
406 1234 515 1281 Dea
539 1242 630 1291 est,
657 1235 821 1281 vultus
848 1233 982 1297 capit
1006 1233 1089 1279 illa
1113 1232 1300 1295 priores
1320 1249 1330 1288 3

131 1309 325 1374 Fitque,
353 1313 486 1375 quod
513 1320 627 1360 aute
652 1311 742 1359 fuit
764 1330 772 1360 :
802 1311 996 1374 fugiunt
1022 1328 1047 1358 e
1074 1325 1278 1373 corpore
1304 1315 1423 1355 setae
1449 1325 1458 1356 :

131 1387 331 1437 Cornua
354 1390 682 1438 decrescunt:
712 1390 766 1437 fit
791 1389 989 1437 luminis
1016 1387 1195 1435 arctior
1220 1386 1379 1433 orbis:
1421 1387 1517 1432 740

131 1465 454 1515 Contrahitur
469 1469 621 1515 rictus
641 1485 649 1514 :
679 1468 888 1514 redeunt
903 1465 1197 1527 humerique
1216 1479 1515 1526 manusque3

130 1610 261 1642 tervalla
275 1612 398 1653 objecta
412 1612 462 1643 sit.
497 1614 537 1643 Et
552 1612 656 1643 Schol.
674 1612 713 1643 ad
731 1624 793 1643 ver.

131 1660 207 1691 563.
223 1660 328 1698 tradit,
345 1661 432 1692 illam
453 1662 595 1692 umbram
616 1662 673 1692 sub
690 1662 793 1703 specie

131 1709 216 1739 canis
231 1710 375 1742 terruisse
385 1712 566 1754 juvencam.
598 1712 643 1753 H)
651 1711 793 1753 gin.jbr—

132 1760 271 1789 midinem
295 1766 455 1796 memorat,
479 1770 573 1801 quam
600 1759 699 1790 Furiae
724 1760 793 1801 inji-

131 1813 228 1838 ciunt.

175 1857 246 1888 726.
273 1858 396 1889 Pellicis
407 1858 582 1900 Argolicae]
614 1858 715 1888 Pellei
731 1859 791 1888 Ar-

129 1908 239 1948 golica,
256 1907 301 1944 Io,
317 1918 387 1949 quae
406 1908 499 1950 Argis
519 1907 650 1939 oriunda
670 1907 792 1948 pellicis

133 1955 214 1986 vices
237 1957 422 1998 praestiterat
449 1958 542 1989 Jovi:
568 1957 638 1987 vide
658 1957 792 1988 Valken.

133 2005 173 2035 ad
197 2006 302 2047 Eurip.
333 2007 431 2049 Hipp.
454 2018 518 2038 ver.
544 2008 639 2037 1303.
687 2007 791 2042 Caecos,

132 2055 281 2086 occultos.
330 2056 448 2086 Tei-reri
472 2063 503 2087 et
525 2056 702 2098 φοβεῖσθαι,
723 2066 789 2097 pro-

133 2104 196 2145 prie
215 2104 372 2142 dicuntur,
389 2105 442 2146 qui
463 2116 482 2136 a
500 2105 601 2136 Furiis
621 2104 790 2146 corripiun-

132 2158 192 2189 tur,
220 2160 274 2184 aut
297 2154 396 2185 furore
420 2155 567 2196 rabieque
593 2153 789 2184 excitantur:

135 2202 196 2233 vid.
218 2203 321 2245 Heyn.
345 2204 384 2235 ail
407 2204 588 2246 Virgilium,
615 2203 729 2245 Georg.
750 2203 794 2234 iii.

135 2252 207 2282 434.

178 2302 250 2333 728.
276 2303 396 2338 Labori,
411 2303 580 2334 laboribus.
606 2303 656 2333 De
672 2303 708 2332 iis
724 2301 795 2334 vide

136 2349 281 2392 Apollod.
293 2357 325 2382 et
339 2352 437 2382 multo
451 2351 551 2391 magis
566 2351 709 2392 AEschyl.
723 2351 795 2382 inde

137 2409 155 2429 a
176 2411 238 2430 ver.
259 2401 331 2431 713.
348 2400 460 2442 quibus
481 2401 561 2432 adde
576 2400 713 2431 Schutzii
733 2401 794 2431 Ex-

136 2458 216 2480 curs.
229 2449 271 2479 iv.
315 2449 364 2480 Ibi
377 2460 500 2491 quoque
517 2450 609 2480 Nilus
623 2449 692 2480 finis
712 2460 793 2480 erro-

137 2506 220 2535 rum3
241 2497 295 2528 ubi
310 2498 392 2528 enim
405 2509 442 2529 ex
458 2498 621 2540 AEthiopia
632 2498 794 2529 Canobum

139 2546 232 2583 venit,
255 2547 385 2588 pristina
408 2547 506 2578 forma
529 2547 558 2578 ei
580 2547 727 2578 redditur.
764 2547 793 2577 A

140 2594 340 2627 Phoenicibus
353 2602 472 2639 raptam
483 2608 521 2627 ex
533 2595 626 2638 Argis
639 2597 673 2627 Io
688 2597 795 2627 scribit

140 2644 322 2682 Herodotus,
342 2647 373 2677 in
396 2646 477 2682 Clio,
500 2657 553 2688 per
574 2646 696 2676 initium
714 2645 794 2681 libri,

142 2699 173 2723 et
200 2695 239 2724 ab
265 2695 302 2726 iis
329 2695 361 2726 in
389 2697 560 2737 rEgyptum
591 2696 797 2736 deportatam.

141 2741 189 2773 Ibi
206 2744 302 2780 aiunt,
315 2756 410 2786 quum
429 2745 593 2786 Aigyptios
608 2745 706 2774 multa
721 2754 797 2774 nova

862 1612 987 1642 inventa
1027 1609 1195 1645 docuisset,
1234 1609 1297 1650 Api
1333 1608 1398 1650 regi
1441 1619 1519 1651 nup-

862 1671 948 1691 sisse.

906 1710 978 1741 730.
1004 1709 1118 1739 Ponere
1144 1720 1227 1750 genu
1251 1707 1371 1750 phrasis
1399 1707 1525 1750 propria

861 1764 893 1789 et
909 1758 1056 1799 elegans:
1081 1758 1145 1788 vid.
1166 1756 1329 1787 Heinsiuiu
1351 1756 1389 1786 ad
1410 1756 1525 1788 Claud.

859 1808 901 1839 vi.
931 1808 1023 1838 Cous.
1054 1808 1172 1838 Houor.
1205 1807 1255 1836 71.
1294 1806 1343 1836 Cf.
1373 1804 1522 1837 Heroidd.

860 1857 924 1887 xiv‘.
939 1858 1008 1887 107.
1043 1858 1161 1892 Ardua,
1177 1856 1209 1885 in
1225 1854 1356 1885 sublime
1369 1859 1524 1895 spectanS.

863 1906 948 1947 Virg.
974 1905 1101 1936 AEneid.
1128 1917 1158 1935 v.
1190 1905 1268 1934 278:
1296 1904 1381 1933 Colla
1409 1906 1525 1934 arduus

858 1957 1009 1987 attollens.
1057 1955 1221 1996 Supplices
1256 1953 1385 1983 brachia
1425 1952 1526 1984 solent

859 2005 987 2037 tendere
1005 2017 1011 2043 ς
1037 2005 1092 2035 sed
1108 2003 1236 2035 brachia
1253 2014 1312 2033 nou
1330 2003 1464 2033 habebat
1476 2003 1523 2038 Io,

858 2058 930 2086 solos
950 2055 1054 2096 igitur,
1074 2065 1152 2095 quos
1168 2053 1278 2095 potuit,
1297 2052 1401 2082 vultus
1421 2052 1461 2082 ad
1480 2051 1521 2082 si-

858 2104 933 2135 dera
961 2103 1096 2135 sustulit.
1141 2102 1302 2137 Similiter,
1333 2102 1465 2131 Metam.
1494 2101 1526 2133 ii.

860 2155 943 2184 487:
979 2154 1206 2193 Qualescuuque
1232 2162 1337 2181 numius
1358 2152 1397 2181 ad
1421 2151 1527 2181 coslum

861 2204 952 2234 tollit.
989 2203 1076 2243 Virg.
1100 2203 1174 2232 AEn.
1196 2201 1228 2232 ii.
1250 2202 1331 2231 405:
1356 2201 1404 2230 Ad
1420 2201 1525 2231 coelum

862 2254 984 2283 tendens
1003 2253 1142 2282 ardentia
1162 2251 1433 2291 luminafrustra,·
1458 2249 1523 2280 Lu-

863 2304 954 2337 mina,
984 2313 1053 2331 num
1084 2307 1200 2330 teneras
1233 2300 1373 2329 arcebunt
1403 2300 1527 2329 vincula

861 2352 985 2391 palmas.
1033 2350 1224 2384 Luctisanus,
1259 2348 1385 2378 imitans
1416 2358 1524 2378 vocem

863 2400 1037 2441 lugubrem,
1054 2398 1130 2428 forte
1147 2399 1186 2428 ab
1203 2397 1318 2428 Ovidio
1333 2396 1503 2437 signatum.

907 2449 982 2478 738.
1012 2447 1128 2481 Vultus,
1144 2446 1287 2477 formam.
1334 2446 1418 2475 Seloe.
1452 2443 1525 2475 Yir-

861 2497 915 2539 gil.
930 2499 1004 2527 AEn.
1022 2496 1075 2526 vii.
1091 2496 1172 2526 790:
1200 2494 1232 2525 Ia
1249 2498 1318 2535 jam
1340 2495 1408 2524 setis
1425 2494 1528 2526 obsita.

864 2548 1003 2577 Luminis
1017 2547 1106 2582 orbes,
1121 2545 1214 2581 oculi,
1226 2544 1279 2585 qui
1300 2543 1394 2574 etiam
1407 2542 1525 2584 simpli-

864 2596 940 2626 citer
961 2596 1041 2625 orbes
1065 2601 1096 2624 et
1121 2594 1231 2625 κύκλοι
1254 2592 1410 2623 dicuntur.
1446 2592 1525 2622 Lac-

865 2651 941 2675 tant.
955 2644 994 2674 (le
1007 2643 1121 2685 opific.
1136 2643 1207 2678 Dei,
1224 2641 1287 2672 viii.
1304 2642 1353 2671 16.
1378 2640 1526 2681 Sophocl.

865 2693 971 2735 (Edip.
993 2693 1084 2723 l294.
1122 2692 1196 2722 Yid.
1217 2691 1334 2721 Savum
1358 2689 1395 2720 ad
1417 2689 1526 2720 Sidon.

869 2743 928 2783 Ap.
944 2743 967 2772 i.
984 2744 1013 2772 2.
