1729 3207
203 199 286 240 146
588 198 639 239 Ρ.
674 197 890 240 OVIDII
927 198 1205 241 NASONIS

206 313 510 361 Concutiens
536 312 726 359 illustre
747 322 918 376 caput,
948 321 977 338 “
1001 313 1330 369 Temeraria,''
1351 312 1494 367 dixit,
1522 315 1585 359 50

206 397 235 414 “
262 390 373 437 Vox
392 405 504 436 mea
527 389 657 436 facta
680 396 765 437 tua
789 397 896 438 est:
938 391 1127 438 utinam
1153 390 1394 454 promissa
1416 390 1588 437 liceret

205 467 320 514 Non
353 466 499 513 dare!
538 466 790 523 confiteor,
819 467 980 514 solum
1015 468 1109 514 hoc
1146 467 1252 522 tibi,
1280 473 1410 522 nate,
1437 481 1584 528 nega-

206 543 507 594 Dissuadere
526 543 643 590 licet
661 560 670 590 :
700 559 796 589 non
815 551 894 590 est
912 551 999 590 tua
1019 551 1128 591 tuta
1146 544 1389 590 voluntas.
1440 543 1582 604 [rem.

205 622 392 684 Magna
414 619 559 684 petiS,
587 619 868 676 Phaethon,
896 627 947 668 et
971 637 1082 685 quae
1107 637 1198 668 nec
1219 620 1402 667 viribus
1424 619 1531 666 istis

205 699 416 746 Munera
439 697 749 753 conveniant,
771 714 864 745 nec
886 706 987 746 tam
1012 698 1284 762 puerilibus
1311 695 1468 744 annis,
1523 698 1584 743 55

207 777 324 823 Sors
344 783 430 823 tua
454 774 702 822 mortalis:
738 790 838 821 non
864 782 941 822 est
967 775 1172 822 mortale
1199 773 1332 836 quod
1358 778 1517 836 optas.

205 853 326 900 Plus
347 851 513 907 etiam,
532 867 682 914 quam
702 851 837 914 quod
865 851 1070 915 Superis
1092 851 1382 912 contingere
1406 848 1478 896 fas
1504 847 1584 903 sit,

205 928 418 977 Nescius
443 928 674 976 affectas:
715 928 911 991 placeat
931 928 1025 975 sibi
1052 927 1266 990 quisque
1291 926 1477 981 licebit,

206 1006 320 1053 Non
343 1012 509 1052 tamen
534 1003 740 1066 ignifero
766 1004 1034 1067 quisquam
1055 1004 1327 1052 consistere
1352 1003 1401 1049 in
1426 1017 1520 1049 axe

206 1083 292 1130 Me
307 1082 437 1129 valet
461 1088 673 1144 excepto
692 1098 701 1128 :
729 1081 854 1128 vasti
875 1096 1077 1143 quoque
1098 1087 1260 1127 rector
1277 1078 1499 1142 Olympi,
1522 1080 1586 1125 60

205 1159 301 1213 Qui
327 1159 430 1206 fera
452 1157 657 1206 terribili
676 1159 926 1222 jaculatur
949 1158 1158 1205 fulmina
1183 1158 1377 1212 dextra,

206 1235 320 1282 Non
352 1242 466 1298 agat
496 1235 585 1282 hos
616 1251 818 1283 currus:
858 1242 911 1282 et
936 1235 1057 1299 quid
1091 1234 1216 1282 Jove
1249 1235 1410 1297 majus
1434 1233 1584 1280 habe-

403 1329 510 1360 mus
528 1312 545 1358 ἲ

204 1389 373 1436 Ardua
396 1389 553 1452 prima
576 1390 654 1437 via
673 1397 749 1437 est
769 1409 778 1446 ;
821 1398 872 1438 et
896 1406 997 1454 qua
1015 1391 1097 1438 vix
1122 1406 1266 1437 mane
1292 1395 1518 1436 recentes

246 1523 299 1553 50.
328 1521 510 1558 Temeraria,
533 1522 611 1562 etc.]
645 1522 775 1553 Temere
804 1533 861 1564 ego

198 1571 312 1613 juravi,
330 1571 476 1611 quoniam
492 1576 526 1602 tu
540 1577 656 1602 temere
673 1582 774 1613 rogas.

246 1621 299 1650 51.
329 1620 454 1651 Utinam.
476 1622 618 1660 promissa
645 1621 776 1661 liceret.]
802 1621 861 1650 At-

205 1667 258 1709 qui
278 1679 340 1698 non
358 1668 443 1704 licet,
459 1668 541 1699 sicut
555 1669 621 1711 ipse
635 1669 717 1699 infra
735 1670 861 1700 confite-

203 1723 252 1748 tur
267 1730 272 1747 ι
301 1718 347 1747 Ne
362 1719 477 1755 dubita,
493 1720 627 1754 clabitur,
643 1722 756 1761 stygias
766 1723 857 1759 jura-

204 1769 299 1797 vimus
326 1769 434 1798 undas.
490 1769 578 1799 Deus
611 1768 694 1798 enim
722 1769 864 1810 perjurus

204 1826 258 1857 per
282 1816 437 1857 integrum
463 1827 579 1847 annum
604 1817 730 1859 spiritus
755 1829 864 1860 expers

200 1865 296 1906 jacet,
315 1864 428 1895 deinde
453 1876 508 1906 per
532 1876 643 1896 novem
668 1865 745 1897 alios
768 1877 864 1897 annos

203 1913 349 1944 societate
371 1919 402 1944 et
423 1914 647 1945 consuetudine
671 1914 810 1945 Deorum
835 1915 864 1946 ei

204 1962 408 1993 interdicitur.
446 1963 577 1993 Hesiod.
593 1963 711 2004 Theog.
727 1964 801 1995 794.

246 2012 408 2041 53-102.
444 2011 626 2042 Dissuadere
655 2013 750 2053 licet]
788 2013 861 2044 Dis-

204 2059 342 2090 suasoria
356 2060 491 2101 egregia.
528 2060 723 2101 Argumenta
742 2060 862 2092 dissua-

204 2107 299 2138 dendi
313 2114 438 2150 sumpta
447 2110 568 2140 suntab
579 2109 795 2141 imbecillitate
808 2121 862 2152 pe-

203 2157 308 2192 tentis,
323 2158 473 2196 54—623
499 2168 517 2189 a
541 2157 777 2189 difficultatibus
794 2159 862 2196 viae,

203 2207 350 2245 63—75;
375 2207 414 2237 ab
440 2207 562 2238 insidiis
587 2207 617 2237 in
632 2207 694 2243 via,
713 2209 863 2248 76—833

204 2265 223 2285 a
248 2255 362 2286 ferocia
395 2267 546 2297 equorum
574 2257 713 2287 84—87.
736 2257 860 2298 quibuS,

205 2310 238 2334 ut
254 2304 285 2334 in
302 2304 502 2346 peroratione,
515 2304 642 2341 monita,
656 2316 862 2347 preces,nova

203 2353 351 2393 promissa
367 2353 483 2385 addita.
531 2354 577 2385 Ea
590 2365 661 2385 vero
673 2354 778 2385 omnia
793 2366 861 2397 pro—

205 2402 347 2433 babiliter
360 2407 493 2434 tractata
517 2409 588 2434 sunt
602 2414 610 2441 ;
634 2410 712 2440 tata,
728 2404 793 2435 sine
809 2415 862 2446 pe-

204 2449 320 2481 riculo:
350 2453 411 2482 istis
434 2463 506 2482 cum
529 2452 569 2488 vi,
596 2459 656 2483 tam
683 2455 862 2493 puerilibus.

205 2502 283 2535 Sors,
310 2500 463 2542 quidquid
490 2501 578 2531 nobis
604 2508 715 2533 natura
745 2502 861 2539 tribuit,

204 2554 237 2579 ut
259 2559 360 2585 sexus,
376 2549 410 2580 h.
427 2550 449 2580 l.
476 2556 606 2581 natura:
632 2553 767 2588 mortale,
782 2563 863 2584 mor-

204 2597 259 2628 tali
276 2598 476 2629 conveniens.

245 2648 297 2678 57.
326 2649 398 2677 Plus
420 2652 520 2685 etiam,
548 2649 626 2689 etc.]
659 2649 859 2681 Imbecillita-

205 2701 266 2726 tem
289 2697 375 2738 pueri
396 2698 475 2729 bene
499 2698 679 2740 amplificat,
700 2709 859 2740 compara-

204 2744 284 2775 tione
307 2755 378 2775 cum
399 2746 475 2782 Diis,
493 2747 558 2788 ipso
574 2747 651 2777 adeo
667 2748 757 2783 Jove,
773 2748 860 2778 insti-

927 1530 1008 1555 tuta.
1059 1523 1118 1554 Fas
1154 1526 1202 1559 sit,
1238 1521 1384 1565 possibile
1421 1521 1482 1552 sit:
1521 1519 1587 1551 vid.

930 1573 1075 1604 Lambin.
1101 1573 1139 1604 ad
1164 1574 1273 1603 Horat.
1293 1572 1320 1602 Ι.
1344 1571 1406 1602 Od.
1426 1570 1509 1601 xxiv.
1523 1571 1588 1608 20;

929 1628 961 1653 et
975 1622 1037 1653 IV.
1055 1621 1117 1653 Od.
1134 1621 1175 1652 iv.
1193 1622 1246 1651 22.
1290 1620 1374 1651 Hinc
1396 1619 1539 1655 formula,
1561 1621 1586 1650 si

931 1673 999 1701 licet
1024 1678 1051 1702 et
1066 1671 1123 1713 fas
1147 1678 1200 1706 est,
1225 1680 1280 1712 pro
1302 1680 1365 1711 qua.
1386 1669 1500 1700 Noster
1520 1668 1584 1699 He-

928 1720 1028 1751 roidd.
1050 1719 1113 1751 xvi.
1138 1721 1212 1752 235.
1236 1731 1292 1759 qna
1319 1720 1386 1750 licet
1411 1725 1439 1749 et
1463 1728 1587 1758 possum.

930 1771 1037 1801 Burm.
1085 1770 1209 1800 Placeat
1245 1770 1311 1804 sibi,
1348 1774 1408 1799 etc.
1445 1765 1586 1808 Quisque

929 1825 1110 1850 caeterorum
1135 1818 1272 1849 Deorum
1293 1827 1325 1848 se
1346 1816 1500 1848 excellere
1527 1825 1586 1857 pu-

929 1874 985 1902 tet,
1004 1872 1157 1909 quantum
1172 1867 1261 1897 velit.

972 1917 1024 1947 59.
1048 1917 1120 1952 Axe,
1144 1926 1247 1950 curru,
1270 1915 1303 1945 in
1329 1924 1391 1955 quo
1415 1913 1586 1944 consistebat

930 1965 1055 2007 Apollo,
1079 1970 1114 1995 ut
1139 1964 1303 1995 Phaethon
1327 1973 1391 1994 ver.
1419 1963 1489 1993 151.
1532 1961 1586 1993 Sic

929 2014 1022 2045 etiam
1041 2014 1073 2044 in
1092 2013 1225 2044 nummis
1246 2016 1500 2054 repraesentatur:
1522 2010 1587 2042 vid.

928 2062 1096 2104 Spanhem.
1111 2061 1151 2092 ad
1166 2061 1293 2093 Gallim.
1305 2061 1336 2091 h.
1351 2060 1425 2091 Del.
1437 2069 1499 2090 ver.
1516 2060 1586 2091 169.

930 2112 1030 2143 Curru
1045 2118 1149 2143 tamen
1166 2113 1295 2141 insidens
1308 2109 1487 2152 perhibetur
1499 2109 1585 2146 alibi,

929 2166 963 2192 ut
976 2161 1087 2192 Senec.
1103 2160 1194 2191 Med.
1211 2161 1263 2190 29.

972 2211 1027 2241 61.
1046 2210 1185 2252 Quifera
1200 2209 1340 2243 terribili,
1353 2203 1430 2247 e'tc.]
1446 2207 1586 2248 Deseri-

928 2266 988 2289 tate
1009 2258 1186 2295 fulminum,
1209 2257 1322 2299 quibus
1348 2262 1436 2286 terret
1465 2261 1585 2297 gentes,

928 2308 968 2339 cf.
983 2307 1027 2338 iii.
1043 2308 1105 2339 303
1121 2319 1192 2349 sqq.
1205 2313 1236 2338 et
1255 2307 1340 2347 Virg.
1356 2306 1472 2345 Georg.
1487 2305 1507 2335 i.
1521 2306 1584 2336 328

929 2367 999 2398 sqq.

972 2406 1023 2436 62.
1037 2406 1104 2436 Non
1117 2404 1216 2446 agat]
1234 2404 1353 2443 thnid
1365 2409 1427 2434 etc.
1439 2401 1482 2432 xi.
1498 2403 1561 2433 224
1576 2414 1584 2432 ι

927 2466 964 2484 ηε
983 2455 1143 2494 quidquam
1165 2454 1294 2483 muudus
1315 2452 1388 2482 Jove
1413 2453 1510 2491 majus
1530 2452 1583 2482 ha-

929 2505 1019 2534 beret.
1054 2502 1227 2533 Consilium
1242 2500 1376 2532 dicentis
1395 2500 1585 2542 postulabat,

930 2558 964 2582 ut
989 2551 1039 2582 hic
1066 2552 1213 2593 majestas
1232 2549 1319 2581 Jovis
1342 2550 1374 2581 in
1394 2549 1465 2580 luce
1488 2549 1582 2580 collo-

929 2606 1062 2632 caretur.

971 2651 1025 2680 63.
1056 2650 1158 2680 I'rima
1181 2649 1256 2689 vim]
1284 2647 1388 2678 Prima
1409 2658 1479 2690 pars
1499 2647 1580 2678 viae:

926 2702 1057 2739 primum
1072 2701 1215 2730 muudum
1232 2698 1276 2729 sic
1290 2697 1368 2728 dixit
1378 2697 1487 2728 SeneC.
1509 2697 1583 2729 OEd.

931 2749 1003 2778 116.
1055 2748 1204 2784 Recenees,
1232 2753 1381 2778 nocturna
1407 2745 1510 2787 quiete
1534 2757 1581 2777 re-
