1763 3181
233 185 317 227 198
616 183 666 223 P.
699 179 910 222 OVIDII
945 175 1222 220 NASONIS

240 300 429 355 Natus;
471 305 521 345 et
544 304 647 344 arte
673 312 763 343 sua
787 294 918 341 silvis
943 292 1160 340 occultat
1183 291 1403 339 abactas,

241 377 473 424 Senserat
498 375 591 420 hoc
616 373 798 419 furtum
824 386 984 424 nemo,
1012 369 1105 415 nisi
1130 374 1275 414 notus
1300 366 1350 412 in
1375 365 1458 411 illo

240 454 374 500 Rure
400 466 583 506 senex3
626 449 829 495 Battum
854 445 1032 492 vicinia
1055 451 1160 491 tota
1181 443 1440 490 vocabant.

241 529 418 576 Divitis
443 527 522 574 hic
548 527 702 573 saltus
727 524 1039 584 herbosaque
1064 536 1251 584 pascua
1275 518 1436 572 Nelei,

240 605 596 666 Nobiliumque
617 617 792 664 greges
809 606 976 646 custos
994 598 1222 645 servabat
1242 611 1495 658 equarum.
1519 595 1615 639 690

241 682 388 729 Hunc
415 680 594 735 timuit,
615 679 898 740 blandaque
925 692 1073 722 manu
1095 674 1321 729 seduxit3
1363 679 1414 718 et
1437 670 1524 726 illi,

242 765 271 783 “
297 758 535 820 Quisquis
552 773 621 812 es,
635 755 865 819 hospes‚''
883 754 965 809 ait,
981 759 1011 777 “
1025 753 1064 799 si
1080 752 1205 799 forte
1220 757 1441 798 armenta
1455 746 1617 809 requi-

242 835 364 882 Haec
390 834 586 897 aliquis,
612 832 794 879 vidisse
820 847 976 893 nega:
1016 846 1113 877 neu
1138 828 1293 891 gratia
1316 827 1447 873 sacto
1525 825 1621 885 [ret

244 912 395 959 Nulla
418 910 732 974 rependatur,
761 909 967 956 nitidam
992 924 1115 971 cape
1140 905 1344 971 praemia
1366 900 1620 950 vaccam.''

244 988 310 1036 Et
332 988 497 1035 dedit:
527 993 749 1050 accepta,
771 1001 918 1032 voces
945 985 1033 1032 has
1055 983 1270 1031 reddidit
1286 982 1495 1044 hospes:
1524 980 1619 1025 695

246 1071 278 1090 “
305 1065 463 1112 Tutus
489 1081 601 1121 eas3
629 1063 755 1126 lapis
782 1062 874 1109 iste
899 1061 1034 1125 prius
1061 1067 1146 1107 tua
1168 1059 1296 1106 furta
1318 1054 1596 1119 loquatur.”

248 1141 314 1188 Et
338 1141 555 1205 lapidem
581 1139 822 1187 ostendit:
861 1138 1061 1184 simulat
1083 1136 1206 1183 Jove
1231 1142 1376 1182 natus
1403 1133 1554 1180 abire.

247 1218 371 1265 Mox
395 1218 550 1265 redit:
590 1223 656 1272 et,
683 1231 824 1262 versa
849 1215 1031 1278 pariter
1056 1230 1169 1261 cum
1193 1228 1313 1260 voce
1337 1211 1508 1274 figura,

249 1302 279 1320 ‘⁶
307 1295 533 1350 Rustiee,
560 1293 726 1342 vidisti
749 1294 788 1339 si
815 1308 939 1356 quas
965 1292 1058 1339 hoe
1082 1289 1286 1346 limite,”
1314 1289 1456 1344 dixit,

246 1453 371 1483 condere
380 1451 485 1493 furto.
516 1450 626 1481 Horat.
642 1450 668 1480 I.
684 1449 746 1480 Od.
762 1461 792 1481 x.
808 1451 838 1480 7.
851 1450 903 1480 ubi

246 1500 305 1531 hoc
319 1500 421 1542 ipsum
436 1500 613 1541 exemplum
629 1498 802 1540 subjicitur.
839 1500 903 1530 Do-

246 1549 292 1580 los
318 1549 350 1579 in
373 1560 411 1580 ea
432 1559 464 1579 re
488 1547 646 1579 adhibitos
672 1553 822 1578 memorat
838 1547 903 1578 An-

248 1599 350 1630 tonin.
375 1599 456 1634 Lib.,
479 1598 638 1640 multoque
662 1597 755 1628 latius
779 1598 906 1628 Homer.

247 1649 279 1679 d.
293 1649 314 1679 l.
332 1649 419 1679 Artes
434 1654 537 1679 autem
554 1646 674 1677 Latinis
696 1656 804 1677 omnes
818 1646 908 1677 dotes

249 1697 344 1728 animi
374 1704 405 1728 et
431 1696 576 1739 corporis.
622 1696 722 1727 Silvis.
746 1695 909 1737 Corypha-

247 1747 339 1783 sium,
370 1745 535 1777 Messeniae
560 1745 815 1787 promontorium,
842 1745 907 1776 An-

250 1795 374 1826 toninus
389 1800 550 1826 memorat.

294 1845 368 1874 688.
392 1844 518 1874 Battum
540 1843 606 1874 sine
627 1842 722 1873 dubio
745 1842 909 1878 vocabant,

250 1899 285 1925 ut
300 1893 344 1929 fit,
360 1904 379 1924 a
391 1892 465 1923 vitio
481 1892 628 1934 quodam.
651 1891 772 1923 Graecis
787 1891 911 1932 βάττος

253 1949 379 1974 vocatur
394 1942 517 1978 balbus,
534 1941 587 1983 qui
604 1952 665 1972 non
680 1941 825 1972 distincte
841 1952 909 1982 pro-

253 1991 394 2022 nuntiare
419 1996 521 2033 potest
542 1991 645 2021 verba.
690 1989 784 2031 Apud
812 1989 910 2020 Hero-

252 2040 316 2071 dot.
333 2040 374 2071 iv.
391 2041 462 2071 135.
482 2041 596 2070 Battus
617 2050 668 2070 rex
686 2040 824 2080 Cyrenes
843 2038 910 2069 bal-

252 2089 390 2120 butiens.
434 2089 472 2119 In
498 2088 621 2119 Alberti
645 2088 748 2119 Closs.
764 2088 807 2118 N.
822 2088 859 2118 T.
881 2099 912 2129 p.

252 2139 326 2170 200.
370 2139 483 2169 Battus
506 2144 611 2180 pastor
630 2137 810 2168 balbutiens
829 2148 912 2169 corn-

255 2191 453 2217 memoratur.
497 2186 577 2217 Inde
598 2185 821 2228 βατταρίζων,
842 2186 911 2216 bal-

255 2235 378 2274 butire3
402 2245 581 2277 quanquam
607 2234 661 2265 illo
687 2235 810 2265 nomine
833 2240 864 2265 et
888 2234 914 2265 is

255 2286 433 2321 notabatur,
456 2284 509 2326 qui
534 2284 634 2315 multa
654 2289 770 2315 temere
797 2283 911 2319 effutit,

256 2339 291 2365 ut
308 2340 426 2365 notum.

300 2385 373 2415 689.
399 2384 520 2419 Neleus,
549 2394 602 2414 rex
630 2384 801 2425 Pyliorum,
828 2388 914 2424 pater

257 2431 410 2463 Nestoris.
448 2432 480 2462 Is
495 2442 657 2462 numerosa
672 2437 703 2462 et
717 2431 842 2472 egregia
857 2431 913 2461 ha-

257 2482 353 2512 bebat
369 2487 519 2517 armenta,
533 2481 679 2522 (Homer.
695 2481 804 2511 Od.A.
820 2480 913 2519 288.)

259 2541 328 2572 quae
345 2536 459 2567 autem,
475 2541 571 2572 quum
586 2530 744 2571 Pyliorum
761 2540 835 2570 ager
850 2539 916 2560 are-

258 2591 349 2610 nosus
378 2586 468 2615 esset,
497 2579 664 2621 plurimum
702 2586 789 2610 extra
822 2579 914 2609 Nelei

259 2629 335 2659 fines
366 2630 585 2671 pascebantur.
614 2628 748 2659 Pausan.
777 2628 914 2659 Messen.

259 2688 290 2718 p.
315 2679 389 2709 371.
430 2677 512 2709 Ilinc
533 2683 661 2708 vocatur
682 2680 783 2714 ‹lives;
809 2676 917 2719 priscis

258 2726 340 2756 enim
365 2727 553 2768 temporibus
576 2726 692 2759 divitiae
709 2727 916 2757 censebantur

971 1447 1170 1480 multitudine
1195 1451 1401 1478 armentorum
1423 1450 1454 1475 et
1474 1453 1601 1485 gregum
1620 1455 1627 1480 ;

971 1499 1076 1540 itaque
1107 1508 1164 1528 nee
1195 1498 1325 1528 custodes
1356 1504 1500 1536 pecorum
1530 1492 1627 1523 infimi

973 1547 1033 1578 loci
1056 1553 1154 1578 erant.
1199 1546 1355 1577 Caeterum
1372 1543 1466 1574 Nelei
1487 1548 1563 1573 aetas
1580 1541 1627 1572 in-

973 1596 1049 1627 cidit
1063 1596 1094 1626 in
1107 1602 1246 1638 tempora
1255 1595 1492 1626 Centaurorum.
1503 1592 1630 1622 Homer.

974 1647 1013 1677 Il.
1036 1651 1076 1678 A.
1093 1647 1167 1677 262.
1200 1646 1353 1686 Equarum
1377 1654 1486 1685 greges
1510 1642 1628 1674 Neleus

975 1696 1079 1727 alebat
1093 1695 1205 1726 sobolis
1219 1704 1333 1732 causa3
1354 1693 1427 1724 hinc
1445 1693 1560 1728 nobiles,
1576 1691 1629 1723 de-

975 1747 1076 1777 lectae.
1110 1744 1241 1776 Nobiles
1262 1743 1358 1774 etiarn
1375 1742 1489 1785 palmis
1512 1743 1544 1772 in
1564 1752 1629 1773 cer-

976 1794 1155 1825 taminibus.
1186 1793 1300 1834 Virgil.
1326 1794 1462 1833 Georg.:
1488 1792 1632 1822 Eliadum

974 1845 1087 1883 palmas
1106 1843 1226 1883 Epeiros
1239 1853 1392 1883 equarum.

1021 1893 1095 1924 691.
1119 1892 1274 1932 Seduait]
1302 1893 1408 1928 Quum
1423 1901 1503 1922 unus
1518 1891 1632 1921 Battus

978 1942 1110 1978 adesset,
1126 1952 1187 1972 non
1207 1951 1285 1982 opus
1307 1946 1374 1971 erat
1391 1951 1462 1970 eum
1485 1942 1633 1974 seducere,

979 1990 1103 2022 seorsim
1127 1992 1244 2021 ducere.
1288 1989 1428 2030 Quisquis
1453 2001 1496 2019 es.-
1520 1988 1589 2019 vide
1614 1988 1634 2018 i.

979 2041 1052 2070 679.
1082 2040 1191 2070 Vidisse
1205 2051 1299 2081 vega.-
1317 2039 1463 2074 Homero,
1479 2038 1554 2069 ibid.
1569 2039 1610 2069 92
1626 2050 1632 2067 :

981 2088 1057 2120 ἰδὼν
1074 2089 1117 2130 μὴ
1143 2087 1219 2119 ἰδὼν
1239 2089 1330 2124 εἶναι,
1348 2089 1399 2118 καὶ
1413 2089 1517 2129 κωφὸς
1535 2087 1632 2119 ἀκού·

980 2150 1052 2175 σας,
1070 2139 1123 2169 καὶ
1140 2139 1250 2179 σιγᾶν.
1289 2138 1391 2173 Facto,
1408 2137 1539 2178 negotio.
1576 2137 1634 2167 Ni-

982 2189 1086 2218 tidum.
1132 2186 1213 2217 Vide
1237 2186 1277 2217 ad
1299 2185 1320 2216 i.
1342 2187 1415 2217 610.
1452 2186 1546 2228 Apud
1568 2185 1633 2216 An-

981 2236 1079 2267 tonin.
1105 2235 1270 2272 chlaenam,
1300 2235 1413 2267 silentii
1450 2235 1635 2271 mercedem,

983 2285 1107 2327 accipit.

1025 2336 1099 2366 696.
1117 2335 1222 2371 Tutus,
1238 2346 1374 2371 securus,
1391 2346 1451 2366 non
1473 2335 1636 2366 sollicitus.

983 2385 1030 2414 Ex
1047 2396 1113 2415 vnce
1133 2395 1195 2415 non
1216 2394 1283 2415 raro
1302 2383 1423 2415 facilius
1443 2384 1637 2425 agnoscimus

983 2432 1136 2468 homines,
1167 2443 1260 2474 quam
1289 2443 1327 2463 ex
1355 2432 1463 2473 figura.
1509 2433 1638 2463 Silentia

983 2484 1075 2519 deme,
1091 2482 1196 2513 indica
1220 2482 1335 2513 furtum
1359 2482 1528 2513 occultum.
1563 2483 1638 2512 Pre-

986 2533 1071 2566 tium,
1097 2531 1278 2572 praemium:
1307 2530 1377 2562 vide
1404 2532 1577 2561 Burmann.
1598 2530 1638 2561 ad

984 2580 1109 2610 Phaedr.
1132 2581 1161 2611 Ι.
1179 2579 1245 2610 viii.
1269 2581 1297 2611 1.
1322 2586 1353 2610 et
1371 2580 1481 2612 Heius.
1499 2580 1538 2611 ad
1565 2580 1595 2610 h.
1614 2580 1636 2610 l.

984 2629 1118 2665 Femina,
1140 2639 1247 2660 vacca.
1269 2629 1398 2665 Seneca,
1426 2629 1543 2670 Agam.
1565 2629 1640 2660 354.

983 2680 1091 2717 conjux
1112 2680 1205 2708 tauri.
1242 2677 1359 2709 Contra
1382 2680 1427 2708 τὶν
1443 2678 1482 2712 de
1501 2688 1593 2720 capro
1609 2684 1640 2708 et

984 2732 1071 2757 tauro
1087 2738 1095 2765 ;
1119 2725 1189 2757 vide
1204 2726 1244 2758 ad
1261 2726 1282 2758 i.
1297 2727 1369 2758 660.
