1763 3181
245 190 329 233 178

636 189 687 230 Ρ.
722 187 933 230 OVIDII
966 187 1244 231 NASONIS

246 304 402 352 Exuit
423 304 503 351 hic
528 303 734 350 humero
759 303 1056 367 pharetram,
1084 304 1345 366 lentosque
1370 303 1584 351 retendit

243 381 431 438 Arcus;
461 381 613 443 inque
632 381 753 436 solo,
772 381 906 443 quod
931 387 1126 429 texerat
1150 381 1320 436 herba,
1332 381 1562 444 jacebat3

245 459 311 507 Et
328 459 513 523 pictam
533 457 697 521 posita
715 457 996 521 pharetram
1016 459 1207 505 cervice
1227 459 1486 522 premebat
1525 460 1616 504 421

241 535 439 600 Jupiter
462 542 518 582 ut
539 534 663 581 vidit
684 533 884 590 fessam,
912 541 963 581 et
988 534 1195 582 custode
1218 542 1491 590 vacantem,

242 619 273 638 “
301 612 413 660 Hoc
436 619 571 660 certe
595 613 705 675 conj
715 627 781 658 ux
805 611 991 659 furtum
1016 627 1128 659 mea
1150 612 1357 668 nesciet,
1380 611 1567 674 inquit;

242 691 346 738 Aut
370 691 411 738 si
435 690 683 746 rescierit3
725 697 840 737 sunt
862 706 907 746 o,
935 697 1052 737 sunt
1068 689 1236 753 jurgia
1258 690 1383 738 tanti
1398 690 1447 737 ?'’

242 767 478 815 Protinus
503 766 724 814 induitur
748 765 926 814 faciem
950 767 1242 830 cultumque
1269 767 1469 814 Dianae:
1526 769 1622 813 425

241 844 410 908 Atque
429 844 514 900 ait,
543 848 574 867 “
603 843 646 890 Ο
670 844 923 900 comitum,
949 844 1103 907 virgo,
1130 860 1244 907 pars
1267 861 1365 892 una
1384 859 1620 898 mearum,

242 923 302 969 In
328 922 512 985 quibus
538 937 591 969 es
615 928 794 969 venata
812 922 946 985 jugis
962 921 1010 968 ?”
1050 921 1127 968 De
1153 921 1343 985 cespite
1367 921 1502 983 virgo

243 1000 310 1048 Se
333 1000 491 1056 levat3
533 1005 598 1055 et,
628 1004 658 1022 “
688 999 834 1046 Salve
860 1015 1060 1055 numen,
1087 1015 1168 1046 me
1187 999 1374 1062 judice,
1397 998 1539 1053 dixit,

238 1077 426 1124 Audiat
449 1076 557 1140 ipse
581 1075 715 1132 licet,
742 1078 902 1140 majus
926 1075 1067 1124 Jove.

242 1153 308 1201 Et
332 1153 425 1201 sibi
450 1152 665 1217 praeferri
690 1170 744 1201 se
770 1153 969 1216 gaudet,
997 1161 1048 1201 et
1071 1154 1242 1201 oscula
1260 1152 1441 1216 jungit,

1076 1075 1101 1092 ’'
1155 1075 1324 1132 Ridet,
1347 1082 1396 1123 et
1420 1074 1559 1122 audit
1579 1092 1590 1130 ;

1524 1154 1620 1198 430

242 1230 351 1278 Nec
376 1229 629 1277 moderata
653 1230 790 1286 satiS,
811 1246 903 1278 nec
930 1230 1001 1278 sic
1027 1246 1056 1278 a
1078 1231 1266 1293 virgine
1291 1230 1469 1277 danda.

241 1306 353 1362 Qua
376 1314 555 1355 venata
577 1306 703 1354 foret
726 1307 848 1355 silva
871 1323 1069 1355 narrare
1094 1314 1350 1371 parantem

242 1384 461 1448 Impedit
484 1384 749 1448 amplexu3
790 1401 881 1432 nec
901 1401 955 1432 se
981 1384 1086 1433 sine
1111 1384 1315 1431 crimine
1340 1383 1518 1447 prodit.

283 1557 358 1587 419.
377 1555 498 1596 Exuit]
524 1555 662 1587 Ornate:
687 1555 837 1598 depositis
853 1567 900 1587 ar-

238 1604 298 1635 mis
325 1605 413 1635 humi
442 1604 569 1646 quievit.
620 1605 740 1641 Lentos,
768 1615 785 1635 e
814 1605 900 1646 ligno

239 1653 380 1684 flexibili.
420 1655 507 1689 Quod
528 1660 640 1685 texerat
660 1656 748 1685 herba
763 1654 899 1695 exquisi-

240 1703 301 1734 tius
327 1714 433 1744 quam,
462 1703 619 1741 herboso3
645 1703 792 1734 admonet
816 1703 899 1733 enim

239 1762 306 1788 nos,
330 1751 458 1782 herbam
483 1751 568 1782 vices
589 1752 723 1783 vestium
746 1751 898 1793 stragula-

240 1811 307 1832 rum
322 1800 514 1843 praestitisse.
551 1802 722 1838 Venantes,
743 1802 782 1832 ad
796 1801 898 1833 imita-

240 1850 356 1880 tionem
371 1850 442 1880 vitae
458 1850 612 1886 militaris,
629 1850 827 1892 quiescentes
847 1861 898 1882 ca-

239 1899 297 1940 piti
322 1899 541 1940 supponebant
578 1909 673 1930 arma.
721 1899 824 1931 Cerda
860 1900 900 1930 ad

242 1947 354 1990 Virgil.
370 1948 500 1979 AEneid.
512 1948 567 1980 vii.
584 1949 657 1979 460.
695 1949 825 1985 Pictam,
837 1949 899 1980 dis-

241 1996 385 2033 tinctam,
418 1996 477 2028 nisi
506 2007 580 2028 auro
610 2004 786 2039 argentove,
817 2004 899 2030 certe

239 2046 332 2077 ebore
348 2052 403 2077 aut
414 2057 522 2077 cornu.
560 2047 673 2084 Ροεὶτα,
688 2048 900 2079 recumbente.

242 2095 346 2126 Custos
368 2101 472 2137 potest
491 2096 638 2127 arbitrum
663 2096 848 2138 significare,
867 2105 900 2128 ut

239 2147 358 2176 custode
380 2157 489 2176 vacans
517 2145 558 2176 sit
586 2145 670 2176 idem
696 2157 801 2188 quam,
826 2148 901 2177 544.

240 2197 437 2226 inobservata.
482 2195 545 2226 Sed
569 2195 663 2226 etiam
689 2196 844 2237 virginum
871 2202 902 2227 et

239 2249 408 2286 nuptarum
427 2244 572 2275 custodes
594 2250 703 2276 erant:
730 2246 776 2276 Π.
793 2245 901 2276 Amor.

241 2292 284 2323 iv.
300 2294 354 2324 23.
391 2294 573 2325 petulanter
593 2294 775 2336 loquentem
790 2295 901 2326 Jovem

241 2341 373 2373 inducit.

283 2391 358 2422 424.
384 2391 475 2422 Tanti
497 2402 552 2422 esse
573 2392 732 2427 dicuntur,
751 2402 821 2432 quae
838 2398 902 2423 tam

240 2439 349 2481 gravia
370 2445 455 2475 sunt.
478 2446 514 2470 ut
536 2451 642 2472 eorum
665 2450 761 2472 causa
783 2440 902 2482 aliquid

240 2489 290 2520 vel
306 2489 470 2525 faciamus,
487 2489 536 2520 vel
552 2490 745 2521 omittamus·
791 2491 901 2521 Suavi-

241 2544 288 2569 tas
303 2538 447 2580 quaedam
470 2538 551 2570 inest
569 2539 601 2570 in
617 2539 855 2581 interrogatione
871 2546 903 2571 et

242 2586 272 2617 in
289 2587 513 2629 repetitosunt.
538 2588 623 2619 Nota
638 2589 732 2619 etiam
748 2589 799 2619 hoc
812 2596 902 2619 certe.

285 2637 358 2667 425.
383 2636 528 2667 Protinus
543 2638 697 2673 induitur,
714 2637 796 2678 etc-J
822 2638 900 2668 Vul-

240 2685 323 2725 garis
350 2690 417 2716 erat
440 2684 576 2721 traditio,
601 2686 712 2717 Jovem
738 2685 899 2717 assimula—

241 2739 305 2764 tum
321 2744 387 2765 esse
401 2733 524 2765 Dianae.
553 2734 619 2765 Alii
634 2735 812 2769 narrabant,
827 2746 896 2766 eum

969 1556 1127 1599 Apollinis
1142 1557 1272 1587 formam
1286 1554 1468 1597 sumpsisse:
1492 1553 1564 1584 vide
1579 1554 1622 1584 A-

967 1606 1084 1648 pollod.
1115 1607 1197 1638 Cum
1208 1606 1322 1636 Nostro
1337 1603 1491 1635 consentit
1505 1610 1537 1634 et
1548 1604 1623 1634 Am·

967 1655 1037 1696 phis
1053 1655 1136 1697 apud
1152 1654 1272 1696 Hygin.
1288 1654 1324 1684 P.
1340 1654 1382 1684 A.
1396 1665 1404 1692 3
1427 1653 1482 1684 sed
1501 1652 1555 1683 ille
1570 1663 1625 1683 suo

967 1704 1058 1735 modo
1080 1709 1285 1746 persequutus
1305 1708 1372 1733 est:
1398 1703 1539 1732 induitur
1558 1702 1624 1732 cul-

968 1760 1031 1783 tum
1058 1754 1176 1789 Dianae,
1200 1752 1334 1794 cingitur
1358 1752 1417 1782 ritu
1443 1751 1568 1786 Dianae,
1595 1757 1626 1781 et

966 1801 1062 1833 sumit
1084 1812 1191 1832 arcum
1216 1812 1287 1832 cum
1309 1800 1466 1843 pharetra.
1504 1800 1554 1830 De
1577 1799 1625 1830 his

967 1850 1060 1881 armis
1074 1851 1186 1886 cultus,
1203 1849 1300 1881 etiam
1316 1861 1346 1880 x.
1363 1850 1436 1880 517.
1467 1849 1554 1879 Arcu
1569 1858 1623 1878 au-

966 1905 1030 1930 tern
1042 1910 1134 1930 aureo
1143 1898 1273 1940 insignis
1284 1903 1352 1929 erat
1363 1898 1430 1934 illa,
1444 1896 1466 1928 i.
1480 1898 1543 1928 696
1554 1908 1624 1938 sqq.

970 1949 1047 1979 Pars
1076 1961 1138 1979 unu
1162 1959 1217 1991 pro
1241 1960 1316 1984 unu,
1347 1946 1550 1989 simpliciter:
1580 1947 1624 1977 ΙΙ.

967 1999 1052 2029 Fast.
1070 1999 1141 2029 156.
1158 2000 1235 2029 sacri
1249 2009 1319 2038 pars
1336 2009 1395 2028 una
1411 1998 1505 2027 chori.

1010 2048 1085 2079 429.
1115 2047 1237 2077 Numen
1266 2049 1362 2086 majus
1395 2046 1496 2086 Jove]
1528 2045 1622 2086 Inge-

968 2096 1062 2134 niose,
1089 2103 1125 2127 ut
1149 2096 1277 2132 indicet,
1305 2107 1343 2127 ex
1375 2095 1477 2126 aliena
1500 2105 1624 2137 quoque

965 2145 1064 2176 forma
1077 2146 1097 2177 J
1099 2146 1165 2177 ovis
1179 2145 1374 2187 majestatem
1388 2144 1533 2175 eluxisse.
1565 2145 1627 2174 Sibi

963 2195 1117 2237 praserri.
1141 2194 1240 2230 Talia,
1253 2200 1287 2224 ut
1303 2200 1424 2235 arguta,
1434 2198 1519 2224 amat
1530 2192 1625 2224 Ovid.

970 2243 1091 2281 Oscula,
1110 2250 1170 2275 etc.
1195 2243 1260 2274 xiV.
1285 2244 1368 2274 658:
1394 2243 1505 2279 oscula,
1522 2243 1625 2283 qualia

970 2305 1123 2334 nunquam
1138 2293 1212 2323 Vera
1225 2294 1349 2323 dedisset
1364 2303 1441 2323 anus
1451 2304 1464 2330 ;
1480 2291 1524 2322 ix.
1537 2292 1600 2323 538
1617 2304 1623 2322 ;

967 2343 1066 2372 oscula
1085 2354 1141 2373 nun
1156 2344 1278 2372 sororia.

1010 2393 1085 2423 433.
1098 2391 1227 2431 Impedit
1235 2389 1399 2430 amplam]
1411 2389 1539 2431 Propter
1553 2401 1623 2419 nur-

966 2451 1035 2471 rure
1059 2447 1218 2481 parantem
1239 2439 1338 2482 possis
1367 2440 1508 2478 impedire
1532 2449 1624 2469 sensu

967 2490 1088 2532 vulgari
1117 2499 1249 2521 sumere.
1297 2487 1490 2529 Exquisitius
1518 2493 1624 2518 tamen

967 2538 1085 2570 dictum
1101 2544 1158 2574 est,
1175 2539 1201 2569 si
1217 2539 1357 2578 impedire
1372 2538 1481 2577 amplei
1490 2548 1508 2566 ιι
1524 2535 1623 2578 expli-

967 2598 1020 2618 cas
1039 2599 1094 2630 per
1117 2587 1275 2630 amplecti,
1297 2592 1331 2617 ut
1352 2592 1457 2628 tropus
1475 2596 1494 2616 a
1507 2585 1623 2616 vitibus

968 2637 1083 2679 petitus
1101 2637 1151 2673 sit,
1167 2647 1236 2678 quae
1253 2635 1426 2667 retinacula
1440 2637 1620 2675 impediunt,

966 2685 1096 2727 cingunt
1112 2698 1119 2725 3
1136 2685 1180 2716 iii.
1196 2685 1271 2716 664.
1306 2685 1357 2715 Ita
1370 2686 1511 2725 impedire
1526 2683 1620 2715 etiam

965 2746 1028 2766 ver.
1039 2736 1112 2767 868.
1139 2735 1340 2775 complexibus
1348 2736 1470 2771 ambire,
1482 2734 1535 2765 xii.
1545 2734 1619 2765 328.
