1763 3181
194 187 279 229 462
293 208 315 230 ἐ
589 188 639 227 Ρ.
673 186 887 228 OVIDII
922 186 1204 228 NASONIS

196 303 265 350 At
289 301 494 364 genitor,
523 316 810 363 quanquam
833 302 1028 348 laetatur
1053 301 1242 365 sospite
1267 306 1400 355 nato,
1490 302 1587 345 425

196 378 458 425 Attonitus
482 384 691 433 tantum,
718 377 804 424 leti
829 376 1114 424 discrimine
1140 392 1307 439 parvo,

199 453 462 502 Committi
488 453 710 516 potuisse
732 452 886 508 nefas,
907 452 1042 499 fovet
1062 452 1261 514 ignibus
1287 467 1412 506 aras,

199 530 600 592 Muneribusque
627 529 763 577 Deos
789 529 991 593 implet3
1020 528 1304 591 feriuntque
1325 542 1526 575 secures

200 607 345 654 Colla
367 614 534 654 torosa
558 607 726 662 boum,
753 606 1031 652 vinctorum
1056 621 1240 652 cornua
1262 604 1416 651 vittis.

202 684 383 731 Nullus
411 683 730 730 Erechthidis
756 682 907 731 fertur
932 682 1226 729 celebratior
1249 681 1333 727 illo

200 760 435 808 Illuxisse
459 760 566 807 dies
586 777 596 807 :
637 760 826 822 agitant
850 759 1073 806 convivia
1096 765 1280 822 patres,

201 836 269 884 Et
292 837 512 884 medium
537 836 714 899 vulgus
737 854 747 893 ;
789 851 882 882 nec
907 842 1084 882 non·et
1107 834 1342 888 carmina,
1368 831 1483 879 vino

200 912 467 976 Ingenium
490 912 722 967 faciente,
740 918 954 959 canunt:
986 917 1016 935 “
1035 910 1123 967 Te,
1140 911 1357 958 maxime
1378 908 1594 962 Theseu,

200 989 387 1037 Mirata
409 996 487 1037 est
511 988 779 1036 Marathon
806 988 987 1036 Cretaei
1014 988 1253 1051 sanguine
1278 985 1434 1034 tauri:

202 1065 452 1129 Quodque
473 1066 574 1113 suis
595 1082 798 1113 securus
818 1073 924 1114 erat
944 1065 1231 1129 Cromyona
1254 1065 1477 1117 colonus,
1494 1063 1592 1108 435

201 1142 391 1190 Munus
415 1159 642 1207 opusque
660 1150 802 1190 tuum
827 1148 926 1190 est:
955 1142 1102 1189 tellus
1120 1140 1393 1205 Epidauria
1415 1154 1504 1202 per
1526 1145 1576 1184 te

1495 682 1593 725 430

202 1219 517 1283 Clavigeram
540 1219 665 1267 vidit
687 1218 900 1266 Vulcani
925 1219 1224 1266 occumbere
1250 1218 1469 1282 prolem:

206 1373 337 1405 regnum
349 1364 463 1396 reddit.
496 1364 557 1396 Sed
573 1363 708 1396 Ovidius
722 1364 788 1396 fata
802 1365 870 1407 ejus

204 1413 271 1455 jam
287 1413 455 1456 abrumpit.

247 1463 322 1494 428.
342 1458 522 1495 Muneribus
545 1464 622 1494 Deos
646 1465 774 1502 implet,·
797 1463 869 1505 plu-

205 1512 300 1542 rimas
329 1511 473 1544 victimas
500 1512 600 1544 offert.
649 1511 778 1554 Proprie
807 1523 868 1544 arae

204 1560 384 1603 implentur,
397 1561 519 1603 poetice
533 1561 593 1603 ipsi
606 1561 673 1593 Dii.

248 1611 322 1640 431.
348 1611 478 1652 Agitant
501 1611 630 1642 verbum
652 1611 813 1653 proprium
835 1611 869 1642 in

205 1658 265 1688 hac
289 1669 332 1694 re,
347 1664 476 1690 notante
502 1659 694 1690 Burmanno.
733 1659 869 1691 Medium

206 1709 339 1750 vulgum
363 1714 399 1739 ut
413 1719 443 1739 v.
458 1709 533 1740 207.
548 1710 644 1740 media
663 1710 753 1749 plebs.
795 1710 870 1740 Vino

206 1757 369 1798 Ingenium
383 1757 535 1799 faciente.
568 1758 679 1789 Horat.
701 1758 730 1789 I.
753 1759 813 1801 Ep.
836 1770 870 1790 v.

209 1807 267 1837 19:
295 1806 441 1837 Foecundi
465 1808 571 1838 calices
586 1818 669 1847 quem
693 1819 753 1838 non
765 1809 872 1849 fecere

206 1856 373 1885 disertum?
411 1854 527 1886 Confer
553 1854 647 1891 idem,
670 1855 698 1886 1.
718 1856 779 1898 Ep.
807 1857 872 1888 xix.

208 1902 278 1933 init.
325 1903 438 1944 Neque
462 1902 571 1934 vinum
597 1904 709 1940 solum,
737 1904 793 1935 sed
822 1915 870 1936 se-

208 1952 348 1982 cundum
384 1951 537 1988 Persium,
558 1952 654 1994 prol.
685 1954 735 1984 10.
762 1961 871 1985 venter

209 2011 334 2042 quoque
349 2002 506 2042 ingenium
520 2000 663 2042 largitur.

251 2050 327 2080 434.
357 2049 476 2080 Mirata
508 2056 550 2080 est
581 2050 759 2086 Marathon,
788 2051 867 2091 etc.]

207 2097 321 2128 Thesei
346 2097 458 2128 laudes
479 2098 642 2129 commode
665 2098 818 2129 convertit
839 2098 871 2130 in

208 2146 316 2187 hymni
343 2147 484 2183 formam,
516 2152 551 2178 ut
579 2157 629 2178 res
658 2157 719 2178 non
744 2148 871 2185 narrari,

209 2195 264 2226 sed
293 2194 343 2236 agi
371 2195 534 2226 videatur:
578 2196 685 2227 confer
706 2195 870 2237 Virgilius,

211 2244 287 2274 AEn.
301 2243 368 2274 viii.
384 2245 458 2275 288.
483 2244 538 2274 ubi
562 2243 672 2275 similis
696 2245 730 2274 in
752 2245 872 2276 Hercu-

210 2292 273 2323 lem
288 2292 435 2333 hymnus.
482 2293 602 2324 Taurus
621 2293 676 2324 ille
691 2303 710 2324 a
724 2294 873 2335 Neptuno

212 2341 325 2377 Minoi,
354 2342 418 2383 regi
447 2342 570 2378 Cretaeo,
584 2342 698 2379 datus,
718 2349 789 2384 post
811 2343 874 2374 alia

213 2390 278 2421 sata
300 2389 333 2420 in
356 2396 470 2421 terram
495 2390 635 2421 Atticam
655 2398 793 2428 venerat,
814 2391 873 2422 ibi-

212 2449 274 2480 que
287 2439 493 2470 Marathonios
509 2449 598 2480 agros
611 2440 768 2471 vastabat.
793 2441 874 2471 Eum

212 2486 356 2519 Athenas
380 2487 566 2529 perductum
593 2488 734 2519 Theseus
763 2489 871 2520 immo-

211 2536 301 2572 lavit,
329 2536 379 2568 vel
407 2537 548 2578 Apollini
578 2537 750 2579 Delphinio
779 2538 872 2579 (Plu-

212 2585 350 2622 tarchus,
381 2585 475 2616 Thes.
505 2585 574 2626 14.)
604 2586 654 2617 vel
691 2587 870 2618 Minervae:

212 2634 398 2672 Pausanias,
421 2635 491 2666 Att.
507 2641 547 2677 'p.
573 2636 625 2667 66.
670 2635 715 2666 At
738 2636 873 2667 Ovidius

213 2683 376 2714 confundit
404 2688 564 2726 tempora;
585 2694 658 2715 nam
686 2689 808 2716 taurum
832 2685 869 2716 il-

212 2730 277 2762 lum
292 2731 386 2773 cepit,
399 2738 563 2775 postquam
575 2732 709 2765 Athenis
719 2740 870 2776 exceptus

937 1370 1005 1398 erat
1033 1376 1052 1397 a
1081 1371 1182 1408 patre.
1237 1363 1320 1394 Vide
1343 1360 1475 1393 Meursii
1502 1359 1597 1391 Thes.

936 1425 1008 1456 cap.
1023 1415 1072 1445 10.
1120 1414 1189 1443 Suis
1205 1423 1338 1443 securus.
1383 1411 1482 1441 Notat
1495 1409 1595 1439 Hein-

936 1463 1000 1494 sius
1025 1463 1094 1494 voci
1116 1473 1239 1493 securus
1261 1462 1419 1502 eleganter
1448 1458 1522 1490 addi
1543 1467 1596 1488 ca-

936 1523 1005 1544 sum
1029 1511 1214 1543 secundum.
1271 1510 1418 1550 Cromyon
1443 1513 1497 1539 aut
1524 1507 1596 1537 Cre-

935 1573 1036 1602 myon,
1053 1561 1141 1591 vicus
1157 1559 1311 1591 Corinthi.
1344 1559 1393 1589 Ibi
1407 1570 1467 1594 sus,
1499 1556 1597 1588 Phaea

936 1610 1033 1646 dicta,
1047 1609 1164 1640 ferocia
1177 1616 1208 1639 et
1222 1607 1438 1649 magnitudine
1456 1605 1597 1647 insignis,

937 1669 996 1690 nee
1012 1669 1101 1700 agros
1121 1658 1220 1689 solum
1234 1663 1373 1693 vastans,
1388 1656 1442 1687 sed
1459 1655 1598 1686 homines

937 1708 1033 1739 etiam
1052 1707 1211 1743 occidens,
1228 1717 1323 1748 quarn
1345 1705 1502 1737 interfecit
1516 1704 1597 1735 The-

937 1768 1027 1788 seus:
1053 1756 1253 1792 Plutarchus,
1267 1756 1360 1787 Thes.
1381 1757 1414 1787 9.
1457 1753 1597 1785 Tertium

938 1806 996 1837 hoc
1012 1805 1071 1837 suit
1084 1806 1197 1836 Thesei
1212 1816 1295 1845 opus.

983 1856 1058 1887 436.
1075 1856 1177 1885 Tellus
1193 1854 1395 1895 Epidauria]
1421 1853 1598 1895 Epidaurus

940 1905 1013 1935 urbs
1027 1910 1076 1935 est
1090 1903 1307 1945 Peloponnesi,
1324 1902 1500 1944 AEsculapii
1520 1909 1599 1933 tem-

938 1954 991 1995 plo
1012 1953 1137 1984 nobilis.
1183 1953 1221 1983 In
1237 1952 1406 1994 Epidaurio
1423 1963 1497 1993 agro
1512 1953 1597 1983 Peri-

938 2002 1067 2044 pheten,
1088 2003 1218 2033 Vulcani
1237 2012 1275 2033 ex
1289 2002 1411 2032 Antilia
1425 2002 1534 2038 filium,
1551 2001 1598 2032 in·

938 2051 1071 2088 terfecit‚
1087 2051 1170 2093 quod
1185 2051 1245 2082 fuit
1260 2051 1395 2093 primum
1418 2051 1485 2093 ejus
1509 2061 1597 2093 opus.

939 2099 1090 2131 Armatus
1102 2100 1156 2130 ille
1172 2106 1238 2131 erat
1253 2100 1343 2132 clava
1358 2099 1517 2142 (κορύνῃ)
1539 2100 1599 2131 ser-

939 2159 1002 2185 rea,
1018 2149 1101 2179 unde
1117 2148 1300 2190 κορυνήτης
1324 2155 1355 2180 et
1376 2151 1510 2189 claviger
1531 2149 1598 2180 dic-

939 2202 1001 2228 tus.
1037 2197 1237 2233 Plutarchus,
1264 2198 1356 2228 Thes.
1381 2199 1423 2236 83
1459 2198 1597 2229 Pausan.

940 2246 1082 2277 Corinth.
1111 2257 1142 2288 p.
1168 2247 1249 2285 1123
1283 2246 1504 2288 Apollodorus,
1531 2247 1597 2277 III.

941 2294 1006 2325 xvi.
1035 2296 1064 2326 1.
1120 2295 1306 2331 Procrustes,
1336 2295 1476 2337 Neptuni
1507 2295 1600 2332 filius,

941 2354 1118 2375 mensuram
1146 2344 1304 2386 hospitum
1331 2344 1372 2374 ad
1400 2344 1515 2375 lectum
1544 2355 1599 2386 ap-

941 2398 1022 2423 tans.
1069 2393 1100 2423 Si
1121 2392 1276 2433 longiores
1298 2398 1400 2424 essent
1425 2393 1518 2429 lecto,
1535 2403 1600 2424 am-

941 2442 1075 2483 putabat
1096 2442 1305 2484 prominentes
1329 2441 1464 2483 corporis
1486 2448 1601 2484 partes,

939 2490 986 2520 sin
1001 2490 1167 2527 breviores,
1182 2490 1296 2522 incude
1312 2490 1472 2532 supposita
1487 2497 1599 2522 extun-

940 2538 1036 2569 debat
1057 2539 1175 2581 pedes:
1200 2539 1399 2574 Plutarchus,
1421 2539 1515 2570 Thes.
1541 2541 1600 2579 ll;

940 2587 1096 2628 Hyginus,
1111 2588 1174 2619 sab.
1189 2590 1241 2619 38.
1291 2588 1463 2619 Habitabat
1487 2589 1526 2620 ad
1545 2590 1598 2621 Ce-

937 2636 1092 2674 phissnm:
1130 2636 1314 2673 Pausanias,
1351 2637 1450 2668 Attic.
1489 2648 1521 2679 p.
1547 2639 1599 2670 92.

938 2684 1020 2715 Eum
1049 2684 1205 2716 interfecit
1231 2685 1382 2723 Theseus,
1416 2685 1512 2727 idque
1541 2686 1600 2718 fuit

937 2740 1058 2766 sextum
1073 2735 1141 2777 ejus
1155 2745 1243 2777 opus.
