1763 3181
241 179 325 220 440

626 177 676 218 Ρ.
709 177 819 218 OVI
829 176 919 218 DII
953 172 1231 218 NASONIS

246 293 456 348 Palluit;
485 300 535 339 et
559 292 722 339 subito
743 292 848 339 sine
873 291 1112 354 sanguine
1138 289 1315 353 frigida
1338 290 1483 338 sedit.
1529 292 1617 336 136

249 371 387 418 Neve
412 385 585 433 parurn
609 369 803 416 valeant
827 385 856 416 a
879 385 932 416 se
957 369 1074 415 data
1097 367 1332 430 gramina,
1357 382 1555 414 carmen

243 446 499 494 Auxiliare
520 446 668 502 canit,
695 453 1011 509 secretasque
1033 446 1240 493 advocat
1259 452 1405 492 artes.

246 522 351 578 Ille,
378 539 577 585 gravem
600 523 788 571 medios
813 523 1002 571 silicem
1021 523 1270 587 jaculatus
1295 522 1344 568 in
1369 522 1552 576 hostes,

244 599 290 645 A
315 615 368 647 se
393 600 653 664 depulsum
679 599 894 648 Martem
919 599 1160 647 convertit
1183 599 1233 645 in
1257 599 1407 662 ipsos.

1530 600 1622 644 140

244 675 524 738 Terrigenae
550 684 760 740 pereunt
784 692 871 740 per
889 684 1062 724 mutua
1083 677 1285 723 vulnera
1307 675 1512 731 fratres3

247 751 494 815 Civilique
518 754 704 800 cadunt
727 753 832 801 acie
855 771 864 801 :

904 760 1159 816 gratantur
1183 752 1358 799 Achivi
1377 770 1388 809 ;

243 828 597 892 Victoremque
610 838 803 887 tenent;
824 830 1079 893 avidisque
1091 829 1401 893 amplexibus
1416 828 1619 874 haerent.

244 904 320 952 Tu
342 922 542 969 quoque
567 907 803 954 victorem
829 908 1110 971 complecti,
1138 907 1362 960 barbara,
1388 905 1568 959 velles3

245 981 455 1030 Obstitit
478 983 674 1047 incepto
699 984 859 1047 pudor
879 1001 889 1031 ε

930 991 980 1031 et
1003 983 1264 1047 complexa
1287 981 1493 1039 fuisses3
1529 983 1619 1027 145

246 1058 346 1106 Sed
372 1066 437 1115 te,
464 1076 526 1107 ne
550 1060 756 1116 faceres,
783 1061 945 1108 tenuit
969 1061 1240 1108 reverentia
1263 1059 1421 1107 famae.

246 1135 392 1190 Quod
417 1138 549 1193 licet,
577 1137 758 1185 affectu
782 1138 932 1184 tacito
957 1138 1166 1195 laetaris;

1207 1137 1414 1200 agisque

244 1212 560 1261 Carminibus
592 1222 772 1277 grates,
799 1221 850 1262 et
874 1214 964 1261 Dis
989 1214 1274 1261 auctoribus
1299 1214 1488 1260 horum.

311 1290 607 1354 Pervigilem
631 1298 858 1355 superest
880 1292 1046 1339 herbis
1071 1291 1233 1355 sopire
1252 1291 1533 1345 draconem,

290 1449 360 1480 137.
390 1449 563 1486 Gramina,·
599 1449 713 1480 herbae.
761 1450 901 1486 Carmen,

245 1497 377 1528 formula
390 1499 525 1540 magica.
559 1499 710 1529 Formulis
725 1499 787 1530 vim
803 1499 901 1530 maxi-

245 1556 327 1577 mam
351 1547 530 1578 tribuebant
547 1548 679 1579 Veteres
695 1547 789 1578 etiam
805 1547 837 1577 in
852 1558 902 1578 sa-

245 1596 355 1627 nandis
378 1596 577 1634 hominibus;
602 1597 768 1632 Homerus,
788 1597 852 1629 Od.
866 1602 902 1629 Τ.

245 1644 327 1682 457;
364 1644 528 1682 Pindarus,
558 1645 652 1686 Pyth.
674 1646 718 1676 iii.
741 1647 794 1677 89.
837 1648 902 1678 Ad-

245 1699 329 1723 vocat
353 1694 434 1724 bene
454 1704 486 1725 se
511 1694 616 1730 habet,
638 1703 669 1725 et
688 1694 833 1726 convenit
856 1696 905 1737 τῷ

247 1744 419 1780 auziliar23
444 1750 490 1775 est
515 1743 598 1774 enirn
623 1743 655 1774 in
679 1744 828 1776 auxilium
851 1756 902 1776 vo—

247 1801 330 1822 care.

291 1840 361 1871 139.
386 1840 454 1877 Ille,
475 1841 553 1882 etc.]
581 1841 768 1884 Conjectum
791 1843 830 1873 ab
851 1844 903 1873 Ia-

244 1899 317 1920 sone
345 1889 377 1920 in
405 1890 516 1931 vulgus
540 1889 701 1922 seditionis
724 1902 831 1922 semen
856 1892 902 1922 in—

245 1937 360 1974 nuitur,
377 1938 458 1970 unde
481 1944 589 1970 mutuo
609 1939 689 1971 inter
703 1950 736 1971 se
755 1940 903 1983 civilique

243 1987 327 2018 bello
341 1988 535 2024 interierunt,
553 1994 587 2019 ut
602 1989 680 2020 libro
694 1989 740 2020 iii.
758 1991 827 2021 118.

292 2038 363 2068 143.
383 2038 584 2078 Victor-eraque
599 2045 699 2069 tenent
711 2050 722 2076 ;
738 2039 818 2080 etc.]
836 2039 903 2070 Ad-

245 2086 350 2117 volant
382 2093 414 2118 et
442 2086 624 2118 redeuntem
658 2088 902 2129 amplectuntur.

246 2135 296 2166 De
319 2142 428 2172 tenere,
448 2136 520 2167 vide
541 2135 581 2167 ad
600 2146 665 2167 ver.
690 2137 742 2167 66.
787 2137 903 2174 Pudor,

246 2195 308 2226 quo
323 2186 489 2216 verebatur
503 2185 590 2226 virgo
606 2185 705 2216 virum
720 2186 904 2227 complecti3

244 2233 300 2264 sed
329 2234 411 2265 hunc
440 2234 588 2276 pudorem
612 2234 750 2271 vicisset,
773 2234 832 2266 nisi
856 2246 903 2266 re-

246 2283 385 2314 verentia
405 2283 495 2314 samae
520 2293 589 2314 eam
613 2285 765 2320 tenui-sset,
786 2283 902 2316 retinu-

245 2331 332 2363 isset.
376 2332 429 2363 Sie
457 2332 535 2363 nihil
565 2332 615 2363 hic
641 2333 786 2364 otiosum.
831 2333 903 2364 Non

244 2381 339 2423 igitur
360 2388 438 2418 erat,
461 2393 516 2413 cur
531 2382 679 2413 Heinsius
695 2393 816 2414 versum
844 2384 903 2415 145

244 2431 382 2473 spurium
393 2431 548 2473 judicaret
564 2443 572 2469 ;
598 2431 730 2463 Lenzius
745 2442 818 2463 vero
832 2442 902 2463 eum

245 2490 317 2510 curn
331 2480 472 2522 sequenti
494 2480 525 2511 in
544 2491 639 2511 unum
655 2481 782 2512 conflari
798 2481 903 2518 vellet,

247 2534 282 2560 ut
297 2530 391 2560 verba
414 2537 443 2560 et
465 2532 612 2570 complexa
625 2530 740 2572 fuisses
751 2542 762 2567 ,·
787 2532 845 2562 Sed
864 2538 903 2567 te,

246 2589 282 2609 ne
292 2578 415 2619 faceres
429 2589 466 2610 ex
481 2579 586 2619 glossa
601 2578 689 2611 illata
703 2586 815 2611 essent.
860 2580 903 2610 Hi

247 2626 309 2658 duo
324 2638 430 2658 versus
448 2628 508 2659 145
525 2634 557 2659 et
575 2628 635 2658 146
650 2628 740 2659 aliter
757 2628 902 2660 ordinan-

248 2681 298 2706 tur
321 2676 354 2706 in
381 2676 490 2707 nostris
511 2677 698 2708 Codicibus:
724 2677 781 2707 Sed
804 2683 841 2712 te,
866 2688 903 2708 ne

237 2724 368 2763 faceres,
393 2728 491 2755 tenuit
516 2727 679 2756 reverentia
698 2726 818 2766 ⁸famam
844 2726 902 2756 Ob-

967 1452 1045 1481 stitit
1060 1451 1174 1490 incepto
1186 1451 1296 1490 pudor,
1307 1455 1341 1480 ut
1352 1447 1624 1490 complexafuisses.

973 1500 1014 1530 Ut
1030 1510 1083 1541 pro
1099 1510 1145 1535 ne,
1157 1499 1239 1541 quod
1254 1505 1324 1541 post
1338 1510 1371 1529 se
1387 1498 1481 1529 trahit
1497 1499 1623 1529 verbum

968 1549 1090 1583 obstare,
1102 1553 1210 1578 contra
1224 1548 1309 1588 leges
1324 1546 1471 1578 sermonis
1480 1546 1620 1578 videtur:

969 1596 1170 1628 nihilominus
1191 1596 1257 1627 haec
1279 1596 1372 1626 lectio
1400 1595 1475 1625 mihi
1499 1595 1624 1632 arridet,

970 1653 1001 1678 et
1014 1646 1059 1677 sic
1075 1646 1257 1688 interpungo
1270 1657 1276 1675 :
1304 1646 1427 1676 Obstitit
1439 1647 1554 1684 incepto
1566 1656 1624 1684 pu-

970 1698 1043 1727 dor:
1057 1702 1093 1726 ut
1107 1696 1253 1735 complexa
1259 1695 1393 1736 fuisses!
1415 1693 1499 1725 Hinc
1516 1693 1624 1725 vitium

970 1744 1111 1786 syntaxis
1137 1745 1247 1782 abest3
1276 1750 1308 1775 et
1335 1743 1403 1774 haec
1429 1743 1472 1774 ita
1501 1743 1624 1775 Gallice

970 1793 1163 1836 interpretari
1191 1798 1345 1835 possunt;
1377 1794 1407 1823 la
1431 1795 1550 1833 pudeur
1579 1792 1625 1823 t'a

969 1844 1107 1881 αντὲῑέες
1131 1854 1198 1874 sans
1221 1844 1295 1879 cela,
1317 1853 1424 1874 comme
1449 1848 1484 1872 tu
1507 1841 1625 1872 t’eusses

969 1893 1134 1923 embrasse!
1171 1894 1246 1932 Agis
1276 1891 1466 1922 Carminibus
1499 1897 1623 1933 grate-u

970 1941 1114 1983 agnoscis
1128 1941 1233 1972 deberi
1247 1940 1305 1971 hoe
1320 1940 1519 1971 carminibus.

1015 1991 1087 2021 149.
1109 1990 1301 2032 Pervigilem,
1320 1989 1401 2029 etc.]
1424 1989 1547 2020 Tertius
1566 1998 1624 2019 nu-

969 2050 1071 2071 merus
1094 2040 1218 2076 laboris,
1235 2039 1333 2070 vellus
1353 2048 1481 2070 aureum
1501 2038 1534 2068 in
1553 2038 1625 2068 luco

969 2089 1081 2120 Martis
1096 2099 1133 2120 ex
1150 2090 1256 2119 arbore
1274 2098 1458 2130 suspensum
1472 2093 1504 2118 et
1519 2097 1538 2118 a
1553 2087 1623 2118 dra—

969 2148 1045 2169 cone
1059 2144 1234 2169 servatum:
1260 2137 1407 2178 Apollon.
1423 2137 1466 2167 iv.
1483 2137 1542 2167 100
1552 2146 1624 2177 sqq.

973 2188 1152 2218 162—-166-
1199 2187 1300 2217 Draco
1314 2185 1498 2217 describitur
1511 2186 1550 2216 ab
1563 2186 1621 2217 Or-

969 2236 1060 2278 pheo,
1076 2236 1139 2267 926
1154 2246 1223 2277 sqq.
1237 2234 1366 2266 Heroid.
1381 2234 1433 2265 xii.
1453 2236 1523 2266 101.
1549 2235 1625 2266 Erat

970 2285 1113 2326 ᾶμμορος
1127 2284 1248 2319 ὕπνου,
1267 2284 1408 2325 pervigil.
1444 2283 1493 2314 De
1509 2284 1624 2325 linguis

970 2336 1077 2370 tribus,
1094 2334 1166 2364 vide
1189 2333 1227 2364 ad
1248 2333 1293 2364 iii.
1309 2335 1361 2364 34.
1405 2334 1515 2364 Arietis
1535 2335 1622 2364 aurei

970 2382 1056 2414 dedit
1079 2383 1227 2414 Heinsius
1251 2382 1342 2413 unius
1363 2382 1434 2413 MS.
1449 2381 1546 2412 ductu
1569 2391 1623 2422 pro

970 2434 1082 2463 arboris
1109 2442 1218 2468 aureoe,
1244 2431 1326 2473 quod
1351 2431 1380 2461 ei
1405 2430 1513 2462 durum
1535 2430 1621 2461 vide-

969 2481 1062 2512 batur
1088 2481 1128 2512 de
1157 2481 1265 2511 arbore
1294 2479 1395 2511 vellus
1422 2489 1549 2510 aureum
1578 2479 1622 2510 se-

968 2536 1067 2561 rente.
1104 2529 1165 2561 Sed
1181 2530 1214 2560 in
1225 2532 1318 2560 ariete
1328 2540 1419 2560 aureo
1433 2527 1622 2569 metonymia

969 2589 1029 2610 non
1044 2578 1151 2610 lenior.
1195 2579 1381 2619 Suspensum
1403 2583 1508 2608 autem
1523 2577 1623 2609 vellus

967 2638 985 2658 e
1014 2639 1102 2659 sacra
1125 2628 1196 2669 fago
1221 2627 1276 2663 ita,
1299 2633 1334 2658 ut
1354 2625 1489 2668 speciem
1515 2626 1621 2657 arietis

967 2688 1052 2708 ramo
1061 2676 1223 2708 insidentis
1236 2677 1387 2718 praeberet
1400 2688 1407 2707 ι
1424 2675 1524 2717 Orph.
1537 2676 1601 2706 924
1611 2686 1621 2713 ;

967 2727 1072 2768 ibique
1089 2727 1256 2757 Gesnerus.
