1763 3181
442 173 1064 216 METAMORPHOSEON
1097 173 1217 215 LIB.
1241 174 1322 216 IV.
1489 177 1572 218 279

188 293 219 312 “
238 287 459 346 Invide,''
484 289 733 344 dicebant,
764 295 794 313 “
816 289 996 354 paries,
1024 287 1145 352 quid
1178 289 1457 337 amantibus
1483 292 1569 338 ob-

384 374 485 414 stas
502 367 520 414 ἲ

185 441 440 496 Quantum
465 450 586 499 erat,
613 449 668 490 ut
692 442 878 491 sineres
904 459 993 490 nos
1027 449 1131 490 toto
1159 459 1365 507 corpore
1393 444 1570 507 jungi?

182 518 286 566 Aut
309 519 401 567 hoc
427 519 467 566 si
493 519 714 575 nimium,
741 520 817 567 vel
843 520 905 566 ad
930 520 1101 566 oscula
1125 520 1289 567 danda
1313 522 1536 584 pateres!

183 596 291 642 Nec
318 612 487 643 sumus
512 596 720 659 ingrati:
760 596 849 643 tibi
874 613 963 643 nos
987 597 1169 661 debere
1194 597 1421 653 fatemur,
1504 602 1565 646 76

184 672 330 727 Quod
356 674 502 721 datus
529 680 604 720 est
618 673 780 720 verbis
797 674 859 719 ad
885 673 1070 720 amicas
1095 674 1333 721 transitus
1355 676 1549 722 aures.”

184 749 324 798 Talia
347 751 542 798 diversa
566 751 901 814 nequicquam
928 752 1046 799 sede
1072 752 1284 815 loquuti,

184 828 290 875 Sub
315 836 513 876 noctem
538 829 726 885 dixere,
752 829 876 878 Vale
898 848 908 887 ;
949 830 1179 893 partique
1205 831 1389 878 dedere

184 906 374 953 Oscula
398 905 614 970 quisque
640 923 757 963 suae,
785 923 882 954 non
909 907 1249 970 pervenientia
1270 913 1456 954 contra.
1509 911 1571 955 80

249 983 459 1031 Postera
483 990 751 1031 nocturnos
776 982 968 1031 Aurora
992 991 1266 1031 removerat
1290 984 1447 1046 ignes,

183 1060 372 1124 Solque
396 1061 655 1124 pruinosas
681 1060 830 1107 radiis
857 1060 1129 1108 siccaverat
1153 1061 1331 1108 herbas
1354 1079 1364 1117 ;

180 1138 261 1185 Ad
286 1138 484 1185 solitum
510 1140 671 1185 coiere
692 1138 884 1185 locum:
913 1145 1019 1184 tum
1044 1153 1294 1185 murmure
1320 1154 1469 1200 parvo

180 1214 345 1263 Multa
369 1217 504 1279 prius
525 1215 706 1278 questi,
735 1222 973 1272 statuunt,
992 1222 1056 1262 »ut
1081 1222 1229 1262 nocte
1256 1215 1418 1261 silenti

180 1292 373 1341 Fallere
395 1293 647 1349 custodes,
668 1293 958 1356 foribusque
984 1293 1228 1340 excedere
1254 1298 1475 1349 tentent;
1507 1295 1567 1339 85

179 1369 450 1434 Quumque
465 1371 611 1417 domo
634 1369 847 1418 exierint
866 1368 1000 1416 urbis
1029 1385 1232 1432 quoque
1257 1369 1474 1416 claustra
1494 1385 1568 1417 re-

381 1448 611 1511 linquant
632 1465 641 1495 :

180 1523 320 1573 Neve
346 1525 411 1572 sit
435 1525 699 1573 errandum
718 1526 819 1573 lato
845 1524 1176 1589 spatiantibus
1203 1541 1333 1582 arvo,

180 1601 494 1650 Conveniant
517 1603 581 1650 ad
605 1603 755 1650 busta
777 1602 912 1658 Nini,
940 1602 1227 1664 lateantque
1253 1602 1346 1648 sub
1372 1602 1549 1648 umbra

179 1680 414 1728 Arboris:
455 1681 598 1728 arbor
623 1680 707 1736 ibi,
735 1679 892 1727 niveis
920 1679 1168 1726 uberrima
1189 1678 1368 1741 pomis,

179 1757 350 1805 Ardua
374 1773 555 1815 morus,
583 1764 704 1813 erat,
732 1757 896 1820 gelido
922 1755 1230 1803 contermina
1253 1755 1392 1802 fonti.
1505 1758 1568 1802 90

221 1940 273 1972 78.
310 1939 423 1981 Sedes]
462 1940 573 1975 Locus,
609 1940 663 1972 ubi
701 1941 836 1973 stabant.

179 1989 318 2026 Diversa,
341 1988 494 2031 opposita.
534 1990 739 2031 Nequicquam
770 2002 837 2032 per-

177 2038 256 2070 tinet
277 2039 318 2070 ad
333 2046 439 2070 votum
455 2038 545 2076 illud,
561 2046 596 2070 ut
617 2039 713 2070 latius
734 2040 837 2082 paries

176 2094 310 2130 pateret.
349 2089 437 2125 Pars,
454 2099 564 2131 nempe
579 2089 716 2131 parietis.

219 2140 272 2170 81.
290 2139 412 2169 Postera
428 2145 588 2170 nocturnos
603 2141 734 2176 Aurora,
756 2139 833 2180 etc.]

174 2187 227 2218 Sic
252 2187 330 2218 libro
349 2187 405 2219 vii.
432 2189 505 2218 100.
533 2188 656 2220 Postera
678 2191 837 2229 depulerat

176 2238 276 2267 stellas
310 2238 432 2268 Aurora
471 2239 622 2268 micantes.
675 2237 736 2268 Hic
773 2237 836 2268 ele-

175 2286 298 2328 gantior
324 2293 484 2318 nocturnos
507 2289 603 2329 ignes,
634 2297 706 2317 nam
735 2287 836 2318 stellae

177 2340 249 2366 sunt
277 2336 350 2367 coeli
379 2337 475 2367 faces.
535 2336 688 2372 Custodes,
721 2336 837 2377 janito-

178 2395 237 2416 res.

221 2435 274 2465 86.
310 2434 399 2465 Urbis
422 2435 556 2465 claustra
585 2445 623 2465 ex
648 2445 710 2465 uno
730 2434 835 2464 Bono·

177 2482 278 2514 niensi
311 2483 399 2514 dedit
428 2485 628 2515 Burmannus
661 2495 715 2526 pro
746 2489 835 2514 tecta.

178 2532 309 2563 Etiamsi
338 2532 432 2563 nostri
462 2533 554 2574 Regii
583 2533 718 2563 habeant
748 2539 836 2568 tecta,

177 2582 387 2613 consentimus
412 2588 516 2613 tamen
538 2583 739 2620 Burmanno;
765 2592 836 2612 nam

178 2636 256 2661 tecta
269 2631 308 2661 de
325 2630 480 2667 domibus,
497 2642 558 2662 non
568 2632 608 2662 de
625 2631 752 2662 urbibus
767 2641 836 2672 quae

178 2679 293 2711 clausae
323 2691 385 2711 non
413 2686 504 2712 tectae
539 2687 623 2713 sunt.
676 2681 770 2718 Quod
799 2680 838 2710 ad

177 2736 269 2769 septa,
294 2730 392 2762 rarius
420 2736 485 2769 est;
509 2737 541 2762 at
566 2730 748 2762 Lucretius:
784 2742 837 2760 na-

904 1948 979 1972 turae
1002 1947 1162 1980 portarum
1182 1940 1316 1970 claustra
1341 1945 1372 1970 et
1392 1940 1459 1969 vitae
1482 1939 1567 1968 clau-

902 1998 987 2027 stra5
1012 1990 1178 2022 Juvenalis
1203 1990 1303 2030 Satyr.
1329 1988 1398 2019 viii.
1429 1989 1568 2019 &zadram

902 2047 1058 2081 portarum
1086 2041 1242 2077 claustra3
1272 2038 1401 2074 Statim,
1432 2038 1568 2068 Thebai-

904 2090 960 2120 dos
982 2102 1012 2120 Χ.
1028 2090 1102 2120 644.
1127 2089 1294 2119 Thebarum
1316 2088 1466 2117 claustra.
1512 2087 1567 2117 In-

904 2140 950 2170 fra
963 2139 1030 2170 viii.
1055 2140 1106 2170 70.
1128 2145 1287 2178 portarum
1310 2138 1462 2167 claustra.
1499 2136 1566 2167 Βιι-

903 2196 992 2225 stum,
1009 2189 1198 2230 sepulcrum,
1213 2193 1448 2217 monumentum
1464 2186 1567 2227 sepul-

904 2239 998 2274 crale,
1018 2238 1153 2279 τύμβος.
1199 2236 1250 2267 Sic
1269 2238 1387 2266 bustum
1409 2236 1565 2266 Sardana-

900 2290 977 2329 pali,
997 2288 1126 2322 Catulli,
1145 2285 1275 2316 aliorum
1289 2285 1373 2326 apud
1390 2284 1459 2316 Cic.
1488 2284 1564 2314 Pro-

904 2338 969 2379 prie
999 2338 1115 2367 bustum
1144 2336 1242 2370 locus,
1272 2334 1303 2364 in
1332 2345 1393 2375 quo
1432 2333 1567 2364 cadaver

904 2388 1100 2417 combustum
1112 2391 1143 2416 et
1152 2385 1309 2426 sepultum
1321 2396 1328 2422 ;
1341 2383 1413 2414 vide
1424 2382 1567 2414 Kirchm.

905 2436 943 2465 de
964 2435 1138 2466 Funeribus
1161 2434 1295 2464 Roman.
1310 2432 1366 2463 lib.
1379 2433 1443 2462 III.
1462 2442 1532 2473 cap.
1548 2431 1570 2462 i.

905 2484 974 2515 init.
1013 2484 1112 2514 Miror
1128 2489 1232 2514 tamen
1251 2493 1268 2512 a
1284 2483 1398 2512 Nostro
1416 2483 1499 2511 busta
1516 2480 1567 2511 hic

905 2539 1156 2567 commemorata,
1194 2542 1290 2572 quum
1328 2530 1437 2560 Romae
1471 2540 1569 2559 mere-

905 2583 998 2613 trices
1024 2582 1086 2612 fere
1110 2581 1150 2612 ad
1178 2581 1270 2611 busta
1293 2584 1567 2615 commorarentur,

907 2632 989 2663 unde
1007 2633 1168 2662 bustum-ize
1183 2631 1308 2661 τηατ-ἤιε.

949 2682 1003 2711 90.
1035 2680 1113 2710 Fons
1143 2679 1193 2710 hic
1229 2683 1416 2709 memoratur
1444 2682 1568 2718 propter

908 2740 1030 2761 versum
1046 2730 1098 2759 93.
