1763 3181
403 167 1027 210 METAMORPHOSEON
1060 168 1179 210 LIB.
1205 168 1288 210 IV.
1463 170 1549 211 289

159 283 267 331 Nec
283 289 337 330 tu
352 284 456 347 jam
474 290 672 347 poteras
692 290 922 332 enectum
937 284 1156 347 pondere
1171 291 1313 331 terrae
1353 284 1541 345 [cebaS.

158 359 367 416 Tollere,
395 360 632 423 nympha,
659 367 837 424 caput3
879 377 1162 424 corpusque
1188 377 1443 423 exsangue
1472 362 1547 424 ja-

160 438 245 484 Nil
270 439 354 485 illo
379 438 532 485 fertur
555 438 810 485 volucrum
836 439 1116 486 moderator
1141 455 1381 502 equorum
1452 441 1548 485 245

161 517 285 564 Post
310 517 680 564 Phaethonteos
705 516 888 564 vidisse
913 516 1160 563 dolentius
1187 516 1343 578 ignes.

161 594 253 641 Ille
279 594 479 656 quidem
503 593 693 655 gelidos
719 593 968 640 radiorum
992 592 1178 639 viribus
1205 599 1356 648 artus,

164 670 216 716 Si
244 676 410 733 queat,
438 670 488 716 in
512 670 675 716 vivum
696 677 857 717 tentet
881 659 1110 717 revocare
1137 669 1380 724 calorem;

165 747 282 803 Sed,
311 747 545 810 quoniam
569 748 721 795 tantis
747 747 902 794 fatum
928 747 1188 794 conatibus
1215 747 1398 800 obstat,

164 824 379 871 Nectare
405 825 609 871 odorato
635 825 816 888 sparsit
841 840 1124 888 corpusque
1143 824 1426 885 locumque,
1455 827 1552 869 250

164 901 429 964 Multaque
461 909 790 965 praequestus,
829 907 860 925 “
887 901 1084 963 Tanges
1117 908 1285 947 tamen
1321 899 1553 955 aethera,”

164 978 396 1025 Protinus
422 979 668 1026 imbutum
693 980 885 1026 coelesti
910 985 1111 1026 nectare
1137 994 1316 1041 corpus
1388 977 1552 1039 [dixit.

165 1055 402 1111 Delicuit,
428 1062 711 1119 terramque
737 1073 826 1104 suo
851 1055 1118 1103 madefecit
1142 1055 1292 1101 odore
1313 1073 1323 1111 ;

165 1131 420 1196 Virgaque
443 1150 532 1197 per
557 1134 728 1196 glebas
755 1134 938 1182 sensim
964 1133 1214 1181 radicibus
1241 1132 1365 1179 actis

166 1209 330 1257 Turea
353 1211 585 1268 surrexit,
612 1212 961 1275 tumulumque
985 1209 1245 1258 cacumine
1270 1209 1419 1273 rupit.
1460 1212 1555 1256 255

234 1286 302 1334 At
328 1287 548 1351 Clytien,
577 1288 802 1350 quamvis
829 1304 964 1336 amor
989 1303 1230 1336 excusare
1255 1287 1477 1333 dolorem

169 1363 518 1427 Indiciumque
544 1365 683 1412 dolor
707 1372 916 1429 poterat,
944 1381 1043 1411 non
1069 1363 1282 1427 amplius
1309 1370 1481 1410 auctor

172 1439 321 1488 Lucis
347 1441 476 1499 adit3
517 1443 811 1506 venerisque
839 1442 1041 1489 modum
1068 1441 1160 1487 sibi
1186 1440 1303 1487 fecit
1327 1440 1376 1486 in
1401 1440 1500 1487 illa.

168 1518 354 1565 Tabuit
377 1534 439 1566 ex
465 1518 549 1566 illo
575 1520 834 1567 dementer
858 1519 1107 1566 amoribus
1134 1534 1239 1574 usa,

168 1595 518 1659 Nympharum
536 1596 801 1661 impatiens
816 1617 825 1655 ;
857 1606 908 1645 et
924 1598 1015 1644 sub
1032 1596 1170 1652 Jove,
1194 1604 1341 1643 nocte
1358 1596 1558 1658 dieque,

168 1671 314 1719 Sedit
336 1673 486 1720 humo
511 1674 661 1730 nuda,
689 1675 835 1721 nudis
862 1675 1114 1737 incompta
1138 1672 1361 1736 capillis;
1461 1676 1552 1720 261

168 1748 369 1813 Perque
393 1766 570 1798 novem
594 1751 748 1809 luceS,
777 1768 956 1816 expers
982 1751 1232 1813 undaeque
1258 1750 1475 1813 cibique,

209 1896 284 1926 251.
301 1894 416 1937 Tanges
427 1896 548 1932 aethera,
559 1896 634 1937 quia
648 1896 730 1933 thus,
744 1896 828 1938 quod

166 1943 321 1980 adoletur,
337 1956 457 1975 sursum
474 1945 604 1976 tollitur.

211 1994 284 2025 253.
310 1994 517 2034 Deliquescere
540 2005 622 2025 nunc
646 1995 685 2026 de
705 2006 830 2037 corpore

165 2053 282 2079 crasso,
300 2044 382 2084 quod
398 2044 508 2074 transit
522 2044 554 2074 in
570 2050 663 2076 tenue
678 2046 807 2087 plantae.

211 2093 285 2123 256.
311 2093 410 2133 Clytie
426 2094 458 2123 z'n
474 2094 692 2134 heliotropium.

212 2141 286 2172 258.
311 2141 448 2178 Modum,
478 2142 584 2173 finem.
617 2143 758 2185 Propert.
785 2143 831 2174 ΙΙ.

168 2188 222 2220 xii.
249 2191 310 2220 30:
351 2191 444 2222 Verus
470 2203 552 2222 amor
577 2193 698 2223 nullum
729 2193 833 2223 habere

168 2241 250 2269 novit
264 2241 393 2271 modam.
431 2241 594 2272 Dementer
609 2244 756 2272 amoribus
773 2244 830 2277 uti,

167 2288 276 2319 insano
299 2299 402 2320 amore
424 2290 565 2331 flagrare.
611 2291 832 2331 Nympharum.

169 2337 250 2368 Cod.
267 2345 369 2369 noster
383 2339 503 2380 Regius
515 2339 544 2369 A
556 2339 652 2370 habet
668 2339 832 2371 Silvarum.

170 2386 250 2417 Haec
265 2386 368 2423 lectio,
384 2386 409 2417 si
425 2387 613 2428 quibusdam
629 2388 696 2419 aliis
709 2388 834 2419 Codici—

170 2436 230 2466 bus
240 2435 412 2472 fulciretur,
422 2447 484 2467 non
490 2436 608 2467 insulsa
619 2437 696 2468 foret
707 2450 715 2476 3
724 2448 834 2479 nempe

172 2485 343 2527 Nymphae‚
368 2496 423 2527 pro
446 2485 533 2516 silvis
557 2496 635 2527 quas
659 2486 721 2517 illae
746 2486 834 2518 habi-

169 2538 249 2569 tant,
260 2540 389 2575 possunt
405 2534 519 2576 accipi.
553 2535 762 2575 Nympharum
775 2536 833 2565 im-

169 2583 305 2624 patiens,
337 2583 540 2614 reformidans
577 2584 834 2615 consuetudinem

170 2631 401 2672 Nympharum,
419 2639 454 2663 ut
472 2643 566 2674 supra
587 2635 645 2663 riri
669 2635 834 2676 impatiens.

172 2680 290 2711 Contra
311 2683 378 2720 pati
400 2681 439 2711 de
461 2692 509 2717 eo,
528 2681 580 2723 qui
601 2688 685 2713 amat
705 2693 834 2713 consue-

173 2729 313 2760 tudinem
343 2729 485 2767 afiorum,
516 2730 616 2772 iisque
645 2732 836 2773 obsequitur.

897 1897 1022 1927 Terent.
1049 1896 1149 1926 Andr.
1176 1895 1202 1926 Ι.
1226 1895 1247 1925 i.
1273 1896 1325 1926 35.
1341 1895 1444 1936 facile
1468 1907 1563 1925 omnes

896 1946 1033 1988 perferre
1049 1957 1083 1976 ac
1097 1947 1174 1985 pati.
1221 1945 1282 1974 Sub
1297 1944 1380 1980 Jove,
1396 1944 1461 1975 ὑπὸ
1476 1945 1562 1981 Διὸς,

898 1997 955 2027 sub
972 1995 1036 2025 dio.

942 2045 1014 2075 262.
1042 2044 1101 2074 Per
1125 2055 1226 2074 novem
1252 2045 1351 2080 [αι-ες,-
1376 2042 1446 2073 vide
1470 2041 1509 2072 ad
1532 2053 1563 2072 x.

901 2095 953 2126 73.
998 2094 1078 2124 Rure
1092 2095 1219 2133 jejunia
1231 2104 1362 2132 pascere,
1379 2091 1564 2133 exquisitius

902 2154 996 2184 quam
1013 2153 1080 2174 rore
1095 2142 1190 2178 vesci,
1208 2152 1274 2172 rore
1294 2141 1393 2183 pasci.
1442 2141 1563 2177 limitis,

900 2203 955 2234 per
974 2192 1048 2222 coeli
1070 2191 1223 2222 ambitum
1244 2189 1445 2221 decurrentis.
1492 2190 1562 2220 Hcs-

900 2245 978 2277 sisse,
994 2252 1105 2282 nempe
1126 2239 1295 2276 radicibus,
1313 2239 1396 2281 quod
1421 2239 1564 2269 additum

900 2291 924 2321 i.
949 2293 1028 2322 551:
1064 2290 1107 2321 ix.
1129 2291 1202 2320 351.
1249 2290 1356 2319 Pallor
1381 2296 1412 2320 et
1438 2288 1565 2319 mortuis

902 2341 1059 2375 tribuitur,
1091 2346 1122 2370 et
1150 2338 1301 2369 viridibus
1328 2339 1442 2369 herbis.
1474 2338 1563 2379 Yirg.

902 2391 970 2421 Ecl.
984 2390 1025 2420 vi.
1041 2390 1104 2427 543
1140 2391 1246 2419 viridis
1266 2390 1376 2428 pallor,
1394 2387 1468 2419 Cul.
1490 2388 1562 2417 142.

902 2439 991 2470 Idem
1020 2439 1103 2469 color
1131 2440 1287 2480 exsanguis
1316 2438 1438 2468 dicitur.
1485 2437 1563 2467 Inde

902 2487 1077 2529 impeditior
1105 2487 1173 2518 haec
1200 2495 1231 2518 et
1260 2487 1396 2527 argutior
1433 2485 1565 2516 formula

900 2543 1083 2576 partemque,
1100 2542 1160 2567 etc.
1176 2547 1239 2577 qua
1264 2547 1333 2577 pars
1355 2534 1512 2576 Nympha)
1533 2535 1566 2564 in

902 2586 1058 2616 calamum
1075 2585 1206 2615 viridem
1225 2584 1380 2615 transiisse
1401 2583 1568 2614 indicatur.

902 2635 953 2665 De
976 2636 1076 2664 lurido
1094 2633 1165 2664 vide
1189 2644 1226 2664 ac
1241 2634 1262 2663 i.
1280 2634 1350 2664 147.
1367 2632 1419 2663 ubi
1445 2633 1566 2662 Leti-ida

904 2685 1024 2713 miscent
1041 2685 1158 2713 aconita
1172 2694 1314 2712 norerccs.
1360 2681 1438 2712 Flos.
1454 2680 1565 2711 Helio-

905 2732 1050 2774 tropium‚
1071 2732 1174 2773 inquit
1198 2731 1331 2768 Plinius,
1350 2742 1383 2762 se
1406 2741 1478 2761 cum
1502 2730 1565 2761 sole
