1763 3181
228 180 314 221 264

603 179 652 219 Ρ.
689 178 898 220 OVIDII
933 178 1211 220 NASONIS

235 295 478 358 Serpunt;
519 301 570 340 et
595 294 806 356 gravidis
831 294 1140 355 distinguunt
1162 293 1271 339 vela
1295 291 1558 355 corymbis.

234 373 367 436 Ipse,
395 371 693 419 racemiferis
718 371 928 419 frontem
953 369 1287 417 circumdatus
1312 368 1433 423 uvis,

1516 370 1611 414 666

233 449 518 512 Pampineis
544 449 697 510 agitat
720 449 929 495 velatam
953 446 1208 494 frondibus
1230 446 1438 492 hastam.

234 525 395 579 Quem
420 525 552 572 circa
576 524 744 587 tigres,
772 524 1136 585 simulacraque
1160 522 1324 569 inania
1347 522 1563 584 lyncum,

234 602 590 664 Pictarumque
610 603 780 664 jacent
803 599 905 648 fera
928 615 1132 662 corpora
1157 599 1521 661 pantherarum.

232 677 466 725 Exiluere
491 678 605 735 viri3
646 679 747 725 sive
772 678 865 724 hoc
891 676 1082 724 insania
1104 676 1236 731 fecit,

1515 676 1613 721 670

227 754 340 802 Sive
365 755 537 811 timor;
578 754 866 818 primusque
893 753 1079 801 Medon
1104 753 1382 814 nigrescere
1407 749 1570 814 pinnis

229 917 342 945 circum
368 923 507 956 tempora,
528 916 636 958 Virgil.
658 917 728 947 Ecl.
746 915 812 946 viii.
836 917 886 947 13.

230 964 344 994 Noster
356 963 398 995 vi.
419 966 488 996 128.
535 965 654 995 Neiiles
678 966 801 996 hederae.
848 965 887 994 Ε-

225 1012 278 1052 jus
295 1013 407 1044 racemi
423 1013 454 1044 in
470 1014 573 1044 orbem
589 1013 782 1050 circumacti,
798 1019 842 1049 ut,
858 1014 889 1044 in

232 1061 305 1097 vite,
328 1064 468 1102 corymbi.
529 1063 670 1099 Gravidi,
695 1069 729 1094 ut
756 1065 889 1105 gravida:

230 1113 338 1146 aristae,
355 1111 375 1141 i.
391 1112 460 1143 110.
501 1112 714 1153 Distinguunt,
727 1123 780 1154 per
796 1112 890 1142 inter-

230 1160 314 1190 valla
342 1165 465 1191 ornant.
509 1161 591 1192 Plin.
616 1161 655 1191 V.
679 1161 736 1203 Ep.
761 1161 801 1191 vi.
829 1162 886 1191 16:

232 1208 348 1248 Xystus
377 1210 536 1240 distinctus
564 1212 650 1240 buxo.
698 1210 889 1251 Distringere

229 1256 301 1288 huic
317 1257 386 1288 loco
402 1257 504 1299 aptius
520 1269 612 1300 quam
629 1260 823 1300 distinguere,
835 1270 889 1300 pro

228 1317 346 1343 ornare,
363 1307 515 1338 existimo.
560 1308 666 1350 Caput
682 1309 800 1339 Bacchi
823 1309 888 1350 ple-

229 1366 358 1397 rumque
375 1356 486 1387 hedera
501 1356 650 1393 cinctum,
666 1357 820 1388 interdum
842 1364 889 1388 ta-

228 1415 300 1436 men
314 1410 345 1436 et
359 1405 524 1447 pampinis,
541 1412 576 1437 ut
590 1412 791 1437 monumenta
810 1406 888 1437 anti-

230 1464 292 1494 qua
308 1453 430 1485 docent.
476 1454 587 1496 Itaque
602 1467 665 1486 uvoe
680 1455 712 1486 in
728 1455 785 1486 hoc
797 1456 888 1486 mira-

229 1503 299 1533 culo
322 1502 476 1534 offendere
500 1515 562 1534 non
585 1504 711 1535 debent.
761 1503 887 1541 Umbris,

229 1552 312 1593 quod
341 1552 522 1584 Burmanno
545 1554 660 1596 placet,
687 1564 767 1584 nunc
798 1554 888 1585 nimis

227 1601 303 1632 foret
313 1602 481 1643 poeticum,
492 1614 549 1634 nec
560 1603 725 1645 quisquam
735 1603 825 1634 facile
836 1615 885 1634 ra-

228 1652 383 1692 cemiferos
419 1651 532 1683 dixerit
568 1654 706 1683 umbras.
764 1654 884 1694 Agim,

228 1710 311 1730 more
327 1700 556 1732 Bacchautium
568 1701 679 1743 jactat.
716 1702 888 1742 Pampineis

226 1751 326 1789 agitat
341 1750 478 1786 velatam,
491 1756 552 1781 etc.
596 1750 707 1791 Thyrsi
720 1750 887 1792 descriptio

228 1802 259 1827 et
283 1797 479 1840 periphrasis.
525 1799 680 1835 Catullus,
698 1799 736 1830 de
760 1800 886 1842 Nuptiis

227 1846 316 1877 Pelei
332 1853 362 1878 et
375 1848 499 1879 Thetid.
510 1849 588 1879 257:
615 1849 731 1879 Horum
741 1861 812 1889 pars
827 1856 885 1881 tec-

229 1901 259 1925 ta
273 1898 444 1935 quatiebant
458 1899 577 1937 cuspide
593 1898 715 1938 thyrsos.

270 1945 345 1975 668.
373 1945 465 1980 Quem
489 1948 570 1977 circa
596 1949 698 1988 tigres,
718 1947 795 1987 etc.]
833 1947 885 1977 Ti-

226 2004 305 2033 gres,
332 1994 439 2036 lynces
465 2001 496 2025 et
524 1995 684 2037 pantherae
710 1995 887 2037 significant

228 2042 378 2074 terrificas
390 2044 520 2086 species,
532 2043 682 2086 imagines
693 2050 724 2076 et
739 2045 885 2086 phantas-

226 2097 310 2122 mata
333 2102 403 2133 quae
426 2092 579 2123 ebriorum
606 2093 704 2124 oculis
727 2099 758 2124 et
777 2094 887 2125 animis

224 2140 436 2172 observantur.
491 2142 593 2184 Tigres
621 2149 652 2174 et
679 2144 841 2182 pantheroe,
869 2154 887 2174 a

227 2189 352 2220 Baccho
365 2190 398 2221 in
418 2190 511 2222 India
524 2191 656 2223 devictae
674 2193 886 2234 jungebantur

225 2238 292 2280 ejus
316 2239 430 2276 currui,
446 2240 546 2282 iisque
571 2241 767 2272 addebantur
791 2242 885 2273 etiam

226 2289 336 2328 lynces.
384 2290 470 2319 Bene
494 2291 598 2320 inania
613 2289 653 2321 de
669 2290 726 2321 hac
741 2290 885 2322 illusione

225 2336 428 2368 miraculosa:
464 2338 506 2369 iv.
530 2339 606 2369 404.
626 2339 714 2380 falsa
740 2351 884 2371 scenarum

224 2386 385 2416 simulacra
399 2386 556 2427 ferarum.
616 2388 720 2425 Pictoe,
746 2389 884 2420 maculo-

225 2444 277 2464 sae.
315 2434 366 2465 Sic
380 2437 540 2474 picturatae
555 2447 631 2473 aves,
648 2437 815 2469 claudian.
833 2439 885 2469 40.

227 2483 265 2520 3;
303 2484 402 2524 lynces
432 2484 545 2516 Bacchi
574 2488 674 2522 varia’,
706 2487 832 2518 AEneid.
860 2487 883 2518 i.

227 2532 301 2563 323.

267 2581 340 2612 670.
376 2582 517 2613 Eriluere
547 2585 615 2620 viri,
645 2584 722 2624 etc.]
755 2585 884 2620 Seneca,

226 2629 279 2669 qui
300 2629 381 2661 hunc
401 2630 503 2661 locum
525 2631 670 2674 respexit,
686 2643 792 2664 omnes
807 2644 883 2664 nau-

227 2684 274 2708 tas
285 2689 346 2709 una
359 2680 528 2711 mutatione
538 2682 764 2723 complectitur.
806 2683 880 2713 Bra-

225 2728 290 2757 chia
305 2731 401 2767 prima
417 2732 529 2760 cadunt
540 2732 735 2770 pradonibus,
751 2732 881 2762 Iltisum-

956 927 1009 956 que
1022 922 1106 946 utero
1115 921 1217 954 pectus
1231 915 1301 949 coit,
1319 913 1455 942 Parvula
1470 912 1612 951 dependet

955 965 1044 995 lateri
1068 975 1174 994 ritanus
1200 964 1239 993 Et
1264 964 1347 992 dorso
1364 962 1499 1003 fluctum
1523 971 1613 991 curvo

953 1015 1043 1050 subit,
1054 1013 1178 1044 Lunata
1188 1014 1296 1043 scindit
1308 1013 1404 1042 cauda
1416 1021 1507 1041 mare.
1551 1008 1613 1040 Sed

955 1063 1068 1093 Noster
1089 1063 1193 1104 plures
1215 1066 1327 1091 nautas
1347 1058 1512 1101 separatim
1532 1064 1563 1089 et
1580 1058 1612 1089 in

955 1117 1026 1143 actu
1042 1111 1175 1154 quodam
1192 1111 1223 1141 in
1240 1120 1350 1141 novam
1371 1109 1499 1139 formam
1516 1113 1614 1138 trans-

956 1167 1063 1192 euntes
1084 1160 1230 1196 ostendit,
1258 1165 1350 1201 atque
1373 1159 1418 1189 ita
1436 1168 1490 1200 per
1511 1163 1614 1199 partes

957 1216 988 1241 et
1002 1210 1034 1241 in
1049 1210 1189 1253 pluribus
1205 1207 1525 1240 transfor-mationibus
1545 1206 1613 1237 del-

956 1260 1118 1302 phinorum
1135 1259 1262 1289 formam
1279 1264 1483 1298 naturamque
1499 1255 1613 1287 descri-

956 1309 1012 1346 bit,
1027 1309 1066 1340 de
1088 1319 1151 1350 qua
1165 1308 1235 1339 vide
1251 1307 1282 1338 ii.
1297 1308 1371 1338 265.
1415 1306 1462 1336 Ex
1485 1305 1545 1336 hac
1569 1304 1613 1335 fa-

956 1359 1031 1390 bula
1045 1358 1210 1400 delphinus
1224 1363 1352 1388 vocatur
1369 1356 1541 1396 Tyrrhenus
1554 1356 1615 1395 pis-

955 1411 1007 1444 cis,
1022 1409 1152 1443 Seneca,
1175 1406 1287 1448 Agam.
1312 1407 1384 1437 451.
1429 1405 1496 1435 Sive
1519 1406 1613 1436 hoc—

957 1460 1053 1488 tz'mor.
1104 1456 1273 1499 Scriptores
1309 1462 1441 1497 utroque
1479 1454 1615 1486 trahunt.

955 1508 993 1538 In
1013 1507 1118 1549 hymn.
1141 1507 1266 1536 Homer.
1287 1516 1382 1547 quum
1400 1516 1479 1535 unus
1496 1504 1528 1534 in
1550 1504 1613 1535 leo-

955 1567 1025 1587 nem
1045 1561 1182 1587 mutatus
1203 1555 1353 1596 impetum
1368 1554 1400 1585 in
1413 1554 1548 1595 reliquos
1568 1553 1613 1584 fa-

955 1610 1050 1641 ceret,
1067 1605 1098 1635 hi
1121 1610 1204 1634 metu
1226 1602 1377 1645 perterriti
1398 1602 1563 1644 prosiliunt
1582 1601 1613 1632 in

954 1665 1039 1685 mare
1063 1659 1094 1685 et
1116 1652 1255 1694 delphini
1271 1652 1359 1683 fiunt.
1403 1652 1507 1682 Etiam
1530 1651 1614 1693 apud

955 1704 1116 1745 Hyginum
1131 1709 1161 1733 et
1177 1701 1318 1733 Servium
1336 1700 1478 1732 leonibus
1494 1707 1524 1732 et
1538 1711 1614 1743 pan-

954 1752 1049 1783 theris
1073 1757 1198 1794 repente
1224 1750 1474 1793 procurrentibus
1496 1756 1614 1781 terren-

955 1806 1016 1832 tur.
1049 1801 1110 1832 Sed
1125 1801 1255 1831 alteram
1267 1810 1394 1830 causam
1406 1798 1615 1841 Apollodorus

953 1850 1060 1887 habet,
1094 1850 1246 1892 ἐμμανεῖς
1287 1848 1464 1891 γενόμενοι.
1516 1847 1614 1890 Apud

953 1899 1209 1941 Aglaosfflenem,
1230 1898 1375 1929 Bacchus
1396 1897 1524 1929 comites
1543 1908 1614 1928 suos

955 1948 1171 1990 symphoniam
1196 1958 1307 1978 canere
1328 1947 1469 1989 jubebat,
1484 1957 1545 1988 qua
1559 1956 1614 1977 au-

954 1997 1030 2033 dita,
1042 1997 1192 2039 Tyrrheni
1206 1996 1318 2028 saltare
1334 1995 1536 2037 incipiebant,
1552 1995 1613 2027 sal-

954 2051 1118 2087 tantesque
1133 2046 1165 2076 in
1181 2056 1264 2077 mare
1287 2056 1320 2076 se
1339 2045 1545 2087 projiciebant
1567 2044 1614 2076 in-

953 2096 1020 2126 scii.
1047 2095 1151 2126 Etiam
1167 2096 1206 2126 ab
1218 2094 1407 2137 Apollodoro
1421 2094 1484 2135 βοὴ
1499 2094 1613 2126 αὐλῶν

954 2150 1223 2175 commemoratur.
1264 2144 1370 2175 Pinnae
1386 2145 1405 2184 (
1410 2143 1438 2173 F
1438 2143 1552 2184 innen)
1565 2143 1613 2174 in-

951 2199 1124 2224 strumenta
1146 2193 1274 2224 natandi
1297 2192 1433 2235 piscibus
1454 2193 1522 2223 loco
1546 2203 1611 2224 ma-

954 2253 1050 2273 nuum
1069 2248 1100 2272 et
1119 2241 1235 2284 pedum
1256 2241 1350 2273 «latez.
1392 2242 1484 2272 Tales
1500 2241 1613 2283 pinnas

953 2291 1092 2333 delphini
1113 2291 1145 2322 in
1162 2297 1268 2322 ventre
1284 2291 1400 2322 habent
1415 2291 1503 2327 duas,
1520 2293 1611 2332 nigra

952 2346 1023 2372 cute
1045 2340 1206 2375 obductas.
1221 2341 1275 2371 sed
1295 2346 1327 2372 et
1346 2340 1480 2377 dorsum,
1496 2339 1528 2371 in
1549 2351 1611 2382 quo

952 2400 1015 2420 una
1028 2389 1124 2431 pinna
1139 2390 1376 2432 sesquipedalis,
1392 2389 1514 2431 nigrum
1529 2390 1610 2421 colo-

951 2450 1014 2470 rem
1036 2439 1140 2475 refert,
1159 2439 1421 2480 quemadmodum
1436 2445 1544 2470 venter
1564 2439 1610 2470 al-

950 2489 1036 2519 bum.
1081 2488 1148 2518 Hoc
1167 2488 1289 2519 nomine
1306 2488 1457 2529 deceptus
1473 2489 1609 2519 Lactan-

952 2537 1024 2573 tius,
1040 2536 1072 2566 in
1091 2536 1276 2577 Argument.
1288 2537 1380 2570 nobis
1402 2541 1516 2571 narrat,
1533 2547 1608 2567 non·

951 2585 1053 2616 nullos
1063 2585 1095 2616 iu
1106 2597 1172 2616 aves
1184 2596 1250 2617 esse
1264 2591 1410 2617 mutatos.
1455 2586 1608 2625 Depressn,

952 2645 1048 2676 quum
1072 2640 1164 2665 antea
1186 2641 1299 2671 erecto,
1315 2641 1349 2666 ut
1372 2634 1474 2670 humo,
1491 2634 1609 2665 fuisset.

952 2683 1047 2714 Flet-ti
1070 2683 1171 2725 quoad
1190 2686 1375 2721 curvamina,
1391 2683 1466 2726 quia
1485 2683 1607 2725 delphi—

951 2733 996 2762 nis
1012 2744 1122 2775 corpus
1138 2733 1319 2775 repandum.
