1763 3181
389 181 1008 226 METAMORPHOSEON
1042 180 1161 223 LIB.
1185 181 1276 222 III.

1440 183 1526 225 249

149 299 401 363 Nudaque
424 299 709 347 marmoreis
730 296 977 361 percussit
1001 303 1206 360 pectora
1229 297 1424 361 palmis.

148 377 361 425 Pectora
382 382 641 424 traxerunt
663 382 864 424 tenuem
890 390 1127 438 percussa
1151 375 1406 432 ruborem;

149 454 263 502 Non
284 456 440 510 aliter,
457 470 609 518 quam
629 469 777 518 poma
796 453 970 508 solent,
999 467 1111 514 quae
1136 451 1350 499 candida
1369 459 1525 515 parte,

149 533 298 581 Parte
323 533 529 580 rubent:
569 538 668 588 aut,
695 538 750 578 ut
768 530 915 578 variis
942 529 1068 576 solet
1092 545 1186 576 uva
1209 529 1418 577 racemis

149 609 347 659 Ducere
364 626 682 674 purpureum,
705 609 925 656 nondum
944 614 1151 664 matura,
1169 607 1401 655 colorem.
1431 609 1528 655 485

149 685 273 741 Quae
299 687 444 734 simul
468 686 664 750 aspexit
686 685 954 749 liquefacta
978 699 1146 730 rursus
1172 684 1222 730 in
1249 685 1398 739 unda,

150 762 263 810 Non
288 763 400 810 tulit
423 763 657 820 ulterius;
699 762 803 818 sed,
831 768 885 809 ut
904 761 1215 809 intabescere
1240 762 1378 808 flavae

150 839 273 903 Igne
298 840 391 887 levi
417 856 559 896 cerae,
581 840 936 903 matutinaeque
960 838 1149 902 pruinae

152 915 268 965 Sole
291 923 493 981 tepente
519 918 680 965 solent
701 936 710 974 ;
753 917 822 964 sic
848 923 1133 964 attenuatus
1159 931 1325 962 amore

151 994 379 1058 Liquitur
399 1013 409 1053 3
450 1001 500 1042 et
523 1011 656 1042 caeco
681 994 920 1059 paulatim
945 993 1162 1057 carpitur
1186 993 1304 1056 igni.

1433 996 1530 1041 490

152 1070 218 1119 Et
241 1088 404 1135 neque
423 1073 528 1135 jam
549 1073 682 1119 color
705 1080 782 1120 est
801 1072 957 1119 mixto
983 1072 1196 1119 candore
1222 1071 1384 1118 rubori
1403 1091 1413 1129 ;

152 1147 261 1195 Nec
285 1148 438 1211 vigor,
466 1156 517 1196 et
535 1149 678 1205 vires,
702 1157 753 1197 et
776 1165 888 1212 quae
914 1148 1061 1196 modo
1085 1148 1190 1195 visa
1214 1148 1498 1212 placebant,

152 1224 260 1273 Nec
297 1241 477 1290 corpus
525 1233 760 1282 remanet,
800 1225 1053 1290 quondam
1102 1225 1235 1288 quod
1284 1233 1534 1273 amaverat

350 1302 506 1352 Echo.

150 1377 274 1433 Quae
298 1386 466 1429 tamen
490 1386 545 1428 ut
568 1380 706 1438 vidit,
733 1382 960 1444 quamvis
985 1382 1110 1428 irata
1133 1397 1438 1444 memorque,

152 1561 220 1587 erat
245 1556 335 1599 Virg.
359 1557 431 1589 Ecl.
455 1557 497 1588 ix.
523 1558 575 1589 49.
603 1560 724 1589 duceret
750 1570 809 1590 uva

154 1606 289 1637 colorem.

196 1654 271 1685 486.
293 1654 487 1697 Liquefacta,
519 1656 603 1698 quod
630 1662 662 1688 et
695 1656 811 1688 habent

153 1702 249 1734 nostri
275 1703 409 1735 Codices
430 1704 537 1746 Regii,
561 1705 693 1736 offendit
713 1706 810 1738 Hein-

153 1751 245 1790 sium,
261 1753 336 1795 quia
351 1764 423 1784 cera
438 1753 561 1785 dicatur
579 1756 734 1795 liquefieri,
750 1766 812 1786 non

153 1803 248 1833 unda.
287 1803 488 1834 Burmannus
505 1803 598 1835 refert
612 1804 693 1835 inter
707 1804 811 1846 singu-

155 1851 233 1883 laria
254 1851 374 1883 Ovidii.
411 1852 535 1883 Passim
557 1852 641 1895 apud
664 1854 813 1885 Nostrum

158 1900 273 1941 liquida
299 1912 377 1941 aqua
405 1912 460 1943 pro
488 1901 628 1944 limpida,
658 1902 754 1940 clara,
779 1909 814 1934 ut

156 1950 383 1982 451.eti.370.
408 1950 543 1988 Plinius,
558 1952 600 1983 V.
614 1953 674 1994 Ep.
688 1952 717 1983 vi
733 1965 740 1982 :
754 1964 812 1992 pu-

156 2001 221 2030 rius
247 2002 364 2037 coelum,
391 2011 442 2031 aer
465 2002 630 2042 liquidi0r5
656 2001 812 2044 Panegyr.

157 2050 210 2081 82.
238 2050 352 2090 liquida
372 2051 523 2091 flumina.
569 2051 684 2093 Itaque
710 2051 813 2094 limpi-

156 2097 228 2129 dam
250 2098 405 2130 redditam
426 2104 510 2131 recte
536 2100 729 2141 liquefactam
744 2101 813 2132 dix-

155 2156 225 2178 enS.

199 2197 273 2228 490.
296 2197 471 2239 Liquitur]
497 2198 660 2240 Liquescit
683 2209 719 2230 ac
737 2209 814 2241 pau-

156 2245 246 2277 latim
271 2246 472 2278 consumitur.
519 2247 561 2278 Et
586 2259 658 2279 caeco
677 2250 814 2288 carpitur

157 2296 234 2337 igni.
267 2296 402 2328 Occulto
417 2306 532 2333 amore,
544 2297 749 2335 clandestino,
760 2309 816 2340 per

156 2345 298 2375 membra
329 2350 361 2376 et
392 2356 462 2376 ossa
489 2346 617 2384 meanti,
647 2347 815 2378 cruciatur.

159 2393 279 2424 Notum
301 2393 360 2425 hoc
374 2394 464 2436 Virg.
485 2396 561 2426 AEn.
577 2395 619 2427 iv.
640 2397 671 2427 2.
699 2396 816 2427 Vulnus

159 2443 217 2474 alit
235 2445 327 2479 venis,
347 2449 376 2474 et
391 2455 463 2474 caeco
481 2446 621 2484 carpitur
644 2447 719 2487 igni.
765 2446 814 2476 De

158 2493 253 2524 verbo
281 2495 379 2533 carpi,
405 2493 476 2525 vide
499 2494 539 2525 ad
563 2494 596 2526 ii.
619 2495 702 2534 781;
732 2495 814 2526 unde

160 2547 301 2584 apparet,
329 2545 435 2582 passim
462 2553 545 2575 nunc
573 2554 663 2586 posse
692 2544 814 2574 abesse.

163 2590 204 2621 Et
218 2593 304 2629 vires,
319 2603 374 2634 pro
388 2604 443 2624 ‘nec
458 2595 533 2624 vires
543 2605 552 2623 :
575 2592 646 2624 vide
659 2594 814 2624 Burman-

160 2650 248 2673 num.

205 2690 279 2721 491.
306 2690 346 2721 Et
359 2702 465 2731 neque,
482 2692 559 2733 etc.]
578 2692 630 2723 Ad
651 2691 817 2733 φιλαύτων

161 2739 324 2781 νεοσόφων
339 2745 369 2771 et
389 2739 609 2783 δοκησισὸφων
624 2741 749 2783 ingenia
764 2752 816 2772 ex-

876 1558 1051 1601 primenda,
1068 1559 1228 1599 eleganter
1250 1557 1382 1588 sumitur
1399 1558 1454 1588 fios
1469 1569 1535 1589 ver-

878 1620 946 1645 nus,
967 1608 1113 1649 idemque
1132 1606 1311 1648 φίλομβρος
1334 1606 1448 1648 pluviae
1470 1607 1535 1638 siti-

878 1664 935 1694 tor,
950 1668 1046 1699 quum
1068 1655 1220 1698 ejusmodi
1238 1655 1365 1697 ingenia
1388 1666 1473 1698 spem
1488 1656 1535 1687 sui

878 1707 935 1738 sub
960 1706 1050 1737 initia
1072 1705 1234 1747 prodigam
1254 1705 1424 1747 praebeant,
1440 1716 1534 1747 quam

878 1761 985 1787 tamen
1005 1755 1130 1791 fallunt,
1146 1760 1177 1785 et
1195 1754 1292 1795 frugis
1311 1755 1401 1785 bonae
1421 1765 1535 1797 expec-

879 1805 1026 1836 tationem
1042 1804 1227 1836 destituunt.

923 1856 996 1886 494.
1014 1855 1157 1890 Quamvis
1173 1855 1256 1884 irata
1278 1864 1441 1894 memorque
1466 1865 1498 1885 se
1520 1865 1538 1885 a

880 1904 1030 1936 Narcisso
1045 1904 1138 1935 fuisse
1154 1908 1300 1946 spretam.
1339 1903 1463 1940 Memor,
1480 1904 1537 1936 sci-

880 1954 955 1985 licet
969 1954 1089 1996 injuriae
1104 1953 1163 1996 ipsi
1178 1953 1283 1984 factae.
1316 1952 1378 1984 Sed
1393 1953 1539 1995 displicet

882 2003 1052 2039 Glareano‚
1067 2002 1151 2044 quod
1165 2002 1252 2033 Echo
1267 2007 1389 2033 mutata
1404 2002 1437 2033 in
1455 2003 1536 2045 lapi-

881 2053 953 2084 dem
981 2055 1091 2084 viderz't
1117 2052 1312 2084 Narcissum.
1357 2052 1541 2094 Respondet

882 2103 1082 2133 Burmannus
1101 2106 1227 2144 poetam
1252 2100 1391 2132 narrasse
1412 2102 1539 2143 quidem

878 2152 944 2194 jam
969 2157 1062 2182 antea
1076 2150 1339 2193 metamorphosin
1354 2151 1470 2189 Echfis,
1485 2152 1540 2182 sed

882 2210 951 2231 eam
975 2200 1067 2231 simul
1090 2210 1162 2231 cum
1180 2199 1320 2230 Narcissi
1342 2199 1538 2231 transforma-

881 2250 964 2281 tione
979 2250 1095 2281 factam
1109 2260 1188 2280 esse.
1224 2249 1349 2285 Putem,
1364 2251 1464 2280 videre
1475 2260 1538 2280 om-

882 2299 956 2330 nino
985 2309 1052 2329 esse
1081 2297 1205 2333 sentire,
1234 2297 1423 2339 intelligere.
1470 2299 1539 2329 Hoc

882 2353 1014 2390 poterat,
1044 2347 1119 2389 quia
1146 2357 1230 2377 nunc
1255 2357 1379 2388 quoque
1408 2357 1541 2389 persona

881 2403 961 2429 erat.
1007 2397 1164 2428 Praeterea
1179 2396 1293 2438 saepius
1313 2396 1380 2438 jam
1394 2397 1539 2429 observa-

882 2446 993 2482 vimus,
1009 2446 1076 2476 haec
1092 2451 1124 2476 et
1138 2445 1215 2476 talia
1229 2445 1260 2475 in
1270 2445 1385 2476 Ovidio
1397 2456 1457 2476 non
1472 2457 1539 2477 esse

882 2494 1034 2536 urgenda.
1081 2495 1238 2525 Caeterum
1263 2494 1422 2535 ingeniose
1452 2495 1539 2526 Echo

882 2544 933 2575 hic
960 2543 1117 2575 inducitur
1152 2549 1183 2574 et
1215 2543 1328 2574 fabulae
1361 2544 1540 2576 innectitur.

882 2593 985 2625 Etiam
1007 2592 1085 2624 illud
1101 2593 1234 2623 indoluit
1251 2603 1289 2623 ex
1309 2597 1421 2622 natura
1436 2591 1542 2623 Echus

881 2644 961 2674 bene
971 2643 1179 2674 confirmatur.
1193 2641 1282 2673 Male
1288 2640 1435 2672 Heinsius
1447 2641 1541 2672 etiam

884 2703 975 2725 versu
990 2694 1065 2724 501.
1080 2694 1163 2723 lacus
1177 2690 1305 2734 recepit.
1334 2690 1434 2722 Immo
1447 2692 1539 2727 locus,

884 2742 915 2773 iu
931 2753 993 2784 quo
1009 2747 1130 2773 mutata
1141 2741 1239 2777 Echo,
1251 2740 1427 2772 remittebat
1439 2741 1542 2772 verba.
