1763 3181
211 194 295 235 350
595 193 644 232 Ρ.
678 190 890 233 OVIDII
923 189 1200 232 NASONIS

219 308 284 355 Et
309 323 361 354 se
386 306 605 354 mentitis
635 306 852 369 Superos
877 306 1071 352 celasse
1096 305 1265 367 figuris
1283 323 1293 361 ;
1503 306 1599 350 326

219 391 249 408 “
274 384 493 446 Duxque
505 383 717 445 gregis‚”
733 382 875 438 dixit,
890 387 920 406 “
933 382 989 429 fit
1003 380 1222 446 Jupiter:
1243 381 1372 428 unde
1388 380 1602 428 recurvis

220 460 367 507 Nunc
384 476 586 523 quoque
601 459 837 507 formatus
855 458 1007 523 Libys
1024 468 1100 507 est
1113 476 1225 507 cum
1242 459 1471 507 cornibus
1483 457 1600 504 Am-

219 536 394 584 Delius
420 535 469 582 in
493 552 666 593 corvo;
705 536 868 599 proles
897 536 1146 584 Semeleia
1169 552 1347 599 capro3

219 612 337 660 Fele
362 628 497 659 soror
523 612 728 669 Phoebi;
770 612 913 659 nivea
939 612 1174 659 Saturnia
1196 628 1378 669 vacca3

1436 536 1571 588 [mon
1588 552 1599 589 3

1507 612 1604 656 330

219 688 368 736 Pisce
392 688 562 735 Venus
586 688 760 745 latuit3
804 688 1061 752 Cyllenius
1088 688 1234 735 ibidis
1260 688 1400 736 alis.''

290 765 550 812 Hactenus
575 765 637 812 ad
663 765 902 812 citharam
921 765 1111 812 vocalia
1134 772 1356 812 moverat
1379 780 1479 811 ora.

221 841 482 889 Poscimur
506 841 726 889 Aonides
747 859 756 889 :
797 842 885 889 sed
910 841 1114 889 forsitan
1138 843 1240 889 otia
1262 858 1360 889 non
1385 848 1513 896 sunt,

221 918 330 966 Nec
355 918 534 966 nostris
555 920 777 983 praebere
800 926 944 967 vacat
961 919 1052 966 tibi
1077 919 1304 967 cantibus
1329 933 1514 966 aurern.

222 1001 253 1019 “
273 995 351 1043 Ne
363 995 552 1053 dubita,
564 1003 887 1060 vestrumque
898 996 1018 1044 rnihi
1033 996 1159 1045 refer
1170 996 1341 1044 ordine
1357 995 1604 1051 carmen,''

220 1119 284 1150 sive
320 1119 352 1150 in
388 1118 455 1150 istis
492 1119 644 1162 exemplis
680 1119 881 1161 capiendum.

223 1167 306 1199 Vide
334 1168 494 1199 Schwarz.
526 1168 566 1199 ad
599 1168 682 1199 Plin.
713 1169 796 1199 Pan.
826 1170 881 1200 81.

226 1217 316 1248 Infra
338 1229 368 1248 x.
396 1218 468 1248 159.
495 1219 686 1248 mendacibus
711 1220 817 1257 pennis
843 1218 883 1250 de

223 1267 303 1298 Jove
332 1266 365 1298 in
391 1266 529 1308 aquilam
556 1272 686 1298 mutato.
741 1268 792 1298 De
824 1267 883 1298 hac

224 1315 365 1347 Deorum
400 1315 671 1348 transformatione
699 1316 771 1347 vide
806 1318 884 1348 Era-

222 1364 317 1396 tosth.
340 1369 487 1397 Καταστ.
504 1376 573 1407 cap.
588 1366 629 1396 27
645 1377 654 1404 ;
677 1365 794 1406 Hygin.
816 1366 882 1397 dic-

222 1414 262 1445 tis
280 1414 376 1452 locis;
400 1415 518 1446 Anton.
540 1415 611 1445 Lib.
639 1414 671 1445 d.
690 1414 712 1446 l.
735 1415 788 1445 ubi
810 1415 883 1452 alia,

224 1474 319 1506 quam
347 1464 411 1500 hic,
438 1464 611 1495 animantia
641 1474 884 1495 commemoran-

222 1518 282 1549 tur,
297 1513 354 1543 sub
376 1508 508 1554 quorum
529 1512 636 1554 figuris
653 1512 705 1542 Dii
727 1513 884 1546 latuerint.

224 1562 337 1603 Neque
357 1561 400 1592 ibi
416 1561 540 1603 Jupiter
557 1567 588 1592 et
608 1562 628 1592 J
632 1572 693 1592 uno
714 1568 883 1599 mutantur,

223 1611 278 1642 sed
309 1619 418 1642 contra
445 1611 591 1641 Minerva
617 1621 687 1642 cum
717 1610 786 1641 aliis
814 1611 885 1642 Diis

224 1659 361 1691 additur.
394 1660 544 1702 Apollod.
574 1660 632 1692 hoc
659 1671 755 1691 unum
779 1660 885 1697 habet,

222 1710 282 1747 τὰς
297 1709 382 1747 ἰδέας
400 1709 583 1751 μετέβαλον
599 1709 643 1747 εἰς
658 1710 735 1745 ζῶα.
768 1711 885 1742 Euseb-

224 1759 395 1801 Praeparat.
423 1760 544 1800 Evang.
569 1770 602 1801 p.
627 1760 679 1790 31.
704 1765 819 1795 monet,
847 1770 885 1791 ex

225 1806 285 1838 hac
309 1808 406 1840 Deor.
419 1807 686 1839 transformatione
706 1814 806 1838 ortum
820 1819 887 1839 esse

226 1866 332 1887 eorum
347 1857 467 1888 cultum
482 1857 566 1899 apud
581 1856 759 1898 AEgyptios.

268 1907 343 1937 327.
359 1906 432 1937 Dur
444 1908 557 1948 gregis,
575 1905 690 1936 hircus.
719 1905 885 1947 Periphra-

226 1954 268 1985 sis
296 1961 344 1986 est
373 1955 488 1986 arietis.
534 1955 618 1985 Nam
647 1955 771 1997 Jupiter
799 1965 831 1986 se
855 1955 887 1985 in

227 2003 355 2035 arietem
370 2003 596 2041 commutavit;
620 2004 709 2046 cujus
731 2003 774 2034 rei
797 2014 888 2045 argu-

228 2059 368 2084 mentum
391 2058 448 2089 est,
464 2053 547 2095 quod
566 2053 689 2095 Jupiter
705 2054 840 2083 Ammon
855 2051 887 2084 in

227 2102 330 2143 Lybia
343 2103 400 2134 sub
416 2102 516 2143 figura
531 2102 633 2133 arietis
649 2102 770 2133 colitur.
805 2102 887 2133 Con-

229 2151 275 2182 fer
289 2163 411 2183 versum
429 2152 482 2183 17.
531 2153 643 2183 corvus
662 2158 786 2194 propter
809 2151 889 2182 divi-

229 2201 325 2232 nandi
347 2201 452 2232 dotem
467 2201 608 2243 Apollini
628 2211 725 2232 sacer.
769 2201 887 2232 Nican-

228 2250 284 2281 dro
314 2256 451 2287 auctore,
482 2250 515 2280 in
544 2250 726 2292 accipitrem
755 2249 888 2285 transiit,

229 2300 319 2341 cujus
341 2305 436 2342 caput
460 2299 543 2341 apud
560 2299 726 2340 AEgyptios
745 2298 809 2329 Soli
833 2298 888 2329 da-

228 2349 333 2380 batur.
379 2349 472 2389 Capri
489 2348 619 2380 sormam
639 2349 775 2379 habebat
795 2349 889 2379 Men-

231 2397 298 2433 des,
322 2408 388 2433 seu,
404 2398 472 2428 Pan
484 2397 714 2439 AEgyptiorum.
758 2397 810 2427 Ab
834 2396 886 2428 iis-

231 2446 302 2478 dem
324 2447 415 2477 Luna
438 2447 495 2477 sub
510 2446 587 2487 felis
609 2445 744 2487 imagine
766 2445 891 2477 coleba-

230 2501 291 2527 tur.
339 2496 439 2526 Vaccae
465 2506 581 2526 cornua
604 2494 740 2526 habebat
766 2496 835 2531 Isis,
860 2501 891 2526 et

230 2547 285 2576 ibis
307 2546 482 2587 symbolum
509 2550 576 2575 erat
598 2545 767 2576 Hermetis.
806 2544 887 2575 Vide

229 2594 406 2626 Jablonskii
426 2593 542 2625 Panth.
564 2595 637 2635 AEg.
656 2605 685 2624 v.
704 2596 736 2624 2.
770 2594 808 2625 In
827 2596 886 2633 pis-

229 2654 290 2673 cem
302 2644 409 2674 Venus
419 2642 514 2674 etiam
530 2643 613 2684 apud
628 2644 719 2684 Syros
735 2642 796 2673 alio
808 2648 885 2673 tem-

231 2702 305 2733 pore
334 2691 469 2723 transiit.
514 2692 668 2732 Hyginus,
698 2692 734 2722 P.
756 2691 795 2722 A.
819 2693 886 2731 303

231 2741 358 2778 Noster,
376 2743 459 2773 Fast.
474 2742 508 2773 ii.
525 2743 583 2772 461
600 2753 668 2784 sqq.
708 2742 748 2773 Et
762 2742 887 2773 omnino

948 1120 1015 1151 haec
1041 1120 1079 1151 de
1104 1119 1250 1162 Typhoeo
1274 1119 1382 1150 fabula
1405 1117 1489 1160 apud
1513 1118 1606 1159 Syros

949 1176 1024 1201 nata
1052 1169 1185 1206 videtur,
1223 1174 1368 1199 monente
1405 1166 1529 1208 Heynio
1566 1166 1607 1197 ad

949 1218 1097 1261 Apollod.
1115 1218 1148 1249 d.
1165 1218 1187 1249 l.
1234 1218 1305 1254 Ibis,
1322 1217 1389 1248 avis
1413 1216 1541 1247 ciconiae
1565 1215 1607 1246 si-

949 1269 1044 1304 milis,
1072 1267 1202 1309 AEgypti
1228 1266 1408 1310 peculiaris,
1432 1265 1606 1301 immunda,

949 1323 984 1348 ut
998 1328 1068 1359 quae
1083 1323 1181 1348 rostro
1196 1327 1291 1348 anum
1306 1322 1429 1358 purget.

993 1368 1067 1398 332.
1094 1365 1214 1397 Vocalia
1235 1371 1365 1396 moverat
1391 1376 1454 1400 ora,
1469 1363 1607 1405 descrip-

950 1417 994 1448 tio
1019 1423 1153 1455 cantus;
1180 1416 1337 1448 accinerat
1360 1425 1437 1446 voce
1466 1413 1607 1445 citharae.

950 1467 1001 1498 De
1015 1467 1108 1498 verbo
1121 1469 1198 1506 posci
1214 1466 1285 1497 vide
1300 1465 1340 1496 ad
1350 1465 1392 1495 iv.
1407 1465 1480 1495 274.
1512 1463 1562 1494 Sic
1578 1469 1611 1494 et

953 1510 1074 1552 Graece,
1090 1515 1260 1547 αἰτεῖσθαι.
1306 1515 1434 1545 Aonides
1456 1513 1495 1543 ab
1511 1512 1608 1543 Aoni-

951 1566 1021 1601 bus,
1037 1565 1146 1607 priscis
1162 1564 1294 1595 Boeotiae
1308 1562 1428 1595 incolis.
1466 1561 1610 1592 Modeste

952 1615 1047 1645 Musa
1074 1614 1258 1655 abrumpere
1286 1612 1354 1643 vult
1379 1610 1549 1642 orationem
1578 1615 1610 1641 et

952 1674 1024 1695 suos
1039 1663 1165 1694 reticere
1181 1670 1303 1693 cantus.

996 1713 1073 1743 335.
1104 1713 1218 1744 Ordine
1240 1712 1352 1752 refer-re
1375 1709 1531 1744 dicuntur,
1555 1707 1608 1749 qui

953 1771 1016 1793 rem
1045 1767 1144 1792 totam
1175 1759 1248 1791 inde
1278 1760 1317 1790 ab
1346 1758 1433 1789 initio
1461 1757 1609 1788 referunt.

954 1809 1093 1852 Longius
1118 1809 1212 1851 igitur
1235 1818 1359 1840 carmen
1380 1806 1523 1837 auditura
1536 1805 1610 1836 Pal-

953 1860 1000 1890 las
1020 1861 1160 1890 consedit.
1206 1858 1293 1888 Levis
1316 1858 1422 1887 umbra
1443 1856 1538 1886 etiam
1557 1854 1608 1885 Ti-

953 1909 1020 1940 bul.
1040 1909 1085 1939 II.
1097 1920 1128 1939 v.
1147 1908 1200 1940 96.
1223 1908 1277 1938 ubi
1297 1905 1440 1947 Heynius
1462 1904 1521 1935 hoc
1546 1903 1611 1945 epi-

953 1958 1061 1989 theton
1089 1957 1161 1989 inde
1190 1956 1338 1998 explicat,
1361 1955 1446 1996 quia,
1470 1953 1552 1984 foliis
1580 1958 1613 1984 et

955 2007 1062 2038 fronde
1076 2007 1186 2038 leviter
1201 2007 1240 2037 ab
1256 2015 1332 2036 aura
1347 2004 1450 2037 motis,
1464 2003 1532 2046 ipsa
1544 2014 1610 2034 um-

953 2058 1009 2088 bra
1037 2057 1144 2092 micat,
1173 2062 1205 2087 et
1234 2054 1454 2086 contremiscit.
1509 2052 1613 2084 Possis

953 2113 985 2138 et
1007 2106 1120 2142 dicere,
1136 2106 1210 2147 quia
1231 2105 1341 2136 umbra
1364 2103 1449 2135 nullo
1469 2107 1515 2133 est
1536 2112 1611 2144 pon-

954 2155 1039 2186 dere.
1077 2155 1217 2196 Propert.
1232 2154 1296 2184 111.
1308 2153 1340 2184 ii.
1355 2153 1381 2183 1.
1397 2153 1493 2183 mollis
1504 2153 1611 2182 umbra

956 2205 1122 2235 Heliconis.
1146 2202 1343 2234 Schirachius
1367 2201 1400 2232 h.
1417 2202 1438 2232 l.
1461 2200 1611 2243 interpre-

955 2258 1038 2283 tatur
1054 2258 1185 2294 gratam,
1197 2252 1332 2287 dulcem,
1342 2250 1508 2291 vertitque.
1525 2250 1611 2279 Sum·

955 2313 1031 2332 mam
1049 2303 1231 2335 certaminis,
1246 2299 1423 2330 universum
1444 2304 1613 2334 certamen,

956 2351 1037 2382 sicut
1058 2351 1139 2392 apud
1163 2349 1230 2381 Cic.
1256 2349 1324 2380 Fin.
1345 2348 1377 2379 ii.
1399 2348 1454 2378 27.
1492 2348 1613 2378 Summa

952 2401 1138 2440 philosophiae
1166 2405 1212 2429 est
1236 2398 1378 2429 universa
1407 2396 1613 2438 philosophia.

960 2450 1091 2489 Calliope
1126 2447 1263 2489 eligitur,
1296 2447 1391 2477 Musa
1425 2445 1613 2486 praestantis-

958 2498 1047 2534 sima,
1063 2508 1132 2539 quae
1158 2507 1207 2528 res
1227 2501 1332 2537 gestas
1354 2495 1493 2525 Deorum
1518 2499 1612 2535 atque

956 2548 1082 2578 heroum
1098 2552 1194 2577 cantu
1210 2545 1399 2576 celebrabat.
1437 2544 1548 2584 Itaque
1564 2543 1611 2573 in-

955 2596 1076 2627 terdum
1101 2605 1154 2637 pro
1176 2600 1240 2625 toto
1260 2594 1421 2624 Musarum
1445 2592 1538 2623 choro
1558 2602 1613 2633 po-

956 2644 1051 2675 nitur.
1085 2642 1216 2674 AEneid.
1242 2642 1284 2673 ix.
1303 2643 1376 2673 535.
1412 2641 1497 2671 Infra
1524 2650 1613 2670 versu

955 2695 1028 2724 662.
1051 2695 1178 2723 murima
1196 2698 1333 2722 vocatur.
1370 2690 1423 2721 Ad
1445 2688 1612 2720 dicendum

954 2742 1105 2784 prodituri
1134 2741 1279 2773 vestitum
1320 2749 1503 2781 componere
1532 2737 1610 2768 sole-
