1763 3181
371 159 993 203 METAMORPHOSEON
1018 162 1137 203 LIB.
1169 162 1253 204 VI.

1415 166 1504 207 419

116 273 317 321 Structa
340 274 503 338 rigent
527 275 684 323 solido
710 277 1018 324 stabulorum
1044 279 1225 325 moenia
1249 294 1371 326 saxo
1393 296 1403 327 ε

115 350 187 397 Os
212 358 406 399 mutum
429 353 546 401 facti
571 362 708 401 caret
732 353 895 402 indice
918 371 928 402 ε
969 356 1155 417 grande
1181 356 1335 402 dolori

113 426 375 490 Ingenium
395 437 498 488 est3
527 431 821 494 miserisque
834 431 970 479 venit
995 432 1194 479 solertia
1218 433 1382 480 rebus.
1404 435 1499 480 575

115 505 339 554 Stamina
361 508 621 556 barbarica
646 509 908 572 suspendit
933 509 1114 556 callida
1138 510 1265 567 tela3

112 581 498 648 Purpureasque
523 593 666 633 notas
691 585 786 633 filis
813 586 1028 633 intexuit
1053 586 1194 642 albis,

115 658 362 708 Indicium
387 663 617 720 sceleris3
657 663 980 727 perfectaque
1006 660 1209 710 tradidit
1233 664 1333 719 uni,

117 735 290 800 thue
315 738 439 787 ferat
462 740 675 788 dominae
702 748 847 804 gestu
872 748 1030 803 rogat.
1094 741 1186 788 Ille
1212 749 1383 803 rogata

114 812 330 862 Pertulit
354 817 416 864 ad
443 817 700 875 Procnen;
732 834 822 866 nec
849 818 959 874 scit,
982 818 1103 880 quid
1129 818 1294 865 tradat
1314 818 1363 865 in
1389 819 1502 866 illis.

116 889 310 939 Evolvit
329 901 494 942 vestes
520 896 636 942 saevi
661 903 886 943 matrona
905 896 1121 959 tyranni,

1408 899 1499 943 581

117 967 482 1035 Germanaeque
507 989 608 1020 suae
634 989 833 1021 carmen
859 973 1138 1020 miserabile
1164 973 1316 1035 legit:

116 1043 198 1101 Et,
224 1046 402 1095 mirum
427 1050 666 1112 potuisse,
694 1050 835 1098 silet:
875 1051 1013 1098 dolor
1039 1066 1124 1097 ora
1148 1050 1410 1114 repressit3

114 1119 381 1188 Verbaque
401 1127 641 1189 quaerenti
667 1127 786 1175 satis
811 1127 1120 1189 indignantia
1142 1127 1323 1189 linguae
1406 1129 1502 1174 584

116 1198 424 1261 Defuerunt3
465 1221 557 1252 nec
582 1205 701 1253 flere
724 1212 894 1262 vacat3
928 1205 1016 1252 sed
1040 1204 1215 1267 fasque
1240 1203 1482 1268 nefasque

118 1276 399 1328 Confusura
422 1282 545 1340 ruit3
574 1299 836 1346 poenaeque
856 1283 906 1329 in
931 1282 1147 1343 imagine
1171 1288 1278 1328 tota
1301 1289 1394 1328 est.

182 1353 402 1420 Tempus
422 1365 541 1415 erat,
560 1375 659 1422 quo
676 1375 817 1407 sacra
841 1360 1002 1407 solent
1026 1358 1298 1406 Trieterica
1315 1358 1503 1406 Bacchi

160 1530 236 1563 576.
253 1532 391 1564 Stamina
415 1536 573 1567 barbarica
591 1537 772 1577 suspendit]

117 1580 165 1611 Ex
195 1583 324 1624 antiqua
349 1584 476 1615 texendi
499 1585 618 1617 ratione
644 1587 777 1617 stamina

119 1629 159 1661 ad
196 1632 455 1673 perpendiculum
497 1638 776 1675 suspendebantur;

118 1679 202 1711 unde
238 1682 322 1723 apud
348 1683 499 1714 Nostrum
535 1685 610 1716 alibi
645 1687 778 1726 pendula

118 1731 190 1766 tela,
209 1736 320 1762 stantes
342 1733 415 1768 telae,
438 1739 498 1765 etc.
545 1735 641 1772 Notoe,
658 1735 775 1766 literae:

119 1778 182 1810 III.
196 1779 288 1811 Trist.
304 1780 350 1812 iii.
368 1783 419 1813 72.
436 1786 567 1824 grandes
589 1792 663 1815 notae
678 1788 711 1815 in
728 1791 776 1815 tu-

118 1829 194 1859 muli
208 1840 352 1861 marmore
363 1842 374 1868 ,·
400 1831 552 1863 Heroidd.
570 1833 592 1864 i.
607 1834 658 1864 62.
671 1835 778 1865 charta

118 1883 241 1915 notata;
265 1878 354 1916 infra,
370 1879 413 1911 ix.
429 1882 504 1913 523.
525 1889 629 1913 notare
645 1885 778 1914 tabellas.

119 1927 274 1958 Indicium
310 1930 436 1966 sceleris,
466 1931 579 1972 patrati
617 1943 635 1963 a
669 1933 778 1964 Tereo.

124 1975 197 2013 Uni,
212 1987 251 2007 ex
266 1977 400 2009 ancillis.

161 2026 235 2057 579.
265 2027 325 2057 Ille
352 2029 488 2069 rogata]
520 2029 653 2061 Codices
684 2030 777 2072 Regii

119 2073 197 2106 dant
226 2075 288 2106 Illa
316 2084 434 2119 rogata,
458 2078 542 2119 quod
570 2079 674 2121 potius
703 2090 775 2110 con-

117 2123 222 2155 venire
245 2123 381 2162 videtur,
411 2127 486 2168 quia
513 2128 702 2169 probabilius
731 2134 778 2159 est

117 2171 212 2203 fuisse
227 2173 386 2211 ancillam,
403 2186 464 2206 non
482 2186 616 2212 servum,
628 2187 702 2218 quae
730 2189 776 2207 ro-

114 2227 190 2262 gata
209 2221 302 2253 fuerit
322 2229 357 2254 ut
371 2230 488 2255 vestem
505 2225 639 2257 deferret
661 2225 701 2256 ad
722 2226 776 2257 do-

119 2279 249 2302 minam.

161 2315 235 2345 581.
250 2313 382 2352 Evolvit,
393 2315 546 2358 explicat,
556 2324 694 2348 matrona
709 2320 775 2349 saevi

119 2365 256 2402 tyranni,
285 2363 417 2400 Prot-no,
457 2376 533 2396 uxor
565 2366 640 2396 saevi
677 2367 778 2398 Terei.

120 2410 237 2448 Vestes;
254 2411 359 2443 velum
376 2423 394 2443 a
409 2413 582 2444 Philomela
596 2414 736 2446 missum.

162 2461 236 2491 582.
245 2460 429 2503 Germanae]
441 2462 574 2494 Codices
584 2464 690 2500 nostri,
703 2465 777 2495 For-

119 2515 211 2545 tunae,
226 2508 259 2540 id
274 2515 331 2548 est,
345 2510 455 2542 domus
477 2522 553 2548 suae,
568 2513 678 2543 sororis
696 2524 773 2550 suae,

118 2557 210 2589 simul
226 2568 262 2589 ac
277 2559 325 2589 sui
346 2559 443 2602 ipsius
466 2571 591 2592 carmen
608 2562 684 2603 legit
699 2575 704 2592 :
730 2573 776 2593 re-

120 2607 272 2639 centiores
290 2608 370 2640 hanc
389 2610 555 2641 lectionem
579 2613 716 2643 mutasse
731 2613 776 2642 vi-

119 2655 244 2688 dentur.
293 2658 432 2695 Carmen,
448 2659 607 2700 eleganter
629 2668 709 2691 notae
732 2662 776 2691 in-

121 2710 226 2743 textae,
249 2717 318 2748 quae
342 2708 550 2750 loquebantur
568 2709 633 2740 fata
658 2710 778 2741 sororis.

846 1536 974 1566 Carmen
989 1534 1072 1566 enim
1089 1534 1127 1565 de
1144 1534 1228 1565 omni
1249 1534 1382 1565 formula
1397 1535 1506 1566 verbo-

843 1596 922 1622 rum,
938 1585 1030 1616 etiam
1048 1584 1086 1615 de
1105 1584 1216 1626 paucis
1231 1584 1360 1615 vocibus
1372 1584 1508 1616 literisve

844 1634 1032 1665 sententiam
1074 1633 1212 1674 aliquam
1250 1633 1508 1674 exprimentibus.

844 1683 1068 1726 ApollodoruS,
1087 1682 1107 1721 ἡ
1124 1682 1153 1713 δὲ
1171 1682 1321 1724 ὑφήνασα
1338 1683 1371 1714 ἔν
1388 1682 1506 1725 πέπλῳ

847 1733 1035 1775 γράμματα.
1074 1732 1173 1763 Dolor
1197 1733 1305 1774 utique
1324 1733 1386 1763 vim
1412 1733 1507 1764 habet

846 1794 899 1813 ora
920 1782 1107 1824 reprimendi
1122 1794 1128 1820 3
1153 1792 1225 1823 ergo
1242 1781 1348 1823 inepte
1365 1783 1502 1819 additur,

845 1835 956 1862 mirum
974 1834 1112 1871 potuisse.
1151 1831 1265 1867 Ruere,
1282 1832 1320 1862 de
1340 1831 1459 1873 impetu
1475 1837 1507 1863 et

845 1881 945 1911 furore
977 1880 1084 1911 animi.
1132 1880 1231 1910 Poenae
1261 1882 1367 1921 inmgo,
1397 1891 1505 1922 poena,

845 1940 940 1971 quam
952 1929 1055 1960 animo
1067 1930 1125 1960 sibi
1141 1929 1270 1970 effingit.
1304 1929 1407 1971 Imago
1422 1940 1505 1972 saepe

845 1979 991 2018 cogitatio
1014 1979 1068 2009 rei.
1107 1978 1189 2009 Vide
1209 1979 1248 2009 ad
1264 1978 1306 2009 xi.
1323 1980 1398 2009 427.
1416 1984 1447 2010 et
1465 1979 1505 2010 ad

845 2028 995 2065 Plinium,
1012 2028 1067 2059 vii.
1084 2029 1143 2070 Ep.
1158 2040 1187 2058 v.
1206 2030 1234 2058 1.

888 2079 962 2108 587.
983 2078 1033 2108 De
1052 2079 1144 2108 sacris
1169 2077 1340 2108 Trietericis
1363 2083 1394 2108 et
1418 2077 1505 2108 cultu

845 2126 1075 2156 Bacchantiuln
1092 2126 1226 2156 diximus
1242 2126 1282 2156 ad
1297 2126 1341 2156 iii.
1356 2127 1430 2157 517.
1459 2127 1507 2156 Si-

846 2175 958 2211 thones,
977 2185 1053 2216 gens
1067 2174 1221 2205 Thraciae.
1248 2174 1383 2204 Thracia
1399 2181 1506 2205 autem

845 2224 934 2255 sedes
953 2224 1112 2266 praecipua
1133 2223 1309 2264 Orgiorum.
1355 2223 1422 2254 Nor
1436 2235 1505 2254 con—

845 2275 903 2304 scia
933 2275 1044 2304 sacris.-
1082 2273 1187 2308 Nocte,
1218 2278 1279 2304 etc.
1305 2273 1506 2304 Burmannus

846 2322 936 2353 malit
960 2334 1024 2352 moli*
1047 2324 1161 2352 conscia
1183 2323 1275 2352 sacris
1295 2322 1409 2358 Nocte;
1434 2333 1504 2363 quae

846 2372 1026 2413 conjectura
1062 2371 1223 2402 codicibus
1260 2383 1321 2402 non
1356 2372 1506 2403 firmatur.

847 2422 914 2452 Nm-
930 2423 1046 2452 conscia
1066 2423 1169 2457 sacris,
1185 2421 1242 2456 nil,
1261 2421 1330 2457 nisi,
1346 2426 1439 2451 noctu
1456 2431 1505 2451 sa-

846 2481 899 2501 cra
911 2471 1122 2501 celebrantur.
1147 2470 1199 2501 Sic
1211 2471 1273 2501 loca
1286 2470 1505 2511 consciafacti,

846 2519 878 2550 in
904 2520 1016 2560 quibus
1047 2519 1166 2560 aliquid
1194 2526 1327 2560 gestum.
1372 2520 1422 2549 De
1449 2531 1506 2549 aere

844 2575 941 2604 acuto,
970 2568 1041 2599 vide
1067 2569 1106 2599 ad
1130 2568 1173 2598 iii.
1196 2570 1271 2599 532.
1311 2569 1361 2598 De
1384 2569 1506 2599 Ritibus

844 2617 917 2652 illis,
929 2617 970 2648 iv.
987 2618 1006 2647 6
1022 2628 1091 2658 sqq.
1120 2618 1270 2653 Furiana,
1286 2617 1399 2658 quibus
1412 2623 1506 2647 utun-

846 2671 894 2695 tur
923 2666 1122 2696 Eaecbantes
1154 2666 1299 2696 furentes.
1357 2665 1506 2696 Similiter

849 2715 1060 2756 tiffiafuriosa,
1078 2715 1164 2745 Fast.
1183 2715 1223 2745 iv.
1237 2715 1310 2745 341.
