1729 3207
375 213 999 255 METAMORPHOSEON
1034 212 1155 254 LIB.
1185 212 1224 254 I.
1436 213 1491 255 81

173 329 273 377 III.
316 329 456 377 Neve
481 329 607 376 foret
630 329 772 376 terris
794 329 1014 376 securior
1039 329 1223 377 arduus
1249 328 1419 383 aether,

104 406 400 454 Adfectasse
425 406 591 454 ferunt
615 423 822 469 regnum
848 407 1052 455 coeleste
1079 407 1353 469 Gigantas3

106 484 324 546 Altaque
350 490 615 546 congestos
636 485 879 532 struxisse
905 486 967 532 ad
993 485 1157 533 sidera
1181 490 1394 531 montes.

107 561 234 608 Tum
260 568 403 625 pater
427 562 741 626 omnipotens
767 563 920 610 misso
944 562 1182 626 perfregit
1208 562 1483 625 Olympum

108 638 351 695 Fulmine,
379 645 430 686 et
454 639 680 686 excussit
701 641 933 703 subjecto
959 640 1137 687 Pelion
1165 639 1325 685 Ossae.

1411 641 1502 685 155

111 715 307 763 Obruta
325 716 454 763 mole
480 732 570 763 sua
595 732 750 779 quum
776 732 983 780 corpora
1006 717 1113 764 dira
1132 718 1384 780 jacerent3

151 844 330 875 151—162.
355 844 533 886 Nereforet,
544 844 622 885 etc.]
651 845 770 887 Gigan-

106 894 263 929 tomachia‚
284 903 379 934 quam
403 893 518 924 Noster
540 894 648 935 paucis
672 899 771 925 trans-

104 941 210 978 mittit,
226 942 382 973 Hesiodus
396 942 489 984 plane
504 943 655 984 neglexit.
692 944 772 980 Quae

106 991 234 1022 Homer.
253 991 314 1022 Od.
329 992 363 1023 λ.
381 993 530 1023 304-19
545 1004 552 1030 ;
584 992 733 1034 Apollon.
752 992 773 1023 i.

107 1042 191 1080 4843
229 1041 318 1083 Virg.
332 1042 450 1083 Georg.
466 1041 487 1072 i.
503 1042 652 1073 280—83
668 1053 676 1080 ;
704 1042 772 1073 Col.

107 1092 183 1122 AEn.
195 1091 236 1122 vi.
249 1093 312 1123 580
327 1103 335 1130 3
358 1091 508 1133 Apollod.
523 1092 551 1122 I.
565 1091 618 1122 vii.
631 1093 663 1122 4.
675 1093 772 1123 Otum

107 1146 139 1171 et
146 1140 337 1183 Ephialtem,
349 1140 423 1172 Aloi
433 1140 524 1176 filios,
537 1146 656 1172 statura
666 1152 773 1182 corpo-

105 1189 147 1221 ris
158 1190 346 1232 prodigiosa,
357 1200 493 1232 parasse,
505 1197 548 1227 et,
558 1191 615 1221 nisi
625 1191 664 1222 ab
675 1191 772 1233 Apol-

106 1239 169 1270 line
191 1240 312 1281 sagittis
326 1240 440 1271 confixi
455 1246 570 1278 essent,
584 1240 775 1282 perfecturos

106 1288 200 1320 fuisse
221 1289 372 1326 scribunt,
397 1299 435 1320 ea
456 1289 570 1320 Noster
595 1289 658 1325 hic,
680 1295 775 1331 atque

108 1338 192 1368 Fast.
215 1349 245 1369 v.
270 1339 323 1370 35.
353 1349 373 1370 a
397 1338 580 1380 Gigantibus
604 1338 688 1369 sacta
709 1349 776 1370 esse

108 1394 221 1418 narrat.
265 1389 386 1420 Verum
424 1388 576 1431 Gigantas
608 1390 773 1431 Γηγενεῖς,

112 1437 301 1480 Terrigenas,
319 1449 397 1480 quos
411 1438 517 1474 Terra,
533 1438 700 1480 indignans
721 1440 741 1471 J
745 1450 775 1470 0-

110 1486 140 1517 vi
161 1488 200 1518 ob
220 1489 348 1520 Titanas
366 1488 399 1519 in
421 1489 584 1520 Tartarum
608 1489 775 1531 conjectos,

109 1547 148 1567 ex
161 1537 290 1568 Tartaro
304 1537 435 1580 peperit,
455 1543 487 1569 et
503 1549 635 1580 quorum
651 1539 777 1570 nomina

110 1586 215 1618 Sehol.
243 1587 375 1618 Hesiod.
401 1588 442 1619 ad
466 1587 525 1618 Th.
553 1589 625 1619 185.
651 1588 774 1629 Hygin.

110 1643 246 1677 praesert.
260 1648 294 1678 p.
312 1638 342 1667 3.
355 1636 482 1673 habent,
498 1637 601 1678 potius
618 1637 649 1668 in
664 1638 776 1668 Mace-

110 1684 202 1716 donia
219 1696 296 1716 saxa
316 1692 411 1727 atque
431 1696 578 1717 accensas
601 1687 725 1717 arbores
744 1687 777 1718 in

110 1733 226 1764 coelum
236 1734 392 1776 jaculatos
411 1746 477 1767 esse
493 1742 587 1777 atque
607 1746 626 1767 a
641 1735 777 1767 Coelico-

110 1781 160 1819 lis,
175 1784 313 1815 Hercule
329 1785 363 1815 in
384 1785 564 1816 societatem
583 1786 714 1822 adscito,
730 1785 776 1816 in-

111 1833 268 1870 terfectos,
289 1833 342 1864 alii
363 1834 502 1870 tradunt,
522 1840 558 1865 ut
580 1834 688 1876 Eurip.
709 1835 777 1866 Ion.

112 1882 282 1921 206—18;
305 1883 455 1925 Apollod.
467 1882 488 1914 i.
499 1884 529 1914 6.
553 1883 666 1925 Itaque
682 1884 776 1915 Ovid.

113 1930 191 1962 duos
217 1931 353 1963 diversos
388 1933 511 1974 mythos
547 1933 708 1971 confudit;
745 1933 778 1964 in

113 1991 174 2022 quo
197 1981 274 2013 forte
296 1988 437 2013 auctores
457 1982 578 2019 habuit,
594 1989 647 2014 aut
662 1983 778 2014 Phere-

113 2030 224 2072 cydem
247 2037 279 2062 et
295 2031 490 2068 Acusilaum,
512 2032 567 2074 qui
586 2032 642 2063 illa
665 2032 778 2073 attige-

113 2085 191 2116 rant,
208 2086 262 2111 aut
278 2081 395 2123 priscos
412 2090 531 2124 poetas,
548 2081 600 2123 qui
625 2081 779 2122 Giganto-

114 2128 254 2160 machias
273 2129 471 2172 scripserant.
495 2131 607 2161 Horat.
631 2131 695 2161 III.
715 2130 778 2162 Od.

114 2176 157 2208 iv.
186 2179 326 2210 49—63.
354 2180 477 2221 mythos
504 2180 574 2211 illos
602 2179 778 2221 distinguit.

115 2226 153 2257 In
165 2227 331 2260 Claudiani
346 2229 611 2270 Gigantomachia
627 2229 779 2271 Gigantes

114 2281 147 2306 et
161 2276 218 2307 hos
233 2284 264 2308 et
276 2278 353 2309 alios
368 2285 486 2309 montes
497 2279 691 2320 jaculantur.
716 2280 779 2310 Vix

117 2324 246 2357 dubium
267 2333 372 2358 autem
392 2333 450 2364 est,
468 2328 546 2369 quin
565 2328 721 2370 Olympus
739 2330 779 2360 ab

117 2375 198 2406 Ossa
225 2382 314 2408 terrae
343 2383 431 2409 motu
459 2379 600 2409 revulsus
631 2378 782 2419 originem

118 2425 232 2456 fabulae
259 2427 400 2458 dederit:
435 2428 558 2464 Strabo,
582 2427 625 2458 ix.
650 2439 681 2470 p.
707 2429 780 2460 658.

119 2473 271 2516 Gigantes
291 2482 397 2507 autem
416 2476 510 2507 fuisse
523 2476 668 2508 videntur
682 2477 782 2508 homi-

120 2533 174 2553 nes
193 2523 311 2555 viribus
331 2526 484 2562 valentes,
504 2525 622 2556 feroces
646 2532 678 2556 et
699 2526 782 2557 inso-

119 2570 218 2604 lentes
230 2573 338 2604 tamin
349 2574 465 2610 Deum,
473 2585 569 2616 quam
579 2574 611 2605 in
623 2574 762 2606 homines
773 2587 781 2613 ;

120 2630 250 2662 quorum
286 2623 435 2654 ferociam
470 2624 573 2665 prisca
608 2628 694 2660 aetas,
724 2624 782 2654 sub

121 2681 229 2702 sensus
244 2671 348 2702 omnia
362 2682 491 2708 vocans,
508 2672 552 2703 sic
572 2673 734 2714 expressit,
749 2679 785 2704 ut

123 2730 251 2762 corpora
265 2720 424 2757 immania,
439 2727 471 2752 et
486 2722 585 2752 multa
598 2721 738 2757 brachia,
752 2722 785 2752 in

124 2769 237 2809 quibus
257 2770 347 2801 sedes
367 2771 495 2806 roboris,
517 2770 553 2801 iis
572 2771 671 2806 daret,
691 2773 785 2813 atque

839 850 960 875 montes
991 845 1029 875 ab
1056 844 1094 875 iis
1120 844 1160 875 ad
1187 844 1304 875 coelum
1332 848 1506 874 exstructos

838 894 979 935 fingeret.
1005 894 1097 930 Neve,
1110 899 1170 924 etc.
1193 893 1244 923 Sic
1260 892 1422 923 commode
1437 892 1506 923 haec

840 948 1050 974 annectuntur
1065 942 1332 974 antecedentibus.
1370 942 1507 978 Arduus,

839 992 931 1033 longe
948 998 1083 1023 remotus
1105 1003 1123 1023 a
1143 991 1242 1022 turbis
1256 990 1396 1027 terrenis,
1412 997 1506 1032 atque

840 1043 935 1073 etiam
967 1041 1104 1072 difficilis
1139 1040 1306 1072 adscensu.
1353 1041 1508 1071 Fecerunt

840 1098 945 1123 autem
970 1092 1028 1122 hoc
1053 1091 1196 1133 gigantes
1223 1090 1360 1132 impulsu
1387 1091 1507 1127 matris,

840 1141 1006 1172 invidentis
1020 1141 1172 1172 coelicolis
1186 1151 1330 1181 regnum.
1378 1140 1506 1172 Fulmen

841 1191 997 1233 Cyclopes
1011 1191 1082 1222 Jovi
1102 1191 1134 1221 in
1153 1188 1392 1220 Titanomachia
1415 1189 1506 1220 mini-

840 1246 1013 1271 straverant
1043 1239 1166 1282 (Apoll.
1194 1239 1222 1270 Ι.
1245 1238 1278 1269 ii.
1311 1237 1376 1278 1.;)
1407 1249 1507 1280 eoque

841 1301 896 1332 pro
923 1290 996 1321 telis
1023 1289 1136 1321 deinde
1165 1289 1198 1319 in
1228 1289 1370 1320 omnibus
1394 1290 1509 1331 pugnis

842 1349 916 1369 usus
929 1343 988 1370 est.

888 1389 958 1419 152.
986 1389 1158 1431 Adfectasse
1169 1388 1285 1430 ferunt
1307 1399 1433 1430 regnum
1453 1401 1510 1421 ccr-

844 1440 913 1469 Ieste
941 1437 1117 1479 Gigantas]
1163 1437 1310 1468 Similiter
1346 1438 1430 1468 Fast.
1466 1439 1511 1470 iii.

843 1489 925 1519 439:
952 1489 1023 1518 Post
1044 1499 1128 1518 ausos
1149 1489 1253 1519 calam
1275 1488 1429 1529 adfectare
1451 1489 1508 1520 Gi-

843 1545 970 1580 gantas,·
1009 1543 1040 1568 et
1067 1538 1158 1568 Pont.
1183 1537 1243 1567 IV.
1267 1537 1325 1578 Ep.
1353 1536 1416 1568 viii.
1440 1538 1505 1569 59:

843 1588 1038 1630 Adfectantes
1051 1589 1178 1618 coelestia
1199 1598 1290 1628 regna
1308 1586 1469 1628 Gigantas.

891 1639 960 1668 155.
984 1637 1152 1677 Subjectm]
1180 1635 1335 1673 Quoniam
1359 1647 1421 1667 non
1445 1647 1511 1668 mo-

844 1686 884 1717 do
905 1686 988 1728 apud
1011 1687 1104 1716 Hom.
1129 1691 1223 1727 atque
1249 1685 1387 1727 Propert.
1414 1686 1459 1716 II.
1486 1687 1510 1718 i.

848 1737 896 1767 19.
921 1736 977 1767 sed
1001 1735 1096 1766 etiam
1121 1734 1206 1777 apud
1228 1735 1377 1765 Nostrum
1402 1736 1512 1768 Amor.

845 1786 890 1816 II.
911 1785 933 1816 i.
958 1785 1009 1815 13.
1032 1790 1152 1815 montes
1173 1784 1219 1814 illi
1241 1784 1285 1814 sic
1307 1784 1510 1823 collocantur,

846 1842 880 1865 ut
904 1834 1040 1864 maximo
1070 1834 1206 1874 Olympo
1229 1833 1329 1863 minor
1359 1833 1451 1870 Ossa,
1480 1840 1512 1866 et

845 1884 917 1914 huic
946 1883 1093 1914 minimus
1122 1882 1233 1913 Pelion
1260 1882 1422 1924 impositus
1448 1883 1511 1922 sit;

845 1939 1009 1976 propterea
1036 1943 1091 1964 nos
1117 1943 1178 1962 non
1204 1931 1416 1964 dubitavimus
1447 1944 1513 1964 am-

845 1982 942 2024 plecti
958 1982 1032 2013 lect.
1046 1982 1215 2012 multorum
1233 1982 1326 2012 MSS.
1347 1992 1385 2012 ex
1408 1988 1513 2013 vetus·

846 2032 986 2068 tioribus,
1001 2042 1096 2073 quam
1117 2031 1214 2061 etiam
1232 2030 1343 2061 Barth.
1359 2030 1399 2062 ad
1419 2031 1512 2063 Statii

845 2082 946 2113 Theb.
962 2093 994 2113 x.
1009 2082 1083 2112 846.
1098 2081 1220 2123 probat,
1235 2087 1267 2111 et
1280 2091 1298 2111 a
1313 2091 1376 2122 qua
1390 2086 1513 2112 tantum

846 2131 878 2161 in
899 2130 1022 2172 syntaxi
1045 2131 1188 2161 aberrant
1208 2129 1338 2161 secund.
1360 2130 1464 2161 Palat.
1481 2136 1515 2162 et

846 2191 926 2211 unus
939 2180 1060 2211 Bersm.
1075 2180 1129 2221 qui
1151 2179 1269 2209 habent
1282 2180 1411 2219 subjecto
1432 2179 1513 2211 Peli-

847 2241 884 2260 on
903 2230 985 2260 Ossa.

893 2280 966 2311 156.
1007 2279 1136 2318 Corpora
1167 2278 1263 2318 diva]
1302 2279 1402 2308 Erant
1429 2278 1513 2310 enim

849 2328 998 2360 immania
1018 2334 1164 2364 monstra,
1186 2327 1300 2369 quibu-s
1323 2334 1424 2358 mater
1451 2334 1513 2359 sta—

849 2384 950 2409 turam
990 2377 1160 2419 ingentem,
1198 2383 1348 2408 centenas
1392 2388 1514 2414 manus,

850 2428 1075 2470 quinquagena
1099 2427 1215 2469 capita,
1242 2433 1274 2457 et
1296 2437 1350 2468 pro
1373 2427 1514 2458 cruribus

850 2487 968 2518 angues
982 2476 1112 2506 dederat
1126 2488 1132 2506 :
1158 2476 1241 2506 Fast.
1257 2487 1286 2506 v.
1303 2477 1354 2506 35.
1387 2476 1438 2507 De
1453 2476 1514 2507 for-

849 2537 901 2557 ma
919 2526 975 2556 illa
997 2525 1180 2567 symbolica,
1197 2525 1259 2556 vid.
1281 2525 1386 2566 Heyn.
1424 2526 1514 2556 Anti-

847 2576 1024 2616 quarischen
1057 2575 1252 2617 Aufsaetzen,
1281 2581 1306 2606 t.
1337 2574 1369 2605 ii.
1397 2586 1430 2617 p.
1460 2576 1514 2607 58.

852 2626 932 2656 Male
959 2637 1024 2662 sua,
1048 2624 1206 2656 montibus
1232 2635 1251 2656 a
1275 2635 1308 2655 se
1334 2625 1513 2656 exstructis.

850 2676 959 2705 Senec.
971 2675 1100 2716 Thyest.
1112 2684 1174 2705 ver.
1193 2675 1285 2704 1084.
1301 2673 1332 2704 hi
1347 2679 1409 2704 tres
1429 2685 1515 2705 mon-

852 2730 897 2754 tes
913 2729 1062 2754 vocantur
1078 2725 1241 2763 tergemina
1258 2724 1354 2753 moles.
