1729 3207
382 216 1004 259 METAMORPHOSEON
1038 216 1157 258 LIB.
1192 216 1229 257 I.

1414 217 1497 257 117

114 332 229 397 Ipse
256 332 424 389 Amor,
452 333 667 380 admisso
693 333 915 396 sequitur
934 332 1143 395 vestigia
1168 348 1335 395 passu.

115 409 184 456 Ut
208 409 344 456 canis
370 410 419 456 in
443 426 599 457 vacuo
623 409 842 473 leporem
868 424 1022 471 quum
1049 409 1272 456 Gallicus
1297 424 1411 455 arvo

112 485 275 545 Vidit3
309 493 360 534 et
384 487 464 533 hie
489 486 707 551 praedam
733 487 946 551 pedibus
973 486 1111 550 petit,
1139 486 1220 533 ille
1248 486 1490 532 salutem:

112 563 253 610 Alter
276 563 520 611 inhaesuro
547 563 736 620 similis,
758 564 863 626 jam
883 565 1090 626 jamque
1116 569 1287 610 tenere

1399 564 1493 609 535

115 640 309 704 Sperat,
338 648 387 688 et
412 648 616 689 extento
643 641 840 704 stringit
863 640 1074 702 vestigia
1098 647 1282 686 rostro:

112 716 254 765 Alter
278 718 327 765 in
353 719 585 782 ambiguo
611 726 702 775 est,
731 735 792 766 an
819 718 883 765 sit
908 718 1200 781 deprensus,
1228 723 1279 763 et
1303 715 1425 779 ipsis

114 793 366 842 Morsibus
392 795 610 859 eripitur,
638 795 997 858 tangentiaque
1021 810 1107 841 ora
1130 793 1394 856 relinquit:

116 872 198 919 Sic
226 872 380 928 DeUS,
403 879 454 920 et
470 873 605 936 virgo
631 880 734 929 est;
764 872 843 919 hie
871 889 960 936 spe
985 872 1133 926 celer,
1164 871 1247 917 illa
1270 870 1461 917 timore.

115 949 212 1004 Qui
233 957 400 998 tamen
424 950 718 1014 insequitur,
740 951 916 1014 pennis
942 951 1143 1013 adjutus
1169 947 1365 994 Amoris
1404 949 1500 994 540

116 1026 267 1074 Ocior
291 1035 383 1085 est,
411 1028 735 1091 requiemque
762 1034 939 1091 negat:
980 1034 1222 1089 tergoque
1246 1024 1410 1087 fugaci

117 1103 380 1161 Imminet;
422 1112 472 1152 et
496 1105 681 1152 crinem
707 1121 935 1169 sparsum
957 1103 1234 1151 cervicibus
1262 1102 1430 1149 adflat.

115 1181 315 1228 Viribus
342 1182 618 1245 absumptis
640 1182 882 1245 expalluit
905 1182 1017 1228 illa:
1057 1181 1270 1242 citaeque

116 1257 262 1306 Victa
285 1259 453 1305 labore
478 1257 624 1320 fugae,
653 1265 886 1322 spectans
913 1257 1162 1304 Peneidas
1188 1256 1363 1310 undas»,

119 1339 149 1358 “
177 1335 287 1392 Fer,
314 1343 470 1400 pater,
498 1336 674 1399 inquit,
702 1352 872 1400 opem;
912 1336 951 1383 si
977 1334 1181 1382 flumina
1206 1349 1391 1380 numen
1417 1333 1501 1379 ha-

313 1412 458 1461 betis.

1407 1412 1502 1457 545

119 1489 231 1544 Qua
253 1490 460 1538 nimium
487 1491 669 1556 placui,
693 1491 880 1547 Tellus,
909 1498 994 1538 aut
1017 1491 1171 1547 hisee,
1197 1490 1274 1538 vel
1299 1489 1460 1542 istam,

121 1568 244 1623 Quae
270 1569 403 1626 facit,
431 1576 487 1617 ut
508 1570 675 1625 laedar,
702 1570 941 1617 mutando
967 1569 1120 1633 perde
1144 1565 1404 1631 figuram.”

161 1694 236 1724 532.
252 1693 396 1729 Admisso,
407 1692 512 1724 celeri.
536 1692 662 1735 Proprie
678 1703 778 1734 equus

120 1741 233 1773 dicitur
262 1744 394 1778 admitti,
418 1752 515 1784 quum
544 1742 639 1773 frenis
665 1742 779 1773 laxatis

119 1790 265 1822 incitatur
281 1790 320 1821 ad
335 1801 471 1822 cursum.

162 1841 236 1871 533.
258 1840 299 1870 Ut
314 1841 409 1876 canis,
425 1839 505 1880 etc.]
530 1839 677 1880 Sequitur
691 1839 780 1871 locus

121 1898 140 1918 a
163 1888 329 1930 phantasia
352 1888 527 1929 singularis,
545 1893 576 1918 et
594 1887 686 1929 longe
701 1899 779 1931 prae-

120 1938 337 1975 stantissimus,
365 1938 455 1980 cujus
485 1943 591 1968 tamen
620 1938 690 1969 laus
720 1948 781 1969 non

121 1987 252 2019 debetur
275 1987 401 2029 ingenio
422 1987 589 2023 Ovidiano‚
606 1998 677 2018 nam
699 1993 782 2019 totus

122 2047 286 2080 expressus
309 2043 356 2069 est
377 2049 394 2069 e
409 2037 523 2079 virgil.
546 2039 623 2069 AEn.
643 2037 698 2068 xii.
719 2038 781 2069 749

123 2097 192 2128 sqq.
219 2087 484 2128 quemadmodum
511 2086 625 2127 virgil.
656 2097 712 2118 sua
742 2097 780 2117 ex

124 2134 268 2177 Apollon.
290 2135 355 2166 Rh.
378 2135 411 2166 ii.
427 2136 503 2166 278.
520 2135 610 2176 petiit
624 2147 630 2164 :
656 2135 697 2165 cf.
711 2136 781 2166 Sta-

123 2185 184 2216 tius
203 2185 356 2216 Thebaid.
374 2197 405 2216 v.
429 2185 490 2216 165
508 2195 598 2226 sqq.;
621 2190 653 2215 et
668 2184 782 2215 Noster

124 2234 214 2271 infra,
224 2234 444 2266 vii.781—86.
454 2234 506 2276 qui
517 2235 576 2265 loc.
589 2234 696 2275 utique
710 2244 782 2264 cum

125 2283 183 2315 hoc
204 2285 421 2316 conserendus.
467 2284 582 2315 Gallici
598 2294 700 2320 canes,
717 2295 782 2314 ver-

126 2336 188 2376 tagz'
203 2334 290 2371 dicti,
300 2345 318 2365 a
334 2334 493 2366 celeritate
506 2334 538 2364 in
551 2333 657 2375 primis
672 2333 781 2364 lauda-

127 2384 250 2420 bantur,
265 2389 297 2415 et
319 2383 475 2426 leporibus
498 2382 691 2424 potissimum
714 2393 782 2424 per-

127 2431 294 2473 sequendis
337 2432 566 2463 adhibebantur
583 2445 588 2462 :
640 2432 784 2463 Gratian.

128 2480 247 2522 Cyneg.
267 2491 330 2513 ver.
348 2482 424 2512 203.
468 2480 507 2511 In
532 2492 636 2517 vacuo,
662 2481 714 2511 ubi
740 2480 783 2510 nil

80 2566 81 2569 Ἰ
129 2535 262 2560 moratur
276 2530 343 2572 ejus
359 2530 563 2560 celeritatem.
590 2530 692 2561 Vacua
703 2530 783 2566 loca,

129 2589 190 2608 non
214 2579 333 2609 consita
353 2579 497 2616 arbustis,
517 2579 558 2610 iv.
575 2580 649 2609 713.
686 2580 786 2621 Supra

130 2628 204 2658 285.
221 2630 318 2667 aperti
331 2630 438 2668 campi.
462 2627 573 2669 virgil.
589 2628 716 2659 AEneid.
731 2627 786 2658 xii.

130 2677 201 2708 771.
215 2688 310 2716 purus
325 2688 455 2717 campus,
471 2678 610 2719 καθαρὸς
626 2680 741 2719 χῶρος.

173 2727 248 2757 535.
262 2727 425 2763 Inhaesuro,
444 2727 562 2758 scilicet
578 2726 733 2763 dentibus,
748 2726 787 2757 de

132 2775 301 2806 mordente.

178 2825 275 2857 VOL.
288 2825 352 2855 III.

889 1692 963 1724 540.
982 1692 1043 1726 Qui
1064 1698 1163 1722 tumen
1183 1688 1376 1730 insequitur]
1404 1688 1507 1724 Quem

847 1752 933 1772 amor
949 1741 1081 1771 celerem
1098 1739 1213 1775 reddit,
1231 1749 1301 1770 eum
1317 1736 1440 1779 Cupido
1455 1746 1508 1766 ve-

847 1791 905 1822 luti
921 1791 1049 1833 adjuvat
1065 1790 1123 1821 alis
1140 1789 1214 1820 suis.

891 1841 964 1872 541.
1000 1840 1094 1882 Taexrgo
1124 1840 1275 1869 imminere
1301 1836 1394 1867 etiam
1425 1833 1509 1876 apud

847 1889 1019 1926 historicos,
1035 1889 1089 1920 sed
1105 1888 1136 1919 h.
1151 1889 1174 1918 l.
1194 1898 1266 1918 cum
1282 1887 1312 1917 vi
1333 1885 1371 1915 de
1391 1894 1438 1919 eo,
1455 1882 1508 1924 qui

848 1950 943 1982 prono
968 1950 1094 1981 corpore
1119 1938 1164 1968 ita
1181 1938 1287 1973 instat,
1306 1940 1341 1966 ut
1360 1931 1509 1974 fugientis

848 1994 971 2030 tergum
996 1988 1096 2019 halitu
1127 1998 1181 2018 suo
1211 1985 1316 2017 adfiet.
1361 1981 1509 2014 Similiter

848 2049 878 2069 v.
903 2038 978 2068 616.
1023 2036 1185 2079 Expressit
1209 2033 1376 2066 Claudian.
1401 2029 1509 2061 xxviii.

848 2087 931 2117 279:
959 2086 1053 2117 Flatu
1079 2087 1215 2126 propiore
1241 2088 1413 2123 sequentum
1441 2090 1507 2119 pre-

849 2147 922 2167 mor.

892 2185 966 2216 545.
991 2183 1139 2223 Numera]
1167 2182 1240 2212 Vim
1265 2186 1296 2211 et
1325 2182 1508 2220 potestatem

850 2234 1013 2265 divinam:
1044 2243 1146 2273 neque
1175 2234 1197 2261 si
1226 2240 1309 2260 nunc
1339 2226 1510 2259 dubitantis

850 2289 907 2320 est,
924 2283 977 2314 sed
994 2292 1075 2324 saepe
1091 2280 1214 2323 ponitur
1230 2289 1294 2320 pro,
1309 2288 1419 2318 quum:
1439 2275 1510 2305 vide

850 2331 1008 2363 Brouckh.
1035 2330 1073 2361 ad
1100 2331 1241 2371 Propert.
1264 2327 1326 2358 ΙΙΙ.
1351 2325 1401 2356 El.
1424 2323 1509 2354 xxiii.

853 2383 904 2413 19.
951 2381 1037 2411 Infra
1052 2379 1118 2410 xiii.
1135 2380 1188 2409 49.
1207 2380 1230 2408 si
1248 2377 1291 2407 Dz'
1311 2381 1392 2412 sunt,
1408 2378 1439 2404 et
1459 2384 1509 2403 su-

849 2441 905 2473 pra
920 2430 995 2461 377.

894 2480 967 2515 546,
979 2480 1054 2510 547.
1071 2478 1137 2512 Qun
1154 2479 1278 2507 nimium
1295 2473 1425 2515 placui]
1437 2472 1510 2502 Duo

852 2528 953 2560 Codd.
969 2528 1024 2558 hos
1045 2527 1122 2557 duos
1136 2536 1242 2557 versus
1262 2527 1446 2566 praeponunt
1461 2532 1511 2551 su-

851 2577 973 2619 periori.
1022 2576 1150 2606 Heinsio
1180 2579 1233 2605 aut
1263 2571 1392 2603 tollendi
1418 2570 1509 2600 ambo

852 2625 1049 2661 videbantur,
1083 2629 1137 2654 aut
1166 2623 1272 2654 ordine
1309 2621 1429 2650 inverso
1464 2618 1509 2648 le-

853 2674 960 2716 gendi.
998 2675 1106 2704 Burm.
1121 2671 1242 2708 suadet,
1259 2670 1307 2701 vel
1323 2670 1369 2699 Ah
1383 2669 1511 2698 nimium

854 2724 979 2763 placui!
1002 2722 1050 2753 vel
1078 2722 1141 2752 Cur
1161 2724 1285 2751 nimium
1309 2730 1338 2759 p.
1362 2715 1510 2757 Denique

858 2780 890 2803 nt
922 2774 1014 2803 [Μίαν
1040 2771 1150 2802 mutari
1177 2770 1245 2801 vult
1273 2768 1304 2799 in
1334 2773 1368 2798 ut
1392 2767 1509 2800 lauder,

985 2822 999 2850 I
