1763 3181
413 188 1034 232 METAMORPHOSEON
1066 187 1186 229 LIB.
1210 187 1273 229 II.

1447 192 1529 232 167

156 305 359 352 Summe
385 304 582 352 Deum?
618 305 764 352 liceat
789 304 1018 367 periturae
1043 303 1226 350 viribus
1252 304 1395 366 ignis,
1433 309 1529 352 280

156 381 279 444 Igne
303 382 461 446 perire
485 389 599 440 tuo;
639 382 934 445 clademque
959 388 1159 429 auctore
1183 382 1362 430 levare.

150 459 249 506 Vix
274 459 506 522 equidem
531 459 699 507 fauces
724 459 830 505 haec
856 458 964 522 ipsa
987 458 1037 504 in
1060 459 1211 506 verba
1235 458 1473 514 resolvo,''

150 536 430 598 (Presserat
447 553 532 584 ora
547 536 720 600 vapor)
748 541 779 559 ‘⁶
799 542 956 583 tostos
983 551 1044 583 en
1069 535 1238 599 aspice
1264 535 1442 591 crines,

152 613 311 677 Inque
331 613 486 662 oculis
512 621 721 670 tantum,
750 620 942 661 tantum
969 629 1117 676 super
1141 628 1226 659 ora
1249 612 1442 659 favillae.

151 690 324 739 Hosne
348 691 468 739 mihi
491 691 697 746 fructus,
724 691 855 737 hunc
881 689 1144 737 fertilitatis
1169 689 1407 736 honorem
1431 691 1527 736 285

153 768 416 832 Officiique
435 769 602 824 refers,
630 768 765 831 quod
790 767 970 815 adunci
995 768 1199 814 vulnera
1223 767 1388 822 aratri,

152 845 544 909 Rastrorumque
564 845 683 901 fero,
709 851 916 908 totoque
941 860 1176 892 exerceor
1201 844 1365 891 anno?

151 921 298 976 Quod
322 923 487 987 pecori
507 922 721 978 frondes,
739 922 1073 984 alimentaque
1097 921 1253 978 mitia,
1279 921 1461 984 fruges,

152 999 383 1047 Humano
408 1001 591 1063 generi,
617 1000 756 1048 vobis
782 1000 916 1063 quod
940 1006 1050 1046 tura
1074 998 1331 1046 ministro?

153 1076 254 1124 Sed
273 1083 440 1124 tamen
465 1077 671 1125 exitium
696 1077 771 1123 fac
797 1092 876 1123 me
901 1076 1169 1123 meruisse:
1200 1075 1320 1138 quid
1345 1074 1507 1129 undae,

152 1153 286 1208 Quid
310 1154 491 1202 meruit
513 1154 695 1202 frater?
731 1170 818 1201 cur
838 1153 907 1200 illi
932 1153 1112 1200 tradita
1136 1159 1266 1200 sorte

1434 1154 1525 1198 291

151 1231 371 1294 AEquora
393 1232 702 1288 decrescunt,
729 1239 781 1279 et
805 1232 866 1278 ab
893 1231 1074 1277 aethere
1098 1229 1292 1292 longius
1318 1227 1533 1276 absunt?

152 1307 300 1362 Quod
325 1309 365 1355 si
390 1325 481 1356 nec
506 1309 684 1364 fratris,
712 1323 804 1355 nec
829 1315 879 1355 te
905 1323 1016 1354 mea
1040 1307 1199 1369 gratia
1223 1305 1409 1368 tangit;

151 1384 221 1432 At
244 1386 354 1433 coeli
379 1387 611 1434 miserere
635 1386 734 1434 tui:
775 1385 1103 1448 circumspice
1128 1391 1422 1446 utrumque;

153 1461 331 1511 Fumat
349 1470 561 1527 uterque
582 1464 724 1527 polus
743 1480 753 1511 :
783 1479 908 1526 quos
930 1463 971 1510 si
990 1462 1233 1509 vitiaverit
1251 1461 1395 1524 ignis,
1434 1463 1530 1508 295

152 1613 293 1646 vationes
315 1613 358 1646 ad
376 1614 484 1646 Tibul.
510 1615 555 1646 ΙΙ.
575 1615 618 1646 ἰν.
644 1617 674 1647 5.
723 1615 806 1646 Vires

149 1673 233 1705 saepe
247 1669 278 1694 et
292 1663 357 1705 igni
372 1664 548 1695 tribuuntur
563 1670 594 1695 et
614 1675 668 1707 pro
683 1664 807 1706 ignibus

152 1719 326 1753 ponuntur:
352 1713 408 1744 vii,
424 1715 475 1745 81.
491 1713 627 1745 scintilla
649 1716 682 1744 in
702 1720 808 1744 veteres

152 1765 257 1793 crescit
282 1764 381 1799 τίνες,-
419 1762 487 1793 xiii.
515 1763 588 1794 868.
614 1763 713 1793 AEtna
741 1774 807 1793 cum

150 1814 212 1842 suis
236 1813 360 1843 viribus.
403 1812 486 1843 Hinc
513 1812 544 1843 h.
567 1812 590 1843 1.
618 1812 809 1854 periphrasin

151 1861 236 1897 facit,
257 1867 292 1892 ut
316 1861 380 1893 xiv.
399 1863 474 1894 274.
494 1864 537 1893 vz's
562 1864 645 1894 meri.
689 1860 810 1892 Similia

153 1911 237 1953 apud
253 1912 391 1942 Graecos.
429 1911 535 1942 Clades
551 1913 680 1947 levatur,
696 1912 808 1942 tolera-

151 1960 242 1991 bilior
265 1960 414 1997 redditur,
429 1968 563 1997 auctore,
578 1960 702 2002 quando
718 1966 772 1990 aut
790 1971 809 1991 a

153 2020 266 2051 magno
295 2015 327 2040 et
350 2010 464 2041 illustri
490 2010 566 2047 viro,
591 2016 656 2046 aut,
687 2016 722 2041 ut
750 2010 809 2041 11οο

151 2059 231 2096 1000,
249 2070 268 2090 a
282 2060 351 2090 Deo
365 2059 505 2090 infertur.
528 2061 645 2091 Bumz.
682 2060 807 2096 Levare,

152 2109 302 2145 minuere,
319 2115 354 2140 ut
367 2109 411 2140 iii.
423 2110 496 2141 338.

195 2159 269 2189 283.
303 2158 485 2199 Presserat]
528 2159 678 2194 Premere,
705 2158 805 2200 oppri-

152 2217 247 2243 mere,
279 2206 434 2238 claudere.
484 2207 635 2248 Virgilius
664 2208 738 2237 iEn.
767 2207 808 2237 vi.

155 2257 236 2288 155:
261 2267 412 2296 pressoque
424 2258 571 2287 obmutuit
586 2267 646 2288 ore.
669 2255 809 2286 Multum

153 2306 237 2336 valet
252 2305 292 2336 ad
307 2305 475 2336 movendos
491 2305 579 2340 alios,
595 2304 632 2340 si,
648 2315 717 2346 quae
733 2303 812 2334 dici-

152 2365 232 2391 mus,
259 2364 363 2385 eorum
391 2353 489 2385 oculis
518 2354 670 2396 subjicere
702 2363 810 2395 possu-

154 2414 233 2434 mus.
285 2403 368 2434 Hinc
398 2415 433 2434 en
457 2405 566 2443 aspice,
592 2408 624 2434 et
649 2413 719 2433 mox
751 2405 811 2433 cir·

153 2455 310 2493 cumspice,
325 2459 418 2494 atque
441 2465 477 2484 en
493 2454 589 2484 Atlas.
634 2452 707 2482 Non
731 2454 810 2482 cine-

153 2505 195 2532 ris
219 2502 306 2538 dicit,
327 2502 395 2538 sed,
416 2502 499 2544 quod
523 2501 655 2543 gravius,
673 2501 810 2543 favillzr,

154 2551 264 2582 cineris
275 2552 363 2582 mixti
376 2551 520 2582 scintillis
533 2551 642 2592 igneis.
680 2552 785 2581 Honor
798 2564 806 2581 .-

153 2600 327 2643 praemium.
369 2602 457 2643 Saepe
478 2601 557 2631 sulci
581 2611 653 2631 cum
675 2602 809 2631 vulneri-

156 2652 207 2680 bus
223 2656 451 2691 comparantur,
469 2655 500 2681 et
521 2650 578 2680 hoc
595 2650 721 2691 quidem
741 2650 811 2679 loco

154 2698 411 2730 commodissime.
448 2699 602 2729 Acerbius
617 2698 710 2729 etiam
726 2698 810 2728 Plin.

157 2747 200 2777 H.
216 2748 259 2778 Ν.
281 2746 314 2778 11.
335 2748 396 2778 63:
424 2747 526 2784 Ferro,
546 2749 637 2789 ligno,
661 2750 739 2788 igne,
765 2747 807 2776 la-

868 1616 938 1655 pide
950 1620 1030 1645 terra
1043 1615 1174 1645 omnibus
1184 1615 1341 1644 cruciatur
1353 1613 1441 1643 horis.
1465 1612 1536 1643 Nisi

874 1669 984 1699 tamen,
1002 1675 1064 1703 quae
1085 1674 1196 1694 summa
1217 1664 1357 1702 patiatur
1377 1667 1466 1701 atque
1485 1671 1533 1691 er-

875 1720 966 1743 trema
992 1719 1070 1748 cute,
1094 1713 1261 1742 tolerabilia
1286 1712 1439 1741 ridentur.
1476 1710 1533 1740 Pe-

875 1769 1027 1792 neti-amus
1054 1763 1083 1792 in
1110 1764 1233 1797 viscera,
1251 1767 1316 1791 etc.
1350 1760 1401 1790 De
1423 1765 1535 1790 rastro-

876 1823 944 1841 rum
962 1811 1113 1852 gravitate
1129 1822 1161 1841 v.
1176 1810 1217 1840 ad
1232 1810 1254 1840 i.
1275 1810 1345 1839 101.
1392 1808 1536 1838 Exercere

875 1862 954 1892 bene
971 1861 1009 1891 de
1027 1860 1230 1902 agricultura,
1248 1864 1342 1900 atque
1361 1858 1454 1889 etiam
1471 1869 1534 1888 mo-

876 1909 973 1941 lestiae
989 1910 1145 1940 notionem
1165 1908 1307 1939 involvit.
1347 1907 1439 1943 Tura,
1457 1918 1534 1949 quo—

877 1969 945 1989 rum
966 1968 1041 1989 cura
1063 1958 1199 1988 maxime
1222 1957 1375 1999 tangebat
1400 1957 1497 1992 Deos,
1514 1956 1536 1986 i.

878 2010 951 2040 248.

920 2059 995 2090 291.
1010 2058 1135 2088 Tradita
1151 2056 1255 2096 sorta]
1270 2057 1348 2093 Quae
1363 2054 1440 2086 adeo
1452 2066 1536 2086 sum-

878 2119 929 2139 mo
952 2108 1022 2150 jure
1051 2107 1079 2138 ei
1106 2106 1280 2137 debentur:
1306 2111 1334 2135 et
1357 2107 1393 2135 ab
1419 2106 1536 2141 (ethere,

880 2164 958 2196 etc.;
982 2162 1134 2199 quatenus
1150 2156 1360 2186 decreverant.

922 2208 995 2237 294.
1019 2206 1220 2244 Circumspice
1242 2202 1429 2243 utrumque]
1456 2203 1536 2232 Bur-

875 2266 1007 2287 mannus
1038 2255 1146 2285 mallet
1170 2254 1216 2284 ita
1243 2252 1451 2293 distinguere:
1476 2254 1536 2282 cir-

876 2306 1021 2344 cumspice
1047 2310 1209 2344 utrumque
1241 2302 1366 2344 (fumat
1394 2301 1535 2341 uterque)

874 2356 986 2395 polum.

922 2405 995 2434 295.
1015 2402 1203 2442 Vitiaverit]
1223 2400 1408 2432 Violaverit.
1436 2401 1537 2431 Atria.

879 2451 961 2484 Vide
985 2451 1024 2482 ad
1050 2451 1163 2481 librum
1185 2451 1208 2480 i.
1228 2451 1301 2480 172.
1345 2451 1432 2480 Atlas
1457 2451 1535 2479 labo-

879 2509 939 2532 rat.
963 2501 1065 2536 Atlas,
1080 2511 1168 2531 mons
1182 2499 1393 2535 Mauritaniae,
1403 2499 1456 2540 qui
1472 2509 1537 2529 000-

876 2553 942 2583 lum
958 2550 1030 2580 ideo
1044 2549 1196 2580 sustinere
1209 2549 1332 2584 dicitur,
1342 2547 1424 2589 quod
1434 2547 1536 2583 Atlas,

876 2601 929 2642 qui
952 2599 983 2629 in
1002 2599 1091 2629 illum
1112 2604 1248 2629 montem
1268 2598 1364 2628 fertur
1381 2604 1534 2627 transmu-

876 2655 971 2685 tatus,
981 2648 1097 2689 primus
1106 2648 1243 2678 omnium
1254 2646 1437 2687 astrologica
1449 2656 1534 2676 seru-

877 2699 935 2730 tari
952 2697 1094 2739 coeperit.
1133 2697 1209 2727 vid.
1223 2695 1398 2736 Rhodigin.
1413 2694 1467 2725 lib.
1483 2692 1535 2724 vii.

879 2759 948 2790 cap.
965 2747 1004 2778 xii
1023 2759 1030 2784 ;
1055 2747 1178 2777 Vitruv.
1195 2746 1250 2776 lib.
1265 2745 1307 2776 vi.
1328 2754 1398 2786 cap.
1415 2755 1446 2774 x.
1484 2744 1534 2773 De
