1763 3181
230 197 317 239 300

619 196 669 237 P.
703 194 915 237 OVIDII
948 195 1225 237 NASONIS

231 312 437 360 Vertere
463 304 704 357 Maeonios
731 310 1007 374 pelagoque
1032 311 1321 373 immergere
1346 318 1536 364 nautas,

232 388 298 435 Et
321 388 582 435 laceranda
607 403 708 434 suae
735 387 836 434 nati
862 387 978 434 dare
1002 387 1193 434 viscera
1216 388 1374 444 matri,

231 465 298 513 Et
321 465 542 528 triplices
567 464 757 528 operire
782 464 918 511 novis
946 463 1230 527 Minyeidas
1256 465 1373 512 alis:

1510 467 1606 511 425

232 541 317 588 Nil
341 542 523 606 poterit
545 541 575 588 J
580 557 692 596 uno,
719 541 813 587 nisi
838 541 1022 587 inultos
1047 541 1165 588 flere
1190 541 1416 588 dolores?

230 618 392 681 quue
413 618 532 665 mihi
552 618 670 665 satis
692 618 794 665 est?
821 618 927 664 haec
953 634 1052 665 una
1070 618 1292 682 potentia
1311 624 1477 665 nostra
1496 625 1572 664 est
1589 617 1607 663 2

231 695 347 758 Ipse
361 696 523 750 docet,
547 695 668 758 quid
695 710 836 756 agam
855 713 865 751 ;
895 694 968 741 fas
990 702 1066 742 est
1081 702 1131 742 et
1150 695 1211 741 ab
1228 695 1371 742 hoste
1386 693 1550 740 doceri
1569 712 1579 749 ;

230 771 465 835 Quidque
490 771 621 818 furor
644 772 819 828 valeat,
848 771 1076 819 Penthea
1096 772 1230 819 caede
1256 771 1477 834 satisque

229 848 303 895 Ac
329 865 478 912 super
493 848 737 897 ostendit:
767 865 853 896 cur
873 866 970 896 non
992 849 1288 904 stimuletur,
1306 855 1487 911 eatque
1511 850 1609 894 430

229 924 327 972 Per
351 932 565 987 cognata
589 926 690 972 suis
715 926 947 989 exempla
970 925 1214 973 furoribus
1240 925 1330 972 Ino
1346 925 1396 972 ?”

297 1001 389 1048 Est
412 1002 489 1049 via
513 1002 734 1057 declivis,
761 1001 957 1049 funesta
980 1002 1151 1049 nubila
1175 1009 1320 1058 taxo3

231 1079 384 1126 Ducit
408 1079 471 1125 ad
495 1079 709 1126 infernas
734 1095 822 1143 per
847 1086 984 1126 muta
1009 1079 1206 1125 silentia
1230 1078 1392 1126 sedeS.

231 1155 362 1219 Styx
387 1156 594 1203 nebulas
620 1156 821 1203 exhalat
844 1156 1003 1213 iners3
1037 1156 1324 1218 umbraeque
1349 1161 1574 1202 recentes

227 1316 388 1348 commode
409 1323 440 1348 et
463 1317 596 1357 graviter
617 1317 748 1354 Bacchi,
765 1317 803 1348 de
821 1318 885 1357 pel-

229 1367 284 1396 lice
300 1365 364 1396 nati
380 1372 411 1396 et
426 1369 494 1396 novi
510 1366 583 1402 Dei,
599 1366 769 1408 potentiam
780 1377 886 1398 secum

228 1420 398 1456 comparat.
447 1415 551 1445 Etiam
588 1426 656 1456 sqq.
683 1426 821 1456 personae
856 1422 887 1447 et

229 1464 357 1505 tempori
374 1464 613 1494 accommodata
627 1471 712 1495 sunt.
739 1465 888 1496 Moeonz'os.

227 1512 272 1543 iii.
289 1514 364 1544 583.
408 1513 537 1549 Viscera,
562 1523 680 1549 carnes,
709 1524 829 1556 corpus.
844 1514 888 1545 iii.

230 1562 289 1592 711
314 1573 387 1603 sqq.
433 1562 494 1592 Sed
516 1561 648 1592 formula
670 1563 784 1601 operire
807 1565 889 1594 navis

227 1612 285 1640 alis
304 1621 366 1641 non
381 1611 458 1641 satis
474 1610 640 1641 convenire
656 1610 778 1641 videtur
791 1610 887 1642 iratae.

230 1660 365 1690 Gravius
380 1670 428 1690 res
443 1659 645 1701 exprimenda
659 1659 777 1691 fuisset.
806 1660 847 1691 Ju
854 1673 888 1690 110

227 1718 299 1738 cum
323 1709 375 1746 vi;
403 1708 534 1739 involvit
562 1708 645 1739 enim
674 1719 722 1744 ea,
750 1719 819 1750 quae
844 1709 887 1739 iii.

226 1758 289 1788 265
305 1768 375 1799 sqq.
393 1757 505 1788 diserte
522 1757 631 1788 addita
646 1763 728 1789 sunt.
762 1758 886 1789 Acerbe

226 1809 284 1837 ‘nisi
298 1808 494 1848 inultosflere
508 1808 633 1837 dolores.

270 1856 344 1886 430.
361 1856 412 1886 Ire
426 1867 480 1895 per
495 1858 636 1895 exempla,
653 1855 735 1886 idem
751 1856 815 1897 pati
832 1862 885 1887 aut

227 1903 343 1940 facere,
369 1904 452 1945 quod
469 1903 533 1935 alii.
560 1905 601 1935 A.
617 1905 658 1935 A.
682 1904 729 1935 iii.
753 1906 813 1936 87:
840 1905 886 1935 Ite

225 1964 278 1992 per
303 1954 478 1992 eaemplum,
501 1964 596 1995 genus
619 1966 634 1984 0
654 1955 788 1990 mortale,
806 1954 886 1985 Dea-

226 2013 305 2038 rum,
322 2001 486 2032 imitamini
505 2002 602 2034 Deas.
634 2003 679 2033 ΙΙ.
694 2002 786 2033 Trist.
805 2004 864 2033 168
879 2016 885 2033 :

229 2052 290 2081 Per
305 2059 357 2082 tua
371 2063 480 2091 perque
496 2051 640 2092 suifactu
655 2054 790 2091 parentis
806 2060 886 2090 eant,

227 2101 413 2131 aemulentur
440 2101 534 2131 facta.
573 2101 616 2131 V.
637 2101 730 2131 Trist.
757 2100 802 2131 iii.
820 2102 883 2131 27:

229 2150 280 2180 Me
291 2161 413 2190 quoque,
430 2153 453 2180 si
462 2150 519 2191 jhs
534 2156 573 2180 est
590 2151 726 2189 eiemplis
746 2153 789 2180 ire
806 2150 884 2180 Deo-

227 2211 295 2230 rum
317 2199 417 2240 (idem
438 2199 533 2241 pati,)
553 2200 665 2230 Ferrea
686 2211 746 2231 sors
766 2203 886 2239 premit.

227 2250 418 2289 Quanquam
434 2249 597 2287 eiemplum.
615 2248 768 2279 interdum
785 2255 815 2279 et
830 2260 885 2291 pro

227 2297 381 2339 supplicio
396 2296 533 2338 ponitur.
556 2297 681 2328 Phaedr.
694 2298 757 2328 ΠΙ.
767 2297 808 2328 vi.
822 2299 863 2329 20
877 2311 884 2328 ι

227 2346 368 2386 Justoque
388 2347 552 2376 vindicavit
574 2347 700 2385 eaemplo
720 2349 884 2385 impetum,-

227 2406 339 2437 nempe
355 2394 430 2436 quia
449 2405 544 2436 poena
566 2401 690 2437 propter
709 2396 885 2437 exemplum

226 2451 273 2476 est
286 2445 472 2476 necessaria.
497 2445 580 2476 Gell.
600 2445 645 2475 N.
657 2445 699 2476 A.
714 2445 756 2475 vi.
773 2446 823 2475 14.

270 2495 345 2525 432.
377 2494 431 2524 Est
455 2496 502 2524 viu
529 2495 661 2530 declivis,
689 2495 768 2535 etc.]
792 2494 885 2532 Juno,

226 2550 261 2575 ut
286 2543 318 2574 ii.
343 2543 416 2574 509.
444 2542 552 2573 auxilii
578 2543 704 2584 petendi
732 2553 828 2574 causa
854 2543 886 2575 in

225 2602 363 2634 aequora,
378 2591 422 2622 sie
438 2602 521 2622 nunc
538 2591 576 2622 ad
587 2591 699 2623 inferos
710 2591 883 2623 descendit.

226 2641 362 2672 Sedebat
382 2640 464 2671 enim
484 2641 513 2671 ei
531 2647 605 2672 tunc
622 2652 744 2682 quoque
760 2649 883 2672 senten-

226 2692 269 2722 tia
283 2704 289 2721 :
306 2691 438 2732 Superos
452 2690 477 2721 si
493 2690 615 2722 flectere
629 2701 760 2732 nequeo,
778 2690 882 2721 Ache-

227 2746 315 2770 ronta
337 2740 480 2770 movebo.
515 2739 658 2770 Voluisse
681 2745 784 2770 autem
807 2739 883 2770 Ovi-

953 1318 1037 1349 dium
1054 1317 1220 1348 inferorum
1231 1326 1356 1358 quoque
1371 1315 1610 1357 descriptionem

953 1366 1038 1409 operi
1060 1377 1114 1398 suo
1136 1366 1281 1401 inserere,
1301 1376 1362 1396 non
1385 1364 1497 1395 mirum
1513 1363 1610 1394 videri

953 1416 1056 1446 debet.
1102 1415 1162 1445 Sed
1188 1425 1242 1456 pro
1268 1414 1397 1445 consilio
1425 1412 1533 1456 paucis
1555 1412 1610 1443 de·

953 1464 1079 1494 functus
1092 1469 1149 1498 est,
1166 1473 1265 1504 neque
1287 1462 1366 1493 adeo
1381 1462 1455 1493 satis
1470 1460 1612 1492 distinxit

954 1513 1045 1544 Erebi
1071 1519 1184 1554 partes,
1206 1512 1289 1553 quod
1319 1511 1392 1542 fecit
1416 1511 1507 1552 Virg.
1532 1512 1609 1541 AEn.

954 1563 1006 1600 vi;
1037 1562 1087 1593 Cf.
1113 1561 1196 1592 idem
1223 1562 1338 1601 Georg.
1362 1561 1404 1591 iv.
1427 1561 1489 1592 469
1517 1571 1608 1602 sqq.;

956 1611 1027 1642 Cul.
1050 1612 1137 1648 2183
1168 1610 1272 1641 Tibul.
1294 1610 1320 1640 I.
1345 1609 1390 1641 iii.
1414 1611 1475 1648 653
1504 1609 1609 1645 Silius,

955 1659 1020 1690 xiii.
1046 1660 1129 1697 526;
1162 1660 1273 1690 Senec.
1305 1659 1402 1689 Herc.
1428 1659 1502 1689 Fur.
1533 1659 1609 1690 689.

960 1709 1042 1739 Viam
1062 1708 1149 1739 illam
1170 1708 1329 1738 arboribus
1344 1707 1495 1738 consitam
1510 1706 1610 1743 finxit,

955 1758 1068 1800 partim
1084 1757 1229 1799 caliginis
1244 1757 1413 1788 efficiendae
1427 1767 1608 1799 causa,par-

954 1807 1009 1837 tim
1032 1813 1156 1849 propter
1181 1806 1245 1837 luci
1267 1806 1384 1836 Averni
1410 1806 1532 1842 faciem,
1557 1816 1610 1847 per

953 1866 1046 1898 quem
1068 1861 1099 1886 et
1118 1855 1219 1898 ipsum
1236 1855 1340 1886 aditus
1356 1855 1395 1885 ad
1411 1855 1536 1886 inferos.
1571 1855 1610 1886 In

953 1905 1035 1936 hunc
1060 1916 1149 1941 usum
1174 1904 1207 1934 in
1225 1904 1331 1946 primis
1355 1909 1430 1945 apta
1451 1911 1546 1940 taius,
1562 1914 1610 1935 ar-

952 1954 1007 1984 bor
1030 1954 1063 1984 in
1086 1953 1234 1990 Arcadia,
1259 1953 1366 1984 Gallia
1386 1958 1418 1983 et
1441 1953 1610 1984 Germania

952 2003 1025 2033 olim
1050 2003 1206 2044 frequens,
1231 2001 1343 2032 veneni
1369 2001 1610 2043 praesentissimi.

953 2052 1130 2083 Dioscorid.
1152 2053 1194 2083 iv.
1220 2052 1279 2089 753
1311 2052 1377 2082 Jul.
1404 2051 1484 2082 Caes.
1509 2051 1548 2081 B.
1563 2051 1606 2082 G.

953 2101 996 2131 vi.
1027 2102 1079 2131 31.
1134 2101 1216 2131 Hinc
1236 2101 1378 2142 funesta,
1403 2110 1472 2141 quae
1502 2100 1610 2130 funera

953 2149 1039 2187 facit,
1055 2149 1186 2181 letifera.
1211 2150 1410 2180 Burmannus
1424 2148 1533 2179 mallet
1547 2159 1610 2188 quae

952 2207 1063 2231 moesta.
1108 2199 1212 2241 Hujus
1235 2198 1350 2229 arboris
1372 2199 1483 2229 umbra
1500 2198 1548 2229 via
1569 2197 1609 2229 ad

952 2249 1067 2280 inferos
1101 2249 1289 2280 reddebatur
1326 2249 1442 2284 nubila,
1466 2248 1608 2284 obscura,

952 2298 1047 2329 tristis
1067 2297 1246 2339 metaphora
1264 2307 1283 2328 a
1303 2297 1384 2327 coelo
1403 2295 1538 2327 nubibus
1553 2297 1608 2327 ob-

952 2348 1047 2379 ducto
1058 2347 1167 2390 petita,
1182 2353 1216 2377 ut
1232 2347 1294 2377 xiv.
1309 2347 1383 2377 514.
1398 2352 1488 2376 antra
1503 2346 1609 2376 nubila

952 2398 1039 2428 silva.
1080 2397 1187 2426 Ducit.
1212 2396 1311 2426 Deest
1333 2407 1407 2436 (ματ,
1431 2400 1465 2425 ut
1488 2394 1511 2426 i.
1537 2395 1606 2426 169.

953 2446 1024 2476 Non
1049 2445 1143 2486 igitur
1170 2450 1246 2481 erat,
1273 2454 1328 2474 cur
1353 2444 1461 2474 Burm.
1485 2453 1607 2474 versum

953 2505 1054 2536 super.
1083 2499 1228 2525 tentaret.
1277 2494 1378 2529 Muta,
1402 2492 1477 2524 alta.
1520 2492 1607 2523 Alibi

953 2546 1109 2575 taciturna
1123 2544 1260 2573 silentia:
1284 2542 1355 2573 vide
1371 2541 1410 2572 ad
1426 2541 1458 2571 ii.
1473 2541 1525 2572 66.

994 2594 1066 2624 434.
1091 2592 1163 2633 Sty-t
1195 2602 1255 2623 non
1284 2590 1428 2633 objicitur
1458 2590 1546 2621 nobis
1574 2589 1606 2620 in

950 2642 1017 2684 ipso
1042 2641 1149 2679 aditu3
1173 2647 1219 2672 est
1244 2641 1325 2672 enim
1345 2640 1472 2670 intimus
1497 2639 1605 2670 fluvio-

951 2701 1018 2721 rum
1033 2690 1254 2728 infernalium3
1277 2689 1331 2720 sed
1353 2690 1462 2719 nebulae
1484 2694 1605 2719 tantum

951 2740 1017 2781 ejus
1039 2745 1328 2774 commemorantur,
1350 2738 1412 2769 late
1434 2738 1497 2769 illae
1519 2748 1605 2779 spar-
