1763 3181
237 206 323 248 226

629 205 679 246 P.
713 204 925 247 OVIDII
958 203 1237 246 NASONIS

245 328 275 346 “
298 321 421 368 Lina
434 320 652 375 madent,
671 320 896 376 comites,
909 319 1192 383 ferrumque
1204 335 1375 367 cruore
1389 318 1618 374 ferarum,

244 397 612 459 Fortunamque
637 396 743 444 dies
769 396 943 443 habuit
966 396 1085 443 satis
1106 413 1115 443 :
1156 396 1309 443 altera
1330 396 1492 444 lucem

244 474 409 528 Quum
434 473 622 522 croceis
647 480 818 521 evecta
842 474 962 521 rotis
987 473 1178 521 Aurora
1201 473 1420 529 reducet,

1529 476 1621 520 150

242 551 558 615 Propositum
583 559 864 615 repetamus
889 567 1015 615 opus
1037 568 1046 598 :
1086 567 1217 598 nunc
1243 550 1464 597 Phoebus
1490 557 1622 597 utra-

244 628 414 675 Distat
437 628 568 675 idem
593 635 738 685 terra,
765 627 1009 690 finditque
1033 628 1298 692 vaporibus
1323 643 1451 674 arva.
1503 627 1622 689 [que

246 705 418 752 Sistite
443 721 567 768 opus
592 721 826 768 praesens,
855 705 1143 768 nodosaque
1167 705 1325 752 tollite
1350 703 1500 751 lina.”

243 781 272 828 J
278 798 394 829 ussa
413 782 501 828 viri
525 781 726 838 faciunt,
754 782 1187 846 intermittuntque
1212 783 1447 830 laborem.

308 858 464 905 Vallis
491 865 610 914 erat,
629 859 799 922 piceis,
818 868 868 907 et
886 867 1034 907 acuta
1052 861 1207 907 densa
1221 875 1484 923 cupressu;
1530 860 1620 905 155

243 936 458 983 Nomine
485 936 785 999 Gargaphie,
813 937 1079 984 succinctae
1104 953 1222 985 cura
1248 936 1424 983 Dianae
1445 954 1456 993 3

244 1013 402 1077 Cujus
427 1014 478 1061 in
502 1021 726 1062 extremo
750 1021 828 1062 est
852 1023 1046 1062 antrum
1071 1014 1320 1062 nemorale
1345 1029 1561 1070 recessu,

241 1177 386 1215 tabatur3
410 1176 525 1208 etenim
549 1187 567 1207 a
587 1176 720 1208 Chirone
745 1176 899 1207 educatus

243 1226 384 1268 κυνηγὸς
420 1224 583 1266 ἐδιδάχθη.
627 1227 766 1266 Sequens
801 1225 898 1256 oratio

243 1285 350 1316 parum
367 1274 406 1305 ad
423 1285 488 1304 rem
505 1274 659 1315 pertinere
674 1274 771 1305 videri
792 1274 898 1316 possit.

241 1323 303 1354 Sed
327 1334 364 1355 ea
376 1323 475 1354 voluit
496 1329 588 1365 poeta
603 1324 750 1365 juvenem
768 1323 898 1355 suasor-

242 1378 320 1403 tuna
343 1372 461 1408 laetum,
479 1383 535 1403 nec
552 1372 723 1413 quidquam
744 1373 819 1403 mali
834 1383 899 1403 me-

243 1428 381 1453 tuentem
406 1422 601 1453 describere:
626 1421 709 1463 quod
730 1421 831 1464 ipsum
851 1421 898 1452 in-

243 1477 289 1502 est
303 1471 334 1501 in
350 1481 418 1502 voc.
430 1472 558 1510 placido.

290 1520 362 1551 149.
373 1519 681 1560 1⁴'0rtunam--scttis.]
694 1518 815 1560 Regius
825 1520 896 1551 sub-

242 1569 344 1600 intell.
367 1569 508 1610 putabat,
528 1571 597 1599 satis
619 1580 798 1608 prosperam,
815 1569 897 1610 quod

243 1629 304 1649 non
326 1626 373 1649 est
393 1629 538 1656 necesse3
562 1629 632 1648 nam
653 1629 831 1660 quanquam
851 1619 899 1660 τῷ

241 1670 312 1698 satis
349 1678 387 1698 ex
415 1667 595 1708 vulgaribus
624 1667 740 1708 linguae
775 1667 898 1708 legibus

242 1716 385 1748 Genitiv.
400 1716 534 1752 additur,
551 1722 656 1747 tamen
676 1727 733 1747 nec
753 1717 898 1758 exempla

242 1776 314 1796 cum
329 1765 481 1796 Accusat.
497 1776 566 1796 rara
578 1772 668 1796 sunt:
693 1766 759 1807 ipse
776 1765 896 1802 Cicero,

239 1814 339 1846 Attic.
359 1814 414 1845 xii.
437 1815 491 1845 50.
520 1816 591 1845 satis
615 1816 772 1845 consilium
795 1815 896 1854 dixit;

242 1865 355 1895 Senec.
382 1865 476 1895 Herc.
503 1865 576 1895 Oet.
599 1875 662 1895 ver.
689 1865 781 1895 1830.
806 1872 897 1895 erunt

241 1915 313 1944 satis
324 1915 475 1953 praesidia.
508 1913 585 1943 Vid.
603 1913 688 1944 Cort.
703 1913 742 1944 ad
757 1913 897 1944 Sallustii

242 1963 313 1994 Cat.
337 1962 415 1993 lviii.
439 1963 481 2000 9;
505 1967 536 1992 et
558 1961 670 1993 Bosius
700 1962 741 1993 ad
766 1962 898 2004 Nepotis

240 2013 352 2054 Epam.
374 2015 404 2042 4.
441 2011 588 2042 Similiter
613 2013 744 2047 abunde,
763 2012 895 2054 affatim,

240 2061 326 2098 ἅλις.

285 2111 357 2141 150.
370 2111 470 2145 Quum
484 2112 592 2140 croceis
606 2117 716 2146 evecta,
733 2111 810 2151 etc.]
827 2111 898 2142 Uno

239 2160 344 2195 verbo,
374 2159 508 2190 crastino
537 2159 599 2190 die.
648 2160 755 2190 Solent
791 2166 896 2191 autem

239 2214 350 2250 poetae,
377 2214 413 2239 ut
437 2208 620 2239 narrationis
643 2208 827 2239 tenuitatem
848 2210 896 2240 fu-

240 2257 337 2298 giant,
353 2257 530 2299 hujusmodi
550 2268 655 2288 versus
677 2263 810 2294 ornatos,
826 2263 895 2289 tan-

240 2317 334 2347 quam
363 2305 511 2336 sormulas
552 2305 706 2343 solennes,
737 2306 893 2338 inserere:

240 2356 309 2387 vide
332 2355 434 2396 Heyn.
451 2355 491 2386 ad
507 2355 618 2396 Virgil.
634 2355 761 2387 AEneid.
779 2357 839 2388 IV.
855 2357 895 2388 vi.

238 2405 292 2436 ubi
322 2404 389 2435 haec
423 2410 586 2446 poetarum
619 2405 811 2436 consuetudo
841 2405 893 2437 de-

239 2453 374 2485 fenditur
390 2458 498 2484 contra
518 2453 677 2484 Homium.
713 2454 834 2486 Aurora
849 2455 895 2486 bi-

238 2504 286 2545 gis
299 2510 382 2535 vecta
397 2508 470 2534 ante
485 2504 602 2539 Solem,
613 2503 687 2535 coeli
698 2505 895 2546 complexum

239 2552 402 2583 decurrere
425 2552 620 2583 credebatur.
657 2553 817 2594 Expressit
840 2564 895 2585 au-

238 2605 300 2631 tem
316 2601 431 2632 Noster
447 2600 535 2642 Virg.
546 2602 622 2631 AEn.
633 2600 687 2632 xii.
703 2602 744 2631 76
760 2614 766 2632 :
795 2601 896 2636 Quum

235 2652 366 2689 primum
381 2653 516 2681 crastina
536 2651 604 2681 coelo
622 2651 764 2682 szz'ceis
779 2654 896 2683 invecta

237 2702 310 2730 rotis
332 2701 453 2730 Aurora
481 2701 607 2731 rubebit.
644 2699 738 2736 Idem,
765 2701 893 2742 pariter,

237 2759 274 2779 ex
291 2759 402 2790 aequ03
426 2749 612 2780 subauditur
625 2751 774 2788 spatium.-
799 2756 833 2780 ut
848 2749 894 2781 in-

967 1176 1145 1218 telligamus
1181 1176 1220 1207 ab
1257 1180 1388 1216 utraque
1417 1178 1498 1204 terra
1525 1173 1622 1203 eodem

966 1228 1059 1266 spatio
1073 1226 1198 1261 distare,
1215 1231 1308 1266 atque
1328 1225 1436 1254 abesse
1451 1223 1490 1253 ab
1506 1221 1622 1252 oriente

969 1282 1000 1307 et
1014 1275 1176 1307 occidente
1190 1287 1198 1313 ;
1220 1285 1275 1316 per
1290 1273 1373 1316 quod
1388 1272 1542 1314 significat
1557 1281 1620 1302 me-

966 1324 1075 1356 ridiem
1089 1335 1166 1355 esse.
1204 1324 1339 1363 Vapores‚
1351 1328 1445 1353 aestus
1460 1327 1494 1352 ut
1506 1320 1539 1351 ii.
1549 1321 1623 1351 811.

967 1379 998 1404 et
1020 1384 1115 1416 saepe,
1139 1378 1299 1415 praeeunte
1320 1372 1482 1409 Lucreti03
1506 1370 1621 1400 Home·
1674 1405 1676 1407 μ

967 1434 1030 1459 rus,
1059 1423 1179 1465 α’ϋτμὴ.
1231 1423 1405 1463 Finditque,
1433 1427 1495 1452 etc.
1533 1419 1623 1460 Virg.

966 1473 1083 1513 Georg.
1100 1472 1132 1503 ii.
1147 1473 1209 1503 353
1225 1484 1231 1501 :
1259 1472 1311 1501 ubi
1335 1472 1437 1501 hiulca
1456 1470 1621 1510 sitifindit

965 1523 1048 1552 canis
1069 1522 1180 1562 aestifer
1194 1532 1278 1551 arva.
1318 1520 1447 1555 Nodosa,
1464 1529 1543 1550 nexa
1558 1530 1564 1548 :
1589 1517 1622 1548 ii.

965 1572 1040 1601 499.
1057 1572 1165 1601 nexiles
1177 1572 1273 1612 plugae
1287 1583 1295 1600 :
1310 1569 1374 1600 vid.
1390 1569 1429 1600 ad
1445 1568 1478 1599 ii.
1493 1569 1567 1599 560.

1011 1621 1080 1652 156.
1106 1621 1188 1651 Cura
1212 1620 1274 1651 Dei
1298 1625 1425 1650 vocatur
1443 1623 1497 1649 aut
1518 1618 1619 1654 locus,

965 1680 1027 1711 quo
1042 1670 1130 1700 Deus
1145 1669 1329 1704 delectatur,
1343 1674 1397 1699 aut
1411 1668 1514 1703 homo,
1527 1677 1622 1708 quem

964 1723 1078 1749 tuetur.
1102 1718 1190 1760 Virg.
1203 1717 1360 1749 AEneid.i.
1377 1717 1449 1747 476.
1465 1715 1622 1746 Anchises

964 1779 1038 1798 cura
1065 1768 1174 1799 Derim.
1209 1766 1294 1797 Infra
1318 1778 1348 1797 x.
1370 1767 1451 1797 529:
1476 1767 1620 1805 nonjam

967 1816 1127 1857 Cythereia
1151 1822 1240 1846 curat
1266 1816 1384 1846 Litora.
1432 1815 1513 1856 Ergo
1542 1813 1621 1844 nihil

963 1865 1014 1896 hic
1037 1865 1234 1896 mutandum.
1274 1865 1379 1896 Causa
1404 1871 1508 1895 autem
1528 1863 1621 1906 hujus

963 1926 1043 1946 curae
1065 1914 1192 1958 duplex,
1209 1915 1283 1956 quia
1303 1915 1390 1945 locus
1409 1920 1440 1944 et
1457 1913 1621 1944 abscondi-

963 1970 1014 1995 tus
1025 1970 1055 1995 et
1066 1965 1234 2006 jucundus,
1245 1964 1329 2006 quod
1341 1970 1506 2005 utrumque
1519 1963 1619 1994 Deam

965 2013 1004 2044 ad
1029 2013 1198 2044 lavandum
1222 2014 1384 2049 invitabat,
1409 2019 1440 2044 et
1463 2023 1482 2043 a
1505 2013 1620 2043 Nostro

964 2069 1098 2093 notatur.
1120 2064 1161 2093 Et
1170 2063 1329 2094 habebant
1338 2062 1415 2093 Deae
1427 2072 1498 2092 suos
1509 2061 1624 2092 sontes,

965 2112 1141 2148 Simena-ter,
1160 2112 1321 2143 venatrici.
1356 2112 1518 2142 Venantes
1538 2111 1621 2141 enim

964 2161 1104 2203 succingi
1134 2162 1295 2192 solebant:
1321 2160 1392 2192 vide
1422 2160 1461 2191 ad
1488 2160 1520 2190 ii.
1545 2161 1619 2191 412.

965 2210 1148 2251 Gargaphie,
1165 2210 1255 2241 vallis
1274 2220 1368 2252 prope
1391 2210 1526 2241 Plataeas
1547 2219 1619 2240 cum

963 2259 1046 2290 fonte
1068 2259 1253 2301 cognomini.
1290 2259 1479 2295 Herodotus,
1499 2258 1557 2289 lib.
1577 2258 1620 2289 ix.

962 2309 1004 2340 25
1031 2314 1062 2339 et
1091 2310 1155 2347 48;
1189 2309 1324 2340 Pausan.
1354 2309 1458 2339 Boeot.
1487 2319 1519 2349 p.
1546 2308 1619 2339 718.

962 2357 1118 2399 Hyginus,
1132 2357 1196 2389 fab.
1217 2359 1287 2389 181.
1310 2363 1400 2388 vocat
1422 2358 1528 2388 vallem
1548 2368 1617 2396 opa-

961 2409 1103 2438 cissimam
1116 2419 1127 2445 ,·
1152 2407 1224 2438 hinc
1240 2408 1365 2443 Noster,
1378 2409 1469 2448 piceis
1486 2408 1575 2438 densa
1590 2413 1619 2438 et

962 2467 1114 2496 cupressu,
1132 2455 1236 2487 densis
1252 2455 1350 2498 piceis
1373 2462 1404 2487 et
1422 2456 1619 2497 cupressibus

962 2505 1075 2537 obsita.
1108 2507 1207 2536 Acuta
1237 2516 1387 2546 cupressu,
1411 2516 1428 2536 a
1454 2505 1560 2542 forma,
1583 2511 1618 2536 ut

963 2555 983 2585 i.
999 2555 1073 2586 699.

1009 2605 1081 2635 157.
1099 2603 1251 2644 Recessu.]
1277 2603 1392 2635 Confer
1408 2602 1451 2633 xi.
1469 2604 1532 2634 235
1547 2614 1617 2645 sqq.

964 2653 1114 2690 Recessus,
1133 2653 1203 2684 loca
1225 2658 1344 2683 remota
1352 2664 1360 2691 3
1385 2654 1543 2689 nemorale,
1563 2664 1616 2684 ne-

962 2703 1098 2733 moribus
1124 2701 1273 2733 cinctum.
1310 2701 1522 2738 &walamer-at,
1548 2701 1618 2732 imi-

962 2755 1027 2781 tata
1042 2751 1155 2782 fuerat.
1185 2751 1260 2782 Erat
1274 2761 1377 2781 merus
1392 2750 1478 2782 lusus
1489 2756 1619 2782 naturae.
