1729 3207
369 207 990 251 METAMORPHOSEON
1023 206 1142 248 LIB.
1175 206 1213 247 I.
1426 208 1480 248 71

102 326 287 374 Deerat
311 325 489 381 adhuc,
513 330 563 372 et
588 323 723 387 quod
754 322 995 370 dominari
1020 322 1070 368 in
1095 328 1262 370 cetera
1285 329 1474 385 posset.

101 403 261 450 Natus
287 403 433 449 homo
458 408 561 459 est3
602 401 705 449 sive
728 401 860 447 hunc
885 399 1049 447 divino
1070 399 1258 447 semine
1282 398 1401 446 fecit

99 479 190 527 Ille
214 478 381 543 opifex
405 495 584 535 rerum,
611 477 783 524 mundi
808 476 1024 524 melioris
1045 476 1209 538 origo:

98 557 212 604 Sive
236 572 408 604 recens
433 556 598 612 tellus,
625 555 935 618 seductaque
959 569 1117 618 nuper
1141 554 1204 601 ab
1229 553 1329 600 alto

1416 558 1478 600 80

97 633 315 690 AEthere‚
341 632 542 696 cognati
566 631 812 680 retinebat
835 631 1024 683 semina
1048 630 1176 678 coeli.

98 710 260 765 Quam
281 717 418 759 satus
444 709 634 774 Iapeto,
661 710 871 758 mixtam
895 707 1176 756 fluvialibus
1202 707 1364 762 undis,

98 788 266 836 Finxit
288 789 338 835 in
363 788 575 851 effigiem
599 788 946 836 moderantum
971 792 1153 834 cuncta
1178 784 1428 841 Deorum3

98 865 363 930 Pronaque
389 881 545 929 quum
569 871 799 930 spectent
823 864 1057 912 animalia
1081 869 1247 911 cetera
1279 869 1477 917 terram,

138 1085 190 1115 78.
206 1085 307 1115 Natus
319 1086 400 1115 homo
414 1085 482 1126 est.]
499 1085 602 1117 Valde
618 1085 750 1116 fluctua-

94 1141 166 1166 runt
186 1134 361 1177 philosophi
383 1140 503 1167 veteres
520 1136 553 1166 in
575 1134 752 1166 definienda

93 1189 126 1216 et
140 1183 258 1225 origine
271 1189 304 1215 et
322 1191 434 1215 natura
453 1184 564 1216 animae
578 1197 584 1214 :
610 1184 682 1216 vide
698 1184 752 1216 Ci-

94 1242 198 1267 ceron.
211 1234 304 1264 Tusc.
318 1233 340 1264 i.
354 1235 386 1270 9,
404 1235 452 1265 10.
484 1235 599 1265 Noster
613 1232 753 1275 sequitur

92 1294 154 1319 eos,
170 1281 223 1324 qui
237 1282 367 1314 coeleste
380 1283 553 1324 quidquam
566 1288 598 1313 et
612 1281 752 1313 divinum

94 1332 126 1363 in
137 1331 248 1363 animis
261 1332 361 1364 inesse
372 1332 541 1374 putabant:
559 1331 629 1363 Cic.
642 1330 711 1362 Fin.
720 1331 753 1362 ii.

93 1383 145 1414 34.
191 1381 284 1413 Unde
299 1392 370 1413 vero
389 1381 531 1412 divinum
553 1381 632 1412 illud
650 1386 752 1412 traxe-

93 1432 165 1468 rint,
176 1430 307 1463 dubium
317 1430 477 1473 relinquit.
506 1431 620 1462 Divino
634 1433 753 1467 semine,

94 1481 182 1513 deest
195 1492 241 1512 ex.

137 1532 197 1562 79..
214 1531 338 1572 Origo]
364 1530 468 1561 Palat.
489 1535 521 1561 et
542 1529 609 1566 alii,
625 1531 755 1560 melioris

95 1582 202 1622 imago,
218 1590 281 1621 quo
300 1579 386 1610 Dan.
401 1578 509 1610 Heius.
525 1578 637 1621 respici
662 1584 754 1620 putat

96 1628 136 1661 ad
160 1628 276 1665 ideam,
300 1639 371 1669 quae
393 1628 425 1659 in
448 1628 518 1659 Deo
541 1627 644 1664 fuerit,
659 1633 692 1658 et
713 1627 754 1659 ad

96 1688 190 1720 quam
212 1677 347 1709 mundus
370 1676 424 1708 ille
447 1676 557 1708 melior
583 1677 754 1719 dispositus

95 1729 144 1760 sit.
178 1727 241 1759 Sed
255 1727 340 1759 unde
354 1727 427 1758 talis
439 1726 636 1769 philosophia
649 1726 682 1756 in
695 1726 753 1757 hoc

94 1778 251 1809 carmine'!
274 1777 363 1819 Saepe
379 1778 462 1819 origo
476 1781 508 1807 et
520 1778 617 1818 imago
631 1786 754 1817 permu-

95 1832 162 1858 tata
175 1832 259 1864 sunt,
273 1832 308 1858 ut
322 1826 344 1858 i.
359 1827 445 1857 Fast.
461 1827 515 1857 65.
563 1826 665 1867 Origo,
678 1835 753 1856 auc-

97 1882 152 1913 tor,
165 1882 304 1914 creator3
320 1875 387 1906 vid.
402 1875 458 1906 lib.
474 1887 506 1906 v.
522 1886 588 1906 ver.
605 1875 680 1905 262.
693 1875 754 1905 Ta-

95 1925 150 1956 cit.
161 1926 246 1956 Mor.
260 1925 301 1957 G.
311 1924 332 1955 ii
345 1936 352 1954 :
371 1925 530 1955 Celebrant
543 1924 716 1955 Tuisconem
727 1930 755 1954 et

99 1975 249 2006 Mannum
259 1976 405 2016 originem
412 1975 512 2016 gentis
524 1975 756 2013 conditoresque.

98 2025 243 2061 Melioris,
255 2023 396 2066 dispositi
408 2028 440 2054 et
450 2022 601 2054 exornati.
645 2022 756 2053 Refer-

95 2079 144 2105 tur
158 2074 199 2105 ad
208 2075 314 2104 rudem
325 2074 556 2114 indigestamque
570 2073 685 2102 molem.

139 2124 191 2154 81.
203 2122 360 2164 Cognati]
375 2122 448 2152 Non
457 2126 558 2157 terrae,
569 2120 624 2151 sed
634 2119 756 2151 animae.

98 2172 185 2204 Male
207 2171 301 2213 igitur
316 2169 448 2202 Lenzius
473 2169 578 2201 addit:
603 2175 757 2211 quatenus

98 2222 213 2253 coelum
226 2226 258 2252 et
268 2226 350 2251 terra
357 2219 432 2251 olim
442 2219 612 2261 conjuncta
620 2218 755 2250 fuerunt.

98 2270 322 2312 cognationem
334 2274 366 2300 et
380 2267 573 2299 domicilium
591 2266 756 2309 pristinum

97 2320 206 2351 animae
218 2324 329 2350 nostrae
344 2318 461 2350 coe-lum
472 2323 564 2348 vocat
575 2317 670 2348 etiam
686 2317 756 2348 Cic.

100 2370 194 2412 Legg.
208 2369 232 2400 i.
248 2370 279 2400 9.
323 2368 386 2399 Sed
399 2366 537 2398 omnium
550 2366 666 2409 optime
677 2367 757 2409 Hip-

100 2419 232 2462 parchus
259 2417 494 2461 approbaverat,
521 2415 657 2447 animam
685 2427 755 2447 nos-

100 2475 178 2500 tram
192 2477 259 2499 esse
278 2472 398 2509 partem
412 2465 498 2497 coeli.
511 2465 593 2496 Plin.
608 2466 651 2496 H.
667 2465 710 2496 N.
721 2464 756 2496 ii.

100 2519 141 2549 26
153 2529 162 2556 ;
199 2517 322 2548 Lucret.
344 2514 378 2546 ii.
400 2516 464 2547 990
476 2527 482 2545 ε
516 2515 634 2546 Caelesti
658 2525 758 2545 sumus

100 2577 194 2596 omnes
207 2568 315 2598 semine
327 2566 462 2595 oriundi.

143 2617 195 2646 82.
220 2616 318 2650 Quam
348 2621 430 2645 satus
464 2613 593 2654 Iapeto]
630 2613 757 2643 Prome-

101 2665 202 2701 theus,
217 2664 317 2706 Iapeti
337 2664 429 2699 filius,
446 2663 618 2693 habebatur
636 2661 757 2703 generis

103 2714 229 2746 humani
243 2720 351 2745 auctor
365 2713 449 2744 haud
470 2712 563 2744 dubie
582 2718 756 2755 propterea,

103 2764 185 2805 quod
197 2774 297 2795 mores
309 2763 468 2794 hominum
480 2762 646 2804 agrestium
659 2760 760 2791 molli-

819 1089 916 1115 verat.
961 1083 1026 1114 Alii
1047 1082 1139 1113 aliter
1162 1091 1254 1123 super
1279 1091 1316 1111 eo
1347 1078 1479 1122 philoso-

818 1133 965 1175 phantur,
990 1132 1030 1162 de
1057 1131 1170 1173 quibus
1195 1128 1369 1172 exponendi
1397 1139 1479 1159 nunc

819 1193 880 1213 non
916 1186 963 1213 est
998 1182 1095 1212 locus.
1141 1180 1322 1221 Importune
1360 1183 1478 1213 autem,

820 1242 888 1263 meo
911 1231 1039 1273 quidem
1064 1240 1168 1266 sensu,
1184 1230 1283 1269 opifici
1308 1239 1409 1258 rrerum
1434 1237 1482 1257 re-

819 1286 914 1322 pente
949 1279 1158 1311 Prometheus
1201 1277 1304 1308 socius
1349 1275 1485 1307 additur.

822 1331 951 1361 Miseram
978 1331 1080 1365 undis,
1105 1339 1177 1370 ergo
1204 1338 1243 1359 ex
1272 1326 1338 1357 luto
1366 1324 1485 1357 creavit

820 1379 998 1418 hominem3
1020 1379 1096 1409 Hor.
1109 1377 1132 1408 i.
1147 1376 1209 1409 Od.
1220 1376 1283 1407 xvi.
1301 1376 1362 1413 133
1384 1375 1482 1406 Juve-

821 1430 885 1461 nal.
910 1428 974 1460 xiv.
1005 1429 1058 1459 35.
1115 1428 1200 1458 Hinc
1236 1426 1327 1456 homo
1356 1429 1485 1455 vocatur

821 1479 929 1518 πηλὸς
944 1477 961 1509 ὁ
977 1477 1173 1519 Προμηθῆος
1195 1487 1214 1507 a
1229 1474 1355 1507 Callim.
1369 1474 1483 1514 fragm.

821 1528 927 1559 Bentl.
942 1528 997 1558 87.
1043 1526 1141 1568 Apud
1163 1524 1295 1557 Hesiod.
1311 1523 1410 1566 Ἐργ.
1428 1523 1483 1553 60.

821 1576 875 1607 ubi
890 1576 968 1607 mira
982 1574 1116 1608 hominis
1131 1573 1314 1616 compositio
1330 1577 1484 1608 narratur,

821 1626 985 1657 Vulcanus
1005 1625 1132 1666 jubetur
1156 1624 1260 1665 γαῖαν
1278 1621 1344 1653 ὕδει
1364 1620 1483 1663 φέρειν.

820 1675 923 1706 Aliter
945 1686 1050 1706 rursus
1069 1674 1120 1705 hic
1139 1673 1265 1715 mythus
1281 1673 1319 1703 ab
1335 1672 1449 1702 Horat.
1463 1670 1484 1701 i.

821 1725 883 1756 Od.
899 1724 961 1755 xvi.
978 1725 1027 1755 13.
1038 1728 1201 1761 narratur;
1226 1721 1316 1753 aliter
1330 1720 1425 1752 etiam
1441 1721 1481 1751 ab

821 1774 939 1816 Hygin.
950 1774 1028 1805 Fab.
1047 1774 1119 1803 142.

863 1825 918 1855 83.
944 1822 981 1853 In
999 1821 1154 1864 effigiem]
1185 1819 1352 1858 Phocylid.
1368 1830 1398 1849 v.
1411 1819 1484 1855 101,

821 1874 926 1904 anima
947 1877 1076 1902 vocatur
1098 1871 1170 1902 θεοῦ
1195 1870 1300 1901 εἰκών.
1346 1869 1486 1909 Eurysus

823 1923 959 1964 Pythag.
977 1921 1010 1951 in
1035 1921 1114 1951 libro
1138 1920 1177 1952 de
1202 1921 1352 1955 Fortuna,
1379 1922 1486 1948 censet

820 1973 927 2003 Deum
960 1981 1081 2002 creasse
1114 1969 1271 2000 hominem
1306 1966 1485 2010 ἀρχετύπῳ

820 2022 990 2063 χρώμενον
1003 2019 1121 2061 ἑαυτῷ.
1155 2019 1247 2050 Plato
1263 2019 1346 2060 Rep.
1358 2017 1399 2048 vi.
1412 2027 1487 2058 pag.

822 2072 896 2101 431.
911 2070 944 2101 in
959 2069 1083 2100 homine
1103 2068 1147 2099 ait
1169 2078 1236 2099 esse
1251 2066 1373 2108 aliquid
1388 2066 1483 2097 θεοει-

823 2120 874 2159 δὲς
895 2122 947 2152 καὶ
967 2119 1155 2152 Θεοείκελον.
1202 2117 1309 2149 Fluxit
1323 2121 1355 2148 et
1371 2116 1431 2146 hoc
1448 2116 1486 2146 ab

824 2169 1006 2212 AEgyptiis;
1028 2169 1174 2199 Lactant.
1196 2168 1277 2198 Inst.
1299 2165 1353 2197 vii.
1373 2166 1417 2196 iv.
1444 2165 1483 2195 3:

824 2221 865 2250 At
887 2220 1011 2250 Hermes
1033 2230 1092 2248 non
1111 2218 1275 2258 ignoravit,
1291 2216 1437 2245 hominem
1459 2220 1486 2243 et

824 2282 841 2300 a
858 2270 933 2305 Deo,
951 2274 980 2299 et
995 2270 1034 2298 ad
1052 2268 1110 2298 Dez'
1124 2264 1485 2305 similitudinemfictmn.

825 2319 938 2349 Noster
958 2316 1084 2358 effigiem
1109 2316 1242 2346 Deorum
1262 2313 1349 2356 ponit
1363 2312 1396 2345 in
1420 2322 1486 2342 cor-

824 2377 897 2409 pore
912 2366 1060 2397 humano.

868 2417 920 2447 84.
937 2415 1065 2455 Prona]
1080 2413 1132 2444 Ad
1146 2418 1258 2445 terram
1268 2412 1428 2454 depressa,
1440 2411 1488 2442 in-

825 2470 965 2496 curvata.
1011 2464 1062 2494 De
1097 2463 1195 2494 forma
1222 2460 1356 2492 hominis
1384 2466 1489 2491 erecta

826 2514 916 2545 multi
930 2514 1092 2545 Veterum.
1109 2512 1159 2543 Cf.
1175 2511 1244 2543 Cic.
1255 2511 1301 2541 N.
1318 2511 1360 2540 D.
1376 2509 1409 2540 ii.
1424 2510 1484 2546 563

825 2565 923 2605 Legg.
946 2563 966 2593 i.
987 2564 1028 2602 93
1052 2563 1197 2593 Lactant.
1219 2561 1297 2591 Inst.
1316 2559 1392 2590 Div.
1412 2557 1448 2589 ii.
1466 2570 1488 2588 1.

826 2614 864 2643 In
876 2623 913 2643 ea
926 2623 993 2644 esse
1003 2611 1166 2653 dignitatis
1176 2616 1208 2641 et
1218 2607 1406 2652 praestantiae
1418 2618 1487 2638 nos-

825 2667 879 2692 trae
903 2671 1040 2697 causam,
1061 2661 1141 2692 bene
1166 2658 1273 2690 docuit
1296 2656 1428 2687 Herder.
1454 2655 1487 2686 in

827 2710 905 2741 libro
931 2710 1022 2740 Ideen
1044 2721 1098 2740 zur
1122 2708 1306 2742 Geschichte,
1323 2712 1385 2736 etc.
1404 2705 1440 2735 P.
1460 2704 1487 2736 Ι.

828 2771 859 2801 p.
878 2761 936 2791 172
952 2770 1025 2800 sqq.
