1763 3181
392 152 1016 198 METAMORPHOSEON
1049 152 1168 194 LIB.
1190 151 1274 193 VI.
1445 150 1532 194 393

146 271 395 334 Exiguam
420 271 592 319 sedem
617 270 847 334 pariturae
871 275 1002 316 terra
1025 268 1240 330 negavit.
1401 267 1528 328 [estz

146 349 194 396 N
199 365 255 396 ec
280 350 421 406 coelo,
439 365 530 397 nec
555 349 721 404 humo,
739 363 830 394 nec
852 346 994 409 aquis
1018 346 1127 393 Dea
1144 352 1308 392 vestra
1331 349 1534 407 recepta

144 425 278 474 Exul
302 433 408 474 erat
431 426 630 484 mundi3
671 426 829 473 donec
854 424 1089 471 miserata
1111 429 1391 485 vagantem,

146 503 360 568 Hospita
382 511 436 551 tu
460 504 601 551 terris
628 519 777 558 erras,
805 519 914 565 ego,
941 500 1084 557 dixit,
1112 500 1162 546 in
1186 500 1360 556 undis3

147 581 541 645 Instabilemque
562 582 726 628 locum
749 580 904 627 Delos
930 578 1096 626 dedit:
1136 577 1221 624 illa
1245 577 1438 623 duobus

147 658 301 706 Facta
322 674 531 722 parens:
571 657 698 705 uteri
724 673 839 721 pars
865 663 942 703 est
966 656 1072 702 haec
1099 655 1313 718 septima
1336 652 1510 700 nostri.

148 735 270 782 Sum
290 735 432 784 felix:
461 735 572 798 quis
589 735 720 782 enim
741 740 890 796 neget
905 733 1027 779 hoc?
1052 731 1273 794 felixque
1293 730 1529 786 manebo3

148 811 259 860 Hoc
286 830 488 877 quoque
515 813 626 877 quis
653 812 880 860 dubitet?
918 817 1079 858 tutam
1104 825 1183 856 me
1208 807 1353 872 copia
1376 806 1510 854 fecit.

147 889 310 954 Major
335 907 461 947 sum,
489 907 640 954 quam
666 890 745 938 cui
770 888 930 953 possit
954 888 1150 935 fortuna
1173 901 1380 942 nocere3
1443 886 1534 931 195

146 965 410 1030 Multaque
435 975 490 1015 ut
515 967 708 1032 eripiat,
736 967 891 1013 multo
917 965 1036 1012 mihi
1062 965 1204 1028 plura
1228 962 1490 1025 relinquet.

1440 501 1533 545 190

148 1043 427 1092 Excessere
452 1051 641 1092 metum
666 1060 778 1091 mea
796 1045 902 1107 jam
926 1043 1083 1089 bona:
1124 1041 1298 1104 fingite
1324 1039 1456 1087 demi

148 1119 279 1168 Huic
306 1121 494 1185 aliquid
520 1122 704 1186 populo
726 1128 953 1168 natorum
978 1135 1127 1183 posse
1152 1134 1397 1175 meorum3

147 1197 262 1245 Non
286 1206 453 1246 tamen
478 1200 541 1247 ad
565 1216 824 1247 numerum
849 1198 1045 1260 redigar
1071 1197 1283 1261 spoliata
1307 1196 1532 1250 duorum,

147 1331 312 1363 Callimac.
328 1332 446 1363 h.Del.
459 1333 533 1364 273.
561 1334 674 1364 Utrum
690 1339 806 1365 utram-

146 1391 207 1422 que
229 1381 345 1422 prolem
369 1381 400 1411 in
425 1381 483 1412 hac
507 1382 609 1414 insula
630 1382 807 1425 deposuerit

146 1430 276 1466 Latona,
300 1442 339 1462 an
362 1431 499 1462 Dianam
524 1432 584 1463 alio
607 1433 685 1469 Ιοοο,
709 1433 747 1463 de
770 1443 806 1464 eo

145 1479 333 1511 dissentiunt
360 1486 481 1523 poetae;
514 1481 586 1512 vide
618 1481 658 1512 ad
687 1482 708 1512 i.
733 1483 806 1513 694.

145 1528 244 1560 Delos
260 1535 364 1560 autem
380 1530 430 1561 hic
445 1530 576 1572 loquens
591 1530 759 1567 inducitur,
773 1537 807 1562 ut

145 1578 229 1620 apud
241 1578 367 1610 Homer.
378 1590 442 1610 ver.
452 1580 490 1610 61
508 1591 577 1621 sqq.
590 1586 621 1610 et
634 1581 807 1617 commode,

147 1639 244 1669 quum
269 1630 369 1659 ambae
391 1629 525 1660 similem
551 1635 665 1660 sortem
690 1630 812 1672 experi-

144 1685 260 1709 rentur.
294 1678 313 1708 Ι
316 1680 469 1709 nstabilem
482 1679 694 1721 contemptim.
729 1680 810 1711 Con-

150 1726 194 1757 fer
210 1739 274 1758 ver.
292 1729 356 1759 333
372 1739 442 1770 sqq.

193 1778 264 1808 192.
292 1778 389 1814 Uteri‚
406 1778 483 1818 etc.]
512 1777 554 1808 Hi
574 1777 636 1809 duo
656 1789 717 1808 non
732 1778 806 1809 faci-

146 1834 214 1863 unt,
244 1827 303 1858 nisi
339 1827 505 1869 septimam
537 1834 656 1870 partem
689 1839 808 1865 eorum,

148 1887 226 1918 quos
241 1887 299 1918 ego
315 1877 408 1908 enixa
422 1888 501 1908 sum.
552 1877 661 1908 Uterus
677 1877 715 1908 de
732 1883 807 1914 tota,

147 1937 248 1968 eaque
272 1937 446 1963 numerosa,
471 1928 567 1969 prole.
614 1927 743 1959 Homer.
768 1928 808 1958 Il.

148 1975 180 2006 d.
195 1976 234 2006 1.:
261 1979 311 2015 Φῆ
327 1975 400 2007 δοιὼ
414 1975 543 2012 τεκέειν,
560 1976 580 2015 ἡ
602 1976 625 2007 δ’
642 1977 724 2016 αὐτ-ἠ
742 1977 806 2019 γεί-

147 2037 229 2057 νατο
252 2025 414 2063 πολλοὺς.
455 2026 535 2057 Inde
555 2032 586 2058 et
609 2027 692 2069 apud
708 2027 807 2069 Apol-

145 2075 212 2106 lod.
236 2075 471 2117 εὐτεκνωτέραν
494 2087 526 2106 se
550 2077 650 2117 jactat
673 2078 807 2107 Latona.

149 2126 222 2156 Jam
237 2124 348 2167 incipit
361 2125 459 2156 oratio
480 2126 692 2168 languescere,
708 2127 806 2157 maxi-

149 2186 198 2206 me
222 2174 345 2206 insertis
371 2174 433 2205 illis
457 2178 523 2216 quis
546 2178 634 2211 enim,
657 2183 716 2206 etc.
742 2176 808 2206 Hoc

149 2236 270 2265 quoqne,
299 2230 360 2255 etc.
389 2230 422 2255 et
455 2226 680 2266 ταυτολογεῖν,
712 2236 808 2266 quum

149 2273 221 2304 inde
237 2284 256 2304 a
270 2274 382 2305 vocab.
400 2280 497 2304 tutam
514 2285 613 2315 usque
631 2274 669 2305 ad
683 2276 810 2314 spoliata

147 2324 275 2353 duorum
290 2323 400 2354 eadem
415 2323 569 2354 sententia
583 2324 748 2365 quinquies
764 2335 810 2355 re-

149 2372 248 2413 petita
262 2371 312 2402 sit.
344 2373 480 2413 Populus
491 2373 615 2403 omnino
631 2373 809 2409 multitudo,

151 2427 185 2452 ut
201 2421 243 2452 xi.
259 2422 333 2452 634.
344 2422 398 2453 ubi
413 2422 484 2453 vide
502 2428 601 2452 notas.
646 2424 696 2453 Ita
711 2424 811 2454 cohors

150 2473 320 2507 liberorum,
332 2472 462 2504 AEneid.
474 2484 506 2503 Χ.
519 2473 602 2510 3283
626 2473 808 2515 totusfamz'-

149 2523 195 2552 lice
209 2523 346 2562 populus,
364 2522 447 2553 Plin.
462 2534 555 2553 xxxv.
571 2524 602 2552 2.

194 2572 372 2602 199—203.
393 2572 460 2602 Non
481 2579 575 2602 lamen
588 2574 807 2607 adnumerum,

146 2621 228 2661 etc.]
269 2620 330 2651 Hic
358 2621 445 2651 locus
469 2621 562 2651 valde
591 2627 752 2662 corruptus
778 2627 809 2651 et

147 2670 349 2701 disturbatus.
387 2671 572 2707 Gronovius,
590 2671 808 2701 Observation.

147 2719 187 2751 iv.
203 2721 251 2750 15.
261 2719 394 2761 primum
407 2730 526 2751 versum
541 2718 713 2761 postposuit
727 2720 808 2749 mul-

875 1333 914 1363 tis
929 1338 960 1363 et
974 1331 1147 1363 secundum
1163 1331 1207 1361 sic
1223 1329 1417 1361 emendavit:
1442 1329 1535 1359 Lato-

874 1394 937 1413 mz’:
968 1383 1056 1412 τευ-[ιιι
1082 1394 1140 1422 qua
1168 1387 1316 1421 quantum
1347 1381 1477 1410 distabat
1501 1380 1537 1410 ab

874 1433 964 1461 orba?
988 1431 1134 1462 Heinsius
1148 1430 1257 1471 probat
1271 1428 1541 1470 transpositionem

875 1480 1035 1516 Gronovii‚
1046 1486 1077 1510 et
1092 1479 1168 1520 legit
1182 1486 1351 1521 praeterea:
1378 1479 1465 1508 turba
1483 1489 1539 1518 quo

873 1536 1019 1570 qnantum.
1042 1531 1133 1560 distat
1155 1530 1191 1559 ab
1213 1530 1283 1559 orba
1293 1528 1304 1557 l
1341 1529 1541 1558 Burmannus

878 1579 1004 1610 mallet:
1037 1581 1126 1609 turba
1149 1591 1207 1619 qua
1233 1577 1371 1619 (scilicet
1396 1576 1539 1613 duorum,

878 1634 912 1659 ut
939 1628 1055 1659 ironice
1081 1628 1189 1667 vocat)
1215 1633 1361 1668 quantum
1387 1628 1479 1657 distat
1504 1627 1540 1656 ab

878 1679 968 1708 orba?
1005 1677 1205 1708 Schirachius
1236 1677 1371 1717 denique
1405 1675 1538 1706 suadet:

879 1727 1003 1758 Lutanae
1027 1734 1126 1763 torrae,
1143 1738 1215 1767 quae,
1231 1731 1377 1766 quantum
1396 1726 1487 1755 distat
1503 1726 1539 1754 ab

879 1779 958 1807 orba.
1004 1777 1136 1818 Insuper
1164 1782 1277 1807 caetera
1305 1774 1426 1805 mendis
1453 1775 1538 1804 labo-

875 1831 962 1865 rant;
985 1826 1163 1867 legebatur:
1190 1824 1239 1855 Ite
1252 1826 1344 1855 sacris
1356 1835 1479 1863 propere
1493 1835 1540 1854 sa-

875 1878 944 1912 cris,
968 1876 1052 1917 quod
1079 1875 1254 1906 Gronovius
1278 1875 1394 1905 fatetur
1420 1884 1452 1904 se
1478 1884 1540 1904 non

876 1925 1072 1967 intelligere3
1095 1924 1206 1956 suadet
1225 1923 1338 1965 igitur:
1366 1923 1422 1959 Ite,
1439 1930 1483 1954 sat
1498 1930 1540 1954 est

875 1986 967 2014 operae
982 1976 1084 2011 sacris,
1096 1978 1160 2010 aut,
1174 1974 1232 2008 Ite,
1249 1975 1320 2003 satis
1331 1984 1387 2012 pro
1402 1983 1434 2003 re
1448 1975 1537 2009 sacri,

876 2029 941 2059 aut,
956 2024 1002 2054 Ite
1011 2025 1082 2054 satis
1092 2034 1223 2063 properae
1233 2024 1335 2057 sacris,
1347 2027 1382 2052 ut
1394 2033 1449 2063 per
1461 2033 1536 2052 con-

880 2079 1031 2114 temptum
1047 2073 1090 2103 ita
1106 2073 1244 2114 appellet
1254 2072 1431 2102 Thebaidas
1447 2073 1537 2102 muli-

875 2132 941 2152 eres
951 2122 1187 2164 superstitiosas,
1199 2121 1388 2162 festinasque
1399 2121 1438 2151 ad
1451 2131 1539 2151 sacra

876 2169 1074 2212 accipienda.
1122 2172 1193 2201 Jac.
1211 2170 1397 2205 Gronovius,
1416 2169 1446 2200 iu
1467 2170 1536 2200 An-

876 2221 1057 2262 tiquitatum
1080 2221 1261 2251 Graecarum
1284 2220 1438 2255 thesauro,
1460 2225 1537 2250 tom.

879 2270 898 2301 i.
915 2271 1055 2301 volebat:
1082 2270 1129 2300 Ite
1148 2272 1209 2300 aris
1230 2281 1351 2309 propere
1373 2271 1409 2299 ab
1424 2272 1538 2308 sucris;

879 2320 1078 2350 Burmannus
1100 2320 1337 2361 conjecturabat
1360 2319 1417 2355 Ile,
1434 2332 1540 2351 manus

878 2370 1026 2409 prohibete
1041 2371 1154 2405 sacris,·
1179 2369 1396 2399 Schirachius:
1424 2369 1470 2399 Ite
1492 2382 1538 2400 sa-

878 2421 924 2454 tis,
948 2426 1102 2458 properate
1130 2420 1232 2453 sacris,
1256 2418 1339 2459 quod
1369 2419 1449 2448 inter
1478 2420 1540 2451 alia

877 2474 1017 2499 suaserat
1042 2468 1198 2499 Heinsius.
1244 2468 1289 2497 Ex
1322 2467 1369 2497 his
1394 2468 1538 2500 omnibus

877 2518 1123 2560 corruptionibus
1139 2528 1175 2548 ac
1191 2517 1468 2548 dis-turbationibus
1485 2518 1538 2548 ho-

875 2578 941 2598 rum
966 2578 1122 2602 versuum,
1149 2567 1199 2596 vix
1224 2576 1332 2596 sensus
1356 2567 1537 2598 commodus

876 2617 941 2646 erui
956 2621 1067 2658 potest.
1114 2617 1180 2646 ‘Nos
1202 2615 1459 2656 interpunximus,
1478 2627 1538 2647 non

876 2671 944 2706 post
974 2666 1105 2699 Lalonzr,
1131 2664 1183 2694 sed
1211 2670 1279 2705 post
1304 2665 1402 2699 turba,
1426 2670 1457 2695 et
1482 2677 1538 2705 quo

878 2715 1064 2745 mutavimus
1093 2714 1123 2744 in
1153 2725 1225 2753 (pur.
1272 2714 1403 2744 Sensus:
1429 2713 1460 2744 Si
1487 2715 1537 2745 vel
