1763 3181
203 188 289 231 218

592 184 642 225 P.
677 181 888 225 0V1D11
923 180 1202 222 NASONIS

208 303 323 352 Sive
346 302 529 363 fugam,
557 300 657 346 sive
683 299 791 362 ipse
818 297 962 344 timor
987 295 1283 360 prohibebat
1306 303 1588 358 utrumque,

208 381 459 442 Occupat,
485 377 575 423 hos
600 391 782 430 morsu,
809 373 969 436 longis
994 373 1338 437 complexibus
1365 373 1501 428 illos;

206 456 315 504 Hos
340 460 486 502 necat
509 454 698 501 afflatos
723 451 905 499 funesti
930 451 1044 498 tabe
1070 450 1262 498 veneni.

274 532 482 580 Fecerat
505 529 711 592 exiguas
731 530 835 592 jam
863 527 948 575 Sol
969 527 1239 575 altissimus
1261 526 1488 572 umbras:
1528 528 1591 572 50

209 609 334 664 Quae
360 622 497 654 mora
521 606 586 653 sit
610 604 756 653 sociis
783 603 987 652 miratur
1009 603 1238 666 Agenore
1262 610 1435 659 natus3

207 684 540 748 Vestigatque
563 683 719 730 viros:
759 681 977 744 tegimen
1003 682 1212 745 derepta
1235 680 1364 728 leoni

210 762 364 810 Pellis
389 767 520 817 erat3
561 761 714 807 telum
740 759 1022 823 splendenti
1055 760 1229 807 lancea
1252 758 1395 811 ferro,

210 838 277 886 Et
294 838 544 902 jaculum3
584 837 786 901 teloque
810 838 1004 884 animus
1029 835 1339 900 praestantior
1365 834 1512 882 omni.

212 915 283 962 Ut
307 930 480 962 nemus
512 914 724 971 intravit,
751 915 1004 978 letataque
1029 929 1236 977 corpora
1258 912 1395 968 vidit,

1533 912 1594 958 55

209 991 562 1054 Victoremque
587 1007 737 1056 supra
761 990 964 1056 spatiosi
992 989 1209 1054 corporis
1234 989 1428 1036 hostem

209 1067 393 1116 Tristia
415 1068 688 1130 sanguinea
711 1069 1013 1116 lambentem
1037 1067 1240 1113 vulnera
1263 1066 1459 1128 lingua;

211 1149 242 1170 “
269 1144 372 1193 Aut
396 1145 525 1191 ultor
549 1153 740 1201 vestrae,
763 1144 1004 1192 fidissima
1027 1158 1248 1207 corpora,
1277 1141 1463 1197 mortis,

211 1221 313 1269 Aut
343 1237 528 1277 comes,
563 1221 739 1285 inquit,
767 1220 902 1269 ero.'’

409 1299 563 1346 larem

214 1375 454 1433 Sustulit3
488 1382 538 1423 et
562 1390 797 1437 magnum
821 1390 1002 1438 magno
1027 1372 1286 1421 conamine
1312 1370 1462 1418 misit.

211 1557 301 1582 natos
323 1551 505 1583 Laocoontis
528 1562 626 1582 morsu
651 1553 868 1591 depascuntur,

209 1601 305 1640 ipsum
319 1602 406 1640 spiris
421 1602 519 1642 ligant
537 1601 718 1643 ingentibus.

253 1650 307 1680 49.
335 1649 435 1685 Tabes,
446 1655 481 1680 ut
493 1650 605 1684 tabum,
622 1649 732 1680 humor
747 1659 871 1691 corrup-

209 1703 259 1730 tus
282 1703 314 1730 et
336 1697 489 1729 sordidus.
533 1698 628 1728 Nunc
654 1699 732 1729 tabes
757 1699 872 1734 veneni,

210 1746 313 1790 ipsum
324 1757 494 1778 venenum.
523 1747 615 1778 Hanc
629 1752 732 1778 autem
745 1757 872 1788 serpen-

211 1796 251 1827 tis
271 1796 319 1827 sui
335 1795 399 1827 vim
415 1795 510 1826 habet
524 1802 555 1826 et
574 1795 670 1827 Silius
685 1806 775 1827 versu
792 1797 871 1827 158:

212 1846 306 1876 trahit
320 1844 408 1886 faeda
431 1847 584 1886 gravitate
605 1844 706 1886 (foedo
726 1850 759 1875 et
776 1844 871 1886 pesti-

210 1894 296 1926 lente
309 1893 420 1934 odore)
434 1905 486 1935 per
501 1905 592 1925 auras
606 1906 615 1930 ,·
640 1895 685 1925 Ac
702 1895 767 1925 tabe
786 1894 872 1936 affla-

214 1949 262 1974 tus
287 1943 429 1978 volucres,
457 1947 488 1973 et
514 1952 604 1973 versu
627 1943 710 1973 239:
741 1949 875 1974 catervas

213 1992 349 2033 Longius
381 1997 498 2023 avectos
537 1992 658 2033 afflatus
691 1999 771 2032 peste
805 2003 874 2032 pre-

212 2043 319 2072 mebat.
373 2040 414 2070 Et
444 2040 559 2071 halitus
584 2039 777 2082 quorundam
812 2051 874 2072 ser-

213 2090 355 2133 pentium
377 2095 552 2121 venenatus
573 2096 631 2128 est,
653 2089 731 2121 adeo
754 2095 790 2120 ut
811 2091 875 2121 solo

214 2141 321 2171 afflatu
359 2138 497 2182 praedam
532 2149 621 2170 suam
654 2149 766 2170 necare
805 2150 875 2181 pos-

214 2189 288 2220 sint.

257 2239 310 2270 52.
327 2237 464 2280 Tegimen
479 2239 602 2277 derepta
618 2238 705 2274 teoni,
721 2237 799 2278 etc.]
829 2238 876 2269 Ea

214 2287 327 2319 Cadmi
359 2297 445 2318 arma
471 2291 631 2322 memorat,
661 2285 775 2328 quibus
803 2297 875 2317 mox

214 2348 292 2378 opus
311 2335 380 2368 erit.
418 2335 549 2367 Exuviis
570 2335 701 2366 ferarum
723 2338 782 2377 tegi
801 2335 876 2366 olim

215 2386 356 2417 solebant
382 2385 436 2416 viri
463 2384 569 2415 fortes.
601 2384 691 2426 Virg.
708 2385 838 2416 AEneid.
855 2385 877 2415 i.

214 2436 296 2467 275:
315 2434 488 2476 lupoesulvo
502 2435 630 2464 nutricis
642 2436 769 2475 tegmine
782 2435 878 2465 laetus.

215 2484 340 2526 Proprie
376 2489 480 2514 autem
511 2482 603 2522 pellis
636 2482 751 2514 dicitur
781 2485 877 2524 deripi

214 2533 378 2566 membris:
403 2532 474 2564 vide
487 2531 597 2563 Heins.
631 2533 778 2570 Animus3
795 2533 877 2575 apud

216 2581 526 2621 Hesiodum‚Theog.
539 2581 616 2612 936.
629 2580 769 2613 Cadmus
780 2581 875 2623 ὑπὲρ·

216 2632 316 2672 Θυμος
331 2629 455 2661 dicitur.

259 2680 311 2711 56.
330 2679 531 2719 Victoremque
541 2679 660 2719 supra]
686 2678 875 2722 Simpliciter

218 2728 324 2770 Apoll.
348 2726 587 2770 ἀγανακτήσας
611 2726 740 2769 Κάδμος
761 2727 873 2759 κτείνει

975 1219 1116 1268 Dixit
1132 1238 1143 1277 ;
1182 1220 1461 1282 dextraque
1494 1233 1595 1264 mo-

1535 1373 1599 1418 60

939 1552 999 1583 τὸν
1015 1548 1187 1591 δράκοντα.
1231 1547 1293 1579 Sed
1308 1547 1389 1578 illud
1403 1546 1540 1579 κτείνειν
1555 1545 1601 1577 la-

938 1599 1055 1631 tissime
1076 1597 1239 1640 descripsit
1259 1597 1426 1640 phantasia
1446 1602 1546 1639 poetae
1570 1600 1602 1626 et

938 1647 1111 1680 exornavit.
1157 1648 1296 1687 spatiosi,
1320 1645 1508 1677 vastissimi:
1535 1645 1600 1676 No-

938 1704 1011 1734 ster,
1034 1696 1168 1729 Remed.
1193 1697 1300 1728 Amor.
1322 1694 1414 1731 dixit,
1441 1696 1601 1734 spatiosum

940 1754 1073 1778 taurum.
1118 1746 1258 1788 Spatium
1286 1745 1370 1776 enim
1395 1744 1520 1786 ponitur
1546 1754 1604 1785 pro

939 1795 1152 1838 magnitudine
1163 1800 1195 1825 et
1206 1793 1411 1826 crassitudine
1422 1805 1430 1832 ;
1445 1792 1530 1834 quod
1540 1793 1600 1824 fre-

941 1856 1040 1886 quens
1049 1850 1096 1875 est
1104 1844 1225 1875 Latinis
1234 1843 1424 1882 auctoribus3
1433 1842 1506 1873 hinc
1519 1841 1602 1884 apud

940 1894 959 1925 J
962 1894 1139 1929 uvenalem,
1152 1894 1280 1933 spatium
1292 1893 1470 1924 admirabile
1482 1892 1604 1922 rhombi.

945 1943 1068 1979 Tristia,
1078 1948 1140 1973 etc.
1184 1942 1270 1972 Nota
1284 1952 1388 1972 rursus
1402 1945 1534 1982 quatuor
1550 1950 1603 1970 vo-

942 1990 1056 2022 cabula
1080 1990 1113 2021 in
1139 2002 1157 2020 α
1185 1988 1372 2021 desinentia.
1419 1988 1529 2020 Brevis
1556 1994 1604 2019 est

943 2039 1056 2072 Cadmi
1084 2039 1202 2077 oratio;
1236 2049 1328 2080 agere
1357 2038 1440 2070 enim
1467 2037 1601 2073 mavult.

943 2100 1038 2131 quam
1054 2088 1197 2131 querelas
1212 2089 1322 2119 inanes
1339 2088 1516 2130 inertesque
1534 2086 1604 2118 sun-

942 2138 1027 2170 dere.
1062 2138 1206 2178 Corpora,
1224 2137 1375 2179 quiajam
1391 2136 1503 2168 mortui
1518 2136 1604 2174 socii,

943 2198 1121 2229 quanquam
1139 2193 1170 2218 et
1187 2187 1226 2218 de
1241 2187 1319 2218 vivis
1335 2186 1511 2218 hominibus
1533 2196 1603 2228 pas-

941 2236 1000 2267 sim
1015 2236 1167 2268 occurrit:
1192 2235 1262 2267 vide
1278 2246 1333 2266 nos
1350 2235 1389 2266 ad
1407 2235 1502 2266 Plinii
1521 2235 1603 2267 Pan.

943 2286 998 2316 33.
1058 2286 1200 2321 Molures,
1230 2290 1265 2315 ut
1297 2284 1450 2326 μύλακες,
1479 2284 1604 2315 omnino

942 2344 1021 2366 saxa
1049 2334 1181 2375 grandia
1209 2333 1293 2376 apud
1323 2340 1453 2376 poetas;
1497 2332 1605 2375 Eurip.

942 2382 1128 2426 μάρμαρον·

987 2434 1041 2464 60.
1066 2433 1152 2463 Infra
1166 2443 1256 2464 versu
1272 2434 1324 2464 95.
1338 2434 1431 2462 victor
1445 2432 1529 2466 victi,
1545 2430 1602 2462 xii.

943 2482 1018 2513 236.
1043 2488 1157 2512 vastum
1184 2485 1314 2518 misrior,-
1341 2480 1455 2521 Virgil.
1476 2479 1606 2511 AEneid.

944 2543 975 2562 v.
990 2532 1051 2562 447
1067 2544 1072 2561 :
1096 2534 1200 2573 gravis
1212 2532 1348 2573 graviter
1363 2531 1514 2566 concidit5
1538 2529 1605 2560 Ho-

944 2590 1018 2612 mer.
1036 2579 1138 2622 μέγας
1157 2579 1355 2622 μεγαλωστί.
1377 2577 1543 2610 Demosth.
1565 2577 1604 2609 de

944 2629 1016 2662 Cor.
1030 2641 1060 2672 p.
1076 2631 1138 2661 288
1152 2643 1158 2660 :
1192 2631 1231 2662 ὃν
1246 2630 1344 2667 κακὸς
1359 2631 1463 2666 κακῶς
1476 2626 1602 2669 ἐπέτρι-

942 2678 1020 2720 ψας.
1063 2678 1152 2709 Male
1166 2678 1260 2719 igitur
1275 2677 1308 2708 h.
1320 2677 1342 2709 l.
1357 2677 1525 2719 Schepper.
1541 2686 1604 2707 cor.

943 2731 1032 2769 inque
1045 2740 1172 2770 anguem
1188 2739 1305 2770 magno.
1330 2727 1376 2758 Ex
1388 2725 1601 2768 magnitudine
