1729 3207
379 214 998 258 METAMORPHOSEON
1031 214 1150 256 LIB.
1185 214 1221 255 Ι.
1436 218 1492 258 97

114 333 491 395 pulsabantque
515 331 626 378 novi
650 336 883 378 montana
900 330 1159 378 cacumina
1175 330 1373 377 fluctus.
1394 334 1492 379 310

114 409 338 458 Maxima
355 425 469 473 pars
493 408 627 455 unda
649 408 835 472 rapitur
854 424 864 455 :
893 408 1074 471 quibus
1095 407 1229 454 unda
1252 408 1490 472 pepercit,

114 486 231 534 Illos
256 487 404 549 longa
428 487 632 533 domant
655 485 790 549 inopi
808 484 1002 548 jejunia
1024 484 1175 532 victu.

182 563 392 627 Separat
415 563 600 610 Aonios
624 562 811 610 Actaeis
837 561 1021 608 Phocis
1048 562 1110 608 ab
1136 561 1282 617 arvis,

115 639 266 688 Terra
289 640 442 696 ferax,
469 641 588 687 dum
612 646 742 687 terra
764 638 882 695 fuit;
911 638 1008 685 sed⁴
1023 645 1245 701 tempore
1264 637 1314 685 in
1338 638 1421 686 illo

117 716 240 763 P⁴ars
265 717 429 772 maris,
455 723 507 764 et
528 717 656 764 latus
683 715 957 763 subitarum
983 731 1188 778 campus
1213 731 1468 778 aquarum.

117 792 265 840 Mons
289 793 358 841 ibi
374 793 640 841 verticibus
662 792 789 856 petit
806 792 990 839 arduus
1015 799 1147 838 astra
1170 793 1380 849 duobus,
1398 797 1494 841 316

117 870 330 918 Nomine
356 871 624 928 Parnasus,
652 877 954 933 superatque
979 870 1237 917 cacumine
1262 871 1435 918 nubes.

118 946 215 994 Hic
241 948 325 994 ubi
352 947 644 1004 Deucalion,
672 963 785 994 nam
810 953 977 994 cetera
1000 954 1196 994 texerat
1216 963 1399 1010 aequor,

120 1023 250 1071 Cum
275 1032 503 1073 consorte
528 1026 621 1072 tori
645 1040 794 1088 parva
821 1030 924 1071 rate
948 1029 1120 1071 vectus
1147 1023 1385 1081 adhaesit3

117 1199 172 1219 suo
204 1199 337 1230 genere:
353 1189 474 1231 fluctus
508 1191 587 1226 novi,
616 1199 775 1231 nunquam

118 1243 210 1268 antea
224 1237 256 1268 in
270 1238 485 1270 cacuminibus
500 1238 652 1270 montium
665 1239 734 1270 visi.

161 1288 237 1318 312.
280 1288 407 1328 Jegjum‘a
443 1289 542 1331 longa,
580 1288 690 1325 fames,
725 1291 777 1319 do-

118 1342 215 1373 mant,
241 1337 418 1372 absumunt,
446 1339 529 1377 inopi
554 1340 647 1374 victu,
674 1337 779 1380 inopia

119 1385 230 1421 victus,
246 1385 330 1417 victu
345 1385 509 1418 destitutos
526 1398 532 1417 :
552 1389 671 1418 domare
684 1387 779 1417 inter-

118 1434 194 1465 dum
213 1435 296 1466 idem
316 1446 409 1477 quam
423 1435 606 1473 interficere,
621 1447 684 1467 ver.
695 1437 757 1467 447
768 1448 777 1475 ;

119 1484 273 1516 interdum
298 1485 401 1516 minus
422 1490 479 1522 est,
498 1486 541 1517 ix.
564 1487 624 1517 74:
649 1485 680 1517 h.
696 1486 717 1516 l.
740 1485 779 1516 de

120 1539 217 1564 morte
230 1535 325 1565 lenta.

163 1584 237 1614 313.
281 1584 383 1614 Actaea
418 1595 505 1620 arva,
543 1582 665 1620 Attica,
705 1582 779 1614 olim

122 1632 195 1662 Acte
225 1631 329 1663 dicta:
367 1632 439 1664 vide
466 1632 576 1675 steph.
606 1632 639 1663 in
666 1631 780 1670 Ἀκτὴ.

120 1682 228 1716 Aonia,
254 1682 389 1718 Boeotia,
415 1682 454 1713 ab
477 1683 581 1712 Aoniis
608 1681 652 1712 sic
679 1681 778 1717 dicta,

121 1731 174 1772 qui
192 1737 264 1762 ante
282 1732 396 1763 Cadmi
418 1732 585 1763 adventum
609 1731 696 1761 illam
720 1736 778 1762 ter-

121 1790 185 1811 ram
213 1782 382 1812 tenebant:
412 1782 476 1814 vid.
499 1781 540 1812 ad
560 1780 606 1812 iii.
631 1782 661 1812 8.
705 1782 779 1812 Jam

119 1833 363 1870 separat—arvis
381 1831 468 1867 foret,
482 1829 596 1862 Phocis
616 1830 780 1872 interjecta

121 1886 168 1910 est
188 1880 268 1911 inter
287 1880 444 1911 Boeotiam
465 1886 496 1912 et
513 1880 652 1911 Atticam
663 1892 671 1918 3
695 1880 779 1921 quod

120 1935 168 1960 est
182 1930 392 1961 falsissimum.
436 1931 536 1960 Immo
552 1929 677 1960 Boeotia
691 1940 780 1972 sepa·

121 1984 168 2010 rat
184 1979 355 2010 Phocidem
379 1980 419 2010 ab
434 1980 551 2011 Attica.
589 1979 782 2022 Confugiunt

122 2038 195 2069 ergo
218 2039 321 2059 rursus
341 2028 381 2059 ad
401 2029 602 2071 hypallagen.
645 2030 691 2059 At
714 2029 782 2071 quis

122 2078 216 2110 talem
230 2079 420 2120 hypallagen
435 2080 529 2110 ferat?
573 2078 652 2115 Quis
666 2089 726 2110 non
741 2079 781 2110 ri-

123 2129 197 2159 deat
211 2134 344 2170 poetam,
360 2129 414 2170 qui
429 2129 565 2160 Batavos
583 2129 662 2160 inter
677 2130 780 2160 West-

122 2177 242 2219 phalos,
258 2184 290 2209 et
303 2179 441 2209 Saxones
453 2177 612 2209 inferiores
629 2178 783 2209 collocet?

123 2227 195 2259 Sine
210 2227 304 2258 dubio
316 2229 355 2259 ab
370 2227 475 2259 Ovidii
486 2238 579 2258 manu
590 2227 681 2258 fluxit
693 2228 783 2259 OEtoe-

122 2280 147 2308 is
162 2279 197 2308 ab
212 2281 302 2309 arvis.
343 2278 426 2308 Nam
441 2277 554 2308 Phocis
568 2277 628 2308 sita
643 2283 689 2308 est
703 2278 783 2309 inter

124 2328 230 2358 OEtam
256 2332 391 2358 montem
412 2332 444 2357 et
467 2326 634 2357 Boeotiam.
678 2327 782 2357 Etiam

125 2376 173 2407 Ib.
189 2377 262 2408 349.
277 2387 331 2418 pro
347 2377 437 2407 OEtaeo
452 2375 579 2417 quidam
594 2376 711 2406 habent
723 2377 780 2406 Αε-

125 2433 187 2456 taeo.
223 2426 332 2457 Posset
345 2425 439 2456 etiam
453 2425 484 2455 h.
501 2425 524 2456 l.
540 2424 613 2466 legi,
631 2425 730 2456 OEtaez's
743 2427 781 2455 ab

113 2478 213 2517 jugis.

166 2525 239 2555 314.
263 2524 346 2554 Dum
371 2530 452 2554 terra
466 2523 564 2565 fain]
590 2523 706 2555 Valent
731 2530 779 2554 ta-

123 2574 166 2605 lia
193 2574 233 2604 ad
268 2573 565 2604 commiserationem
595 2573 781 2605 faciendam.

124 2624 230 2660 Quum
250 2623 326 2664 jam,
353 2632 417 2653 ver.
438 2623 498 2653 291
524 2633 592 2663 sqq.
614 2622 781 2653 lectoribus

125 2672 321 2707 inculcasset,
330 2671 433 2702 omnia
442 2677 570 2713 pontum
581 2671 684 2707 fuisse,
696 2671 780 2701 idem

126 2734 186 2753 non
210 2721 346 2752 debebat
368 2731 450 2752 nunc
474 2720 534 2757 bis,
558 2726 589 2751 et
616 2731 679 2751 ver.
705 2721 778 2751 318.

122 2772 229 2808 semel,
246 2770 354 2813 repeti.

885 1190 959 1220 317.
984 1189 1166 1230 Parnasus]
1202 1189 1253 1220 Sic
1281 1189 1337 1220 lat.
1365 1189 1501 1222 scriben-

843 1239 918 1270 dum
941 1249 1018 1275 esse,
1039 1250 1100 1270 non
1122 1240 1299 1275 Parnassus,
1318 1239 1376 1270 etsi
1397 1239 1501 1271 Graeci

844 1289 1049 1331 Παρνασσὸς,
1074 1294 1178 1319 monet
1194 1289 1349 1319 Brouckh.
1365 1289 1404 1320 ad
1426 1290 1500 1320 Pro-

844 1343 924 1379 pert.
946 1338 991 1368 II.
1014 1337 1102 1368 xxiii.
1129 1339 1177 1369 13.
1224 1338 1390 1375 Parnasus,
1413 1350 1504 1370 mons

845 1386 1006 1423 Phocidis,
1018 1389 1132 1418 dnobus
1143 1390 1313 1424 verticibus,
1325 1388 1407 1419 unde
1422 1387 1500 1420 δικό-

845 1442 952 1478 ρυφος,
967 1437 1060 1476 biceps
1080 1442 1111 1466 et
1130 1438 1259 1467 bivertex
1280 1436 1405 1474 dicitur,
1426 1448 1503 1479 quo-

847 1496 915 1515 rum
929 1485 1007 1515 alter
1021 1485 1170 1527 Apollini,
1185 1485 1262 1516 alter
1277 1486 1403 1517 Baccho
1418 1497 1506 1517 sacer

846 1540 930 1565 erat:
955 1535 1074 1566 Lucan.
1086 1546 1118 1565 v.
1135 1535 1187 1566 72.
1228 1536 1279 1566 Ob
1295 1535 1505 1573 altitudinem,

846 1594 910 1625 qua
933 1590 1051 1624 superat
1076 1586 1176 1620 nubes,
1198 1584 1260 1615 fere
1288 1595 1409 1626 semper
1433 1586 1504 1616 nive

846 1633 964 1664 obsitus
991 1639 1048 1664 est.
1098 1633 1203 1664 Schol.
1226 1633 1374 1675 Apollon.
1403 1634 1443 1664 ad
1472 1634 1505 1665 ii.

848 1683 923 1714 713.
952 1688 984 1713 et
1011 1683 1148 1724 Etymol.
1176 1684 1224 1713 Μ.
1250 1682 1283 1713 in
1309 1685 1506 1725 Παρνασσὸς

847 1732 983 1768 tradunt,
997 1732 1143 1774 quoniam
1159 1731 1180 1770 ἡ
1191 1731 1327 1774 λάρναξ,
1342 1732 1363 1763 i.
1379 1743 1406 1763 e.
1419 1733 1507 1764 navis

848 1781 1051 1812 Deucalionis
1088 1792 1194 1824 parva,
1234 1781 1284 1812 hic
1329 1782 1506 1819 adhaeserit,

845 1830 918 1862 inde
935 1837 1071 1862 montem
1086 1831 1205 1862 dictum
1220 1842 1286 1862 esse
1303 1833 1506 1874 Λαρνασσὸς,

846 1880 928 1911 unde
943 1880 1095 1923 paulatim
1110 1882 1227 1912 factum
1243 1882 1282 1912 sit
1295 1884 1403 1923 Hapv.
1436 1882 1506 1913 Nu-

847 1930 913 1971 gae!
953 1931 1023 1961 Nec
1062 1930 1208 1961 audiendi
1243 1937 1314 1962 sunt
1350 1931 1415 1968 alii,
1452 1932 1506 1974 qui

849 1979 1071 2010 Deucalionem
1099 1979 1253 2016 deferunt,
1281 1980 1331 2011 vel
1360 1981 1400 2011 ad
1435 1982 1507 2012 AEt-

848 2038 933 2065 nam,
961 2034 996 2060 ut
1020 2029 1138 2070 Hygin.
1162 2029 1213 2060 vel
1242 2039 1313 2061 cum
1338 2030 1443 2062 Servio
1466 2032 1507 2063 ad

848 2077 946 2112 Atho.

892 2127 966 2159 318.
990 2128 1050 2159 Hic
1075 2129 1128 2159 ubi
1156 2129 1350 2170 Deucalion]
1378 2131 1505 2163 Deuca-

849 2176 923 2213 lion,
941 2177 1118 2209 Promethei
1142 2177 1235 2215 filius,
1258 2178 1303 2209 vir
1324 2179 1444 2222 integer
1468 2191 1506 2212 ac

848 2225 930 2268 piuS.
964 2226 1038 2257 vid.
1053 2227 1172 2268 Hygin.
1187 2227 1251 2258 fab.
1271 2229 1342 2259 153.

892 2276 967 2306 319.
994 2277 1117 2306 Consors
1146 2278 1214 2312 tori,
1243 2277 1320 2317 etc.]
1354 2277 1504 2319 Ὀμολεκ-

848 2324 925 2366 τρὶς,
941 2325 1015 2356 alibi
1030 2326 1125 2356 etiam
1139 2328 1215 2357 socia
1228 2329 1285 2358 tori
1301 2332 1356 2357 aut
1370 2329 1506 2361 thalami.

849 2376 1052 2405 Adhaerescere
1079 2386 1161 2406 nunc
1188 2376 1312 2406 omnino
1338 2378 1506 2419 appellere,

849 2435 945 2465 quum
960 2435 1006 2466 pr.
1020 2424 1059 2455 de
1079 2424 1211 2455 navibus
1225 2424 1356 2461 dicatur,
1373 2437 1442 2467 quae
1466 2427 1506 2458 ad

847 2474 991 2515 scopulos
1012 2479 1066 2504 aut
1085 2473 1117 2504 in
1135 2474 1205 2505 loca
1224 2474 1339 2505 vadosa
1357 2475 1503 2507 deserun-

848 2527 908 2558 tur,
933 2533 989 2554 nec
1012 2522 1085 2553 inde
1110 2522 1205 2554 avelli
1227 2530 1366 2565 possunt.
1401 2525 1505 2556 Etiam

848 2572 956 2603 Senec.
972 2573 1013 2603 N.
1030 2573 1070 2608 Q.
1085 2571 1128 2602 iii.
1144 2573 1196 2603 27.
1211 2572 1250 2603 de
1267 2572 1401 2603 diluvio:
1427 2575 1504 2605 Edi-

848 2623 964 2652 tissimis
980 2623 1140 2662 quibusque
1162 2623 1349 2652 uclhaerelmnt
1371 2624 1503 2663 reliquiae

845 2673 961 2712 generis
974 2673 1108 2701 humani.
1146 2671 1245 2701 Parva
1260 2673 1334 2702 rutis
1347 2670 1401 2702 illa
1416 2672 1503 2703 Grae-

846 2721 890 2751 cis
904 2720 1040 2762 λάρναξ,
1055 2720 1130 2751 rude
1145 2720 1313 2761 navigium.
