1763 3181
220 187 306 230 468

625 185 675 226 Ρ.
709 185 922 228 OVIDII
955 186 1236 230 NASONIS

221 301 534 365 Cecropidae,
564 300 819 364 Cephalus
842 301 1035 364 peragit
1059 303 1309 359 mandata,
1336 311 1578 367 rogatque

220 378 505 435 Auxilium;
547 376 809 440 foedusque
835 377 999 434 refert,
1027 386 1077 427 et
1095 380 1209 442 jura
1232 388 1522 444 parentum;

220 455 594 519 Imperiumque
616 456 719 518 peti
745 455 898 502 totius
924 455 1176 504 Achaidos
1202 457 1357 504 addit.

218 532 306 579 Sic
331 532 417 579 ubi
442 533 727 579 mandatam
746 532 877 595 juvit
900 532 1134 581 facundia
1157 550 1388 591 causam3
1517 537 1613 581 505

220 608 422 665 AEacus,
449 608 499 655 in
525 610 704 672 capulo
731 610 914 674 sceptri
942 611 1132 658 nitente
1158 611 1372 666 sinistra,

215 691 249 710 “
268 685 347 733 Ne
365 686 519 749 petite
535 686 792 743 auxilium,
811 687 898 734 sed
920 687 1151 744 sumite,''
1167 688 1311 743 dixit,
1338 692 1368 711 “
1386 686 1609 735 Athenae.

218 762 327 810 Nec
352 762 504 810 dubie
527 763 673 820 vires,
702 780 827 827 quas
854 765 961 812 haec
987 765 1141 813 habet
1165 765 1341 820 insula,
1368 772 1558 813 vestras

218 838 429 897 Ducite3
471 846 522 887 et
545 841 705 887 omnis
734 848 815 888 eat
840 857 1004 889 rerum
1032 849 1193 889 status
1218 842 1312 889 iste
1337 857 1576 889 mearum.

217 914 420 963 Robora
443 933 540 964 non
566 917 777 975 desunt3
819 926 1020 982 superat
1045 919 1164 966 mihi
1191 918 1350 974 miles,
1378 925 1429 966 et
1451 917 1610 965 hosti:

218 992 394 1040 Gratia
420 993 542 1051 Dis;
583 993 719 1050 felix,
747 1001 797 1042 et
820 994 1164 1043 inexcusabile
1188 995 1439 1058 tempus.''

213 1122 307 1153 nostri
318 1121 378 1153 loci
391 1122 557 1153 lectionem
568 1122 772 1160 defenderim,
785 1134 880 1165 quam

214 1170 345 1202 Heinsio
374 1171 538 1202 debemus.
587 1171 693 1213 Vulgo
725 1172 881 1215 Congressi

211 1221 303 1258 primi
321 1220 502 1260 Cecropidas.
548 1221 647 1251 Multi
662 1227 794 1259 veteres,
809 1235 879 1254 con-

209 1280 316 1310 gressu
339 1272 457 1309 primo5
494 1270 638 1301 nonnulli
665 1271 756 1302 bonae
787 1278 880 1309 notae,

209 1329 384 1360 congressus
395 1321 497 1359 primi.
528 1320 612 1350 Hinc
625 1320 773 1352 Heinsius
786 1323 881 1353 etiam

215 1367 383 1407 Cecropidae
427 1368 459 1398 in
498 1368 695 1408 Cecropidum
732 1370 878 1408 mutavit,

213 1428 309 1458 quum
341 1417 586 1458 Cecropidarum
616 1429 683 1449 esse
717 1419 880 1451 deberet.’'

211 1466 390 1497 Obscuram
423 1466 637 1508 judicavimus
667 1479 762 1510 quam
792 1469 880 1501 dedit

213 1515 334 1557 Gierig,
349 1520 381 1546 et
400 1515 543 1557 quamvis
558 1527 621 1547 non
636 1527 700 1548 una
720 1518 831 1549 eadem
847 1519 879 1550 in

212 1564 324 1595 nostris
337 1564 378 1595 sit
392 1563 496 1601 lectio,
511 1570 645 1606 utraque
660 1571 766 1597 tamen
783 1566 879 1609 recipi

211 1618 312 1654 potest
324 1625 332 1652 3
356 1612 464 1644 Codex
487 1614 526 1644 Β.
547 1614 710 1654 Postquam
731 1618 880 1657 congressi

208 1663 342 1701 primum
356 1672 411 1692 sua
426 1664 515 1693 verba
532 1663 671 1694 tulerunt
690 1664 878 1704 Cecropl'doe5

211 1710 345 1742 Codices
360 1711 389 1741 A
405 1711 572 1742 lectionem
587 1713 793 1754 praetulimus,
809 1725 879 1756 quae

207 1759 274 1800 jam
299 1765 404 1795 antea,
426 1765 461 1790 ut
485 1766 619 1791 testatur
641 1760 760 1803 Gierig,
778 1762 879 1794 fuerat

210 1808 304 1840 data:
328 1814 359 1840 et
374 1808 455 1840 hanc
475 1809 520 1840 ita
542 1809 798 1852 interpretemur:
823 1812 877 1843 ubi

210 1857 368 1899 congressi
383 1858 509 1889 suerunt
525 1859 719 1901 Cecropidae,
737 1866 768 1891 et
784 1862 880 1892 verba

209 1905 403 1945 gratulantia
415 1906 565 1943 tulerunt,
583 1907 742 1949 Cephalus
756 1910 878 1951 peragit

209 1954 362 1986 mandata
377 1954 416 1986 de
438 1955 555 1986 auxilio
577 1956 727 1998 petendo.
775 1958 878 1989 Primo

208 2013 366 2044 congressu
382 2005 521 2034 tulerunt
541 2006 638 2035 verba.
671 2005 792 2042 Cicero,
808 2008 832 2038 F
835 2007 877 2038 in.

209 2051 254 2082 iii.
270 2053 290 2082 2
303 2064 309 2082 ;
326 2055 457 2083 surrexit
470 2065 480 2090 ,-
506 2056 613 2084 deinde
627 2057 724 2093 prima
738 2057 804 2092 illa,
815 2068 878 2097 quae

209 2102 242 2131 in
258 2113 416 2143 congressu
438 2103 572 2132 solemus.
617 2103 669 2134 De
689 2106 804 2135 crzmilz'o
819 2105 877 2137 hoc

209 2149 314 2181 caeteri
330 2150 494 2193 scriptores
509 2151 621 2182 silent:
647 2152 815 2190 Diodorus,
833 2153 875 2184 iv.

207 2200 261 2229 61.
276 2209 391 2236 narrat,
415 2199 448 2230 in
473 2200 531 2230 hoc
554 2200 638 2231 bello
663 2211 758 2243 quum
781 2202 878 2234 fames

207 2254 275 2279 orta
290 2255 382 2284 esset,
399 2249 608 2280 Athenienses
624 2250 663 2281 ab
679 2251 781 2282 AEaco
796 2253 875 2293 peti-

207 2297 280 2334 isse,
294 2303 329 2328 ut
349 2308 440 2340 opem
463 2298 522 2329 sibi
540 2309 558 2329 a
579 2299 652 2330 Diis
673 2299 872 2341 impetraret:

207 2347 292 2388 quod
308 2348 472 2384 Isocrates,
488 2348 589 2388 Evag.
606 2347 650 2379 iv.
668 2349 707 2379 de
723 2350 874 2382 universis

208 2396 330 2427 Graecis
353 2396 457 2428 tradit.
501 2397 594 2433 Jura,
610 2398 872 2430 necessitudines.

208 2445 341 2481 Plinius,
355 2446 433 2476 VII.
451 2447 511 2488 Ep.
527 2446 558 2476 ii.
575 2447 607 2476 4.
655 2447 734 2477 Sunt
755 2449 827 2478 mihi
847 2455 875 2479 et

208 2505 276 2524 cum
290 2496 400 2525 marito
414 2498 478 2535 ejus
493 2498 691 2535 vetemjnm.

251 2543 325 2574 506.
351 2543 478 2584 Capulo,
494 2544 574 2586 parti
598 2544 733 2575 inferiori
749 2545 874 2588 sceptri,

209 2602 279 2633 quae
295 2603 390 2624 manu
405 2594 582 2630 tenebatur,
600 2593 745 2625 sedentes
761 2594 873 2627 innite-

209 2641 335 2672 bantur.

252 2691 326 2720 508.
350 2691 414 2721 Nec
436 2693 682 2729 dubie—ducite,
699 2702 760 2722 non
784 2692 874 2724 dubi-

212 2743 275 2769 tate
291 2738 416 2770 ducere.
453 2740 493 2770 Et
506 2741 705 2772 Burmannus
717 2740 876 2772 emendari

1517 997 1608 1042 511

948 1124 1086 1161 volebat,
1104 1124 1168 1155 Nec
1190 1125 1463 1154 dubita—ducere.
1506 1123 1615 1162 Male;

948 1179 1009 1204 tres
1022 1173 1104 1204 enim
1118 1173 1237 1213 legatos
1249 1172 1429 1214 alloquitur,
1441 1176 1473 1203 et
1482 1182 1614 1214 praeces-

950 1221 990 1253 sit
1002 1225 1108 1262 petite,
1125 1224 1243 1253 sumite.
1287 1221 1458 1262 Sequentia
1477 1223 1615 1252 omnis—-

949 1282 1082 1302 mearum
1102 1271 1278 1302 molestiam
1303 1275 1422 1301 creant.
1467 1269 1616 1301 Heinsius

949 1321 1143 1363 conjecturat
1167 1323 1288 1357 comnis,
1313 1320 1345 1350 id
1371 1325 1429 1356 est,
1453 1321 1614 1350 communis

947 1380 1049 1400 rerum
1071 1376 1187 1408 status3
1212 1370 1423 1405 Burmannus,
1447 1377 1487 1405 et,
1507 1375 1542 1399 ut
1566 1380 1613 1400 re-

947 1429 1016 1449 rum
1031 1430 1113 1450 nunc
1128 1425 1169 1449 est
1186 1425 1281 1449 status
1297 1420 1349 1449 ille
1363 1429 1507 1449 mearum.
1554 1418 1613 1448 Po-

946 1473 1007 1499 test
1037 1470 1151 1499 tamen'
1172 1468 1301 1509 vulgata
1331 1467 1424 1498 lectio
1453 1474 1613 1509 utcunque

946 1516 1107 1558 explicari.
1141 1517 1245 1548 Status
1259 1528 1361 1548 rerum
1377 1527 1473 1558 quum
1489 1517 1614 1548 omnino

946 1565 986 1596 sit
1001 1565 1087 1606 regni
1104 1565 1252 1602 conditio,
1269 1571 1371 1608 potest
1387 1565 1481 1596 etiam
1501 1565 1540 1597 de
1562 1576 1612 1597 co-

946 1614 1005 1656 piis
1025 1614 1214 1645 militaribus
1235 1613 1379 1655 intelligi,
1395 1619 1427 1645 et
1447 1616 1491 1645 ire
1505 1614 1544 1645 de
1559 1624 1614 1646 ex-

946 1662 1046 1694 ercitu
1062 1663 1278 1704 proficiscente
1293 1669 1376 1694 recte
1391 1662 1522 1693 dicitur:
1550 1663 1614 1694 vid.

948 1711 1073 1743 Cornel.
1095 1712 1215 1754 Nepos,
1239 1713 1337 1753 Ages.
1357 1711 1402 1742 iii.
1423 1713 1454 1743 5.
1499 1713 1614 1754 Neque

947 1759 1005 1791 hoc
1021 1771 1075 1791 nos
1097 1761 1255 1792 offendere
1276 1761 1382 1797 debet,
1400 1760 1484 1801 quod
1505 1771 1613 1792 omnes

945 1819 1017 1840 suas
1037 1810 1144 1851 copias
1166 1809 1211 1840 ire
1226 1810 1311 1847 vult;
1347 1810 1374 1840 is
1397 1809 1481 1840 enim
1505 1819 1614 1841 sensus

946 1858 1026 1889 bene
1043 1858 1189 1890 convenit
1205 1858 1476 1895 antecedentibus,
1493 1858 1540 1889 Ne
1559 1870 1612 1899 pe-

946 1909 1165 1939 tite—ducite.-
1190 1914 1221 1939 et
1245 1913 1367 1950 poterat
1386 1907 1418 1938 in
1438 1912 1526 1939 tanta
1540 1918 1611 1938 suo-

945 1967 1014 1987 rum
1039 1956 1241 1988 multitudine
1266 1967 1362 1988 novos
1383 1956 1476 1987 facile
1498 1956 1614 1988 milites

945 2005 1153 2037 conscribere.

988 2055 1064 2085 510.
1089 2054 1366 2095 Superat—hosti]
1414 2054 1492 2085 Haec
1519 2055 1613 2086 verba

944 2102 992 2132 vir
1018 2103 1129 2134 doctus
1154 2103 1186 2134 in
1213 2103 1346 2145 Epliem.
1371 2103 1418 2134 lit.
1443 2103 1514 2134 Jen.
1537 2103 1612 2134 anni

948 2152 1040 2183 1793.
1055 2163 1086 2183 n.
1102 2153 1175 2183 280.
1191 2158 1300 2191 argute
1317 2157 1348 2182 et
1370 2152 1505 2183 breviter
1527 2152 1612 2183 dicta

944 2206 1044 2242 putat,
1060 2207 1095 2231 ut
1113 2201 1248 2242 intellig.
1268 2206 1396 2243 superat
1419 2200 1510 2231 miles
1526 2202 1611 2238 mihi,

944 2249 984 2280 ad
1010 2260 1060 2280 me
1083 2249 1326 2285 defendendum,
1350 2255 1378 2280 et
1402 2250 1489 2284 hosti,
1513 2255 1545 2280 et
1569 2250 1610 2281 ad

941 2297 1064 2329 hostem
1088 2298 1348 2340 impugnandum.
1400 2298 1503 2329 Etiam
1527 2299 1609 2330 Len-

944 2346 1009 2377 zius
1035 2348 1109 2378 hosti
1135 2347 1282 2389 explicat,
1305 2346 1452 2378 adversus
1479 2346 1610 2385 hostem,

940 2395 1004 2426 Alii
1018 2396 1138 2427 deloco
1147 2396 1288 2426 sanando
1299 2396 1492 2436 cogitarunt:
1509 2396 1610 2427 Hein-

942 2445 1019 2481 sius,
1038 2446 1167 2484 Snperat
1190 2452 1235 2476 sat
1258 2447 1363 2475 militis
1385 2446 1504 2485 hospes5
1529 2446 1609 2476 Bur-

942 2504 1076 2525 mannus
1088 2494 1200 2526 suadet
1213 2495 1262 2525 vel
1278 2501 1313 2525 ut
1330 2495 1416 2531 hosti,
1432 2494 1483 2525 vel
1499 2497 1531 2525 in
1544 2495 1607 2525 hos-

942 2550 1012 2574 tem.
1057 2544 1147 2575 Prius
1168 2544 1330 2574 minimum
1356 2544 1479 2575 aberrat
1500 2554 1518 2574 a
1540 2544 1608 2575 vul—

941 2598 1017 2633 gata
1030 2593 1202 2635 scriptura;
1224 2593 1378 2635 posterius
1397 2592 1509 2623 melius
1524 2593 1608 2624 favet

942 2641 1057 2673 sensui.
1103 2642 1308 2673 Ineacusabile
1330 2649 1454 2681 tempus,
1472 2641 1608 2672 conditio

943 2691 1029 2732 regni
1051 2690 1128 2722 adeo
1150 2701 1308 2733 prospera,
1323 2697 1359 2721 ut
1382 2690 1544 2721 excusatio
1566 2690 1605 2721 de

943 2739 1060 2770 auxilio
1075 2740 1217 2781 negando
1234 2740 1335 2771 locum
1352 2750 1413 2771 non
1428 2739 1551 2771 habeat.
