1729 3207
370 204 994 247 METAMORPHOSEON
1026 204 1145 246 LIB.
1180 204 1217 246 Ι.

1399 206 1479 247 111

98 319 170 367 Te
193 335 335 367 meus
361 335 520 376 arcus,
547 319 642 368 ait:
682 327 971 383 quantoque
996 319 1229 368 animalia
1251 320 1438 368 cedunt

100 395 297 444 Cuncta
319 397 425 453 tibi,
452 403 592 444 tanto
616 396 775 443 minor
798 403 874 444 est
898 403 984 444 tua
1008 397 1163 459 gloria
1185 396 1404 444 nostra.”

99 472 267 531 Dixit;
307 480 358 521 et
383 473 504 521 eliso
529 473 780 537 percussis
806 489 918 520 aere
942 472 1118 537 pennis

1384 474 1480 520 466

101 550 320 615 Impiger
342 553 575 599 umbrosa
599 551 805 598 Parnasi
830 550 1055 598 constitit
1079 565 1213 598 arce:

102 626 245 691 Eque
271 628 542 692 sagittifera
566 629 809 693 prompsit
832 629 930 675 duo
955 628 1056 682 tela
1079 628 1311 691 pharetra

99 703 415 752 Diversorum
433 722 660 769 operum3
689 705 830 768 fugat
844 705 953 761 hoc,
968 704 1087 752 facit
1102 704 1224 751 illud
1240 719 1479 751 amorem:

98 780 245 836 Quod
266 782 398 839 facit,
426 789 652 830 auratum
673 790 764 838 est,
793 789 844 830 et
869 781 1076 846 cuspide
1101 781 1258 844 fulget
1285 786 1454 836 acuta3

100 857 246 915 Quod
277 860 430 923 fugat,
457 861 691 907 obtusum
724 866 816 917 est,
846 866 897 907 et
927 860 1079 907 habet
1115 859 1207 906 sub
1242 857 1481 905 arundine

297 937 574 1001 plumbum.

1386 937 1478 981 471

102 1012 211 1061 Hoc
238 1014 376 1062 Deus
402 1014 452 1061 in
478 1014 716 1078 Nympha
742 1014 963 1062 Peneide
986 1013 1123 1071 fixit3
1164 1020 1214 1060 at
1238 1012 1320 1059 illo

101 1089 251 1138 Laesit
274 1091 562 1155 Apollineas
588 1092 799 1154 trajecta
822 1107 911 1155 per
935 1106 1049 1138 ossa
1071 1090 1331 1138 medullas.

99 1167 333 1216 Protinus
359 1170 482 1216 alter
507 1176 665 1227 amat;
707 1168 834 1231 fugit
859 1168 1013 1215 altera
1052 1183 1231 1215 nomen
1256 1164 1486 1220 amantis,

101 1245 345 1294 Silvarum
368 1246 586 1302 latebris,
609 1246 1017 1310 captivarumque
1036 1244 1249 1291 ferarum

1384 1244 1480 1289 475

101 1320 307 1370 Exuviis
331 1324 572 1386 gaudens,
599 1324 923 1388 innuptaeque
949 1322 1128 1368 aemula
1152 1321 1397 1375 Phoebes;

100 1398 238 1449 Vitta
260 1401 524 1449 coercebat
548 1401 737 1465 positos
757 1400 864 1448 sine
888 1400 999 1462 lege
1022 1398 1247 1463 capillos.

145 1584 219 1615 466.
243 1584 326 1615 Eliso
337 1585 509 1626 percussis]
535 1586 666 1618 Volatus
682 1586 765 1618 celer

105 1632 300 1664 describitur.
345 1634 469 1666 Elidere
492 1640 563 1666 aer-'a
590 1635 610 1666 i.
635 1647 666 1676 q.
689 1635 764 1666 alibi

93 1683 227 1723 findere,
243 1693 340 1713 secare
362 1693 445 1715 aera.
491 1685 618 1726 Proprie
631 1687 764 1725 percuti-

104 1738 155 1763 tur
178 1742 231 1763 aer
254 1731 376 1774 penniS,
399 1739 434 1764 ut
460 1745 490 1764 x.
514 1735 592 1772 159;
615 1734 670 1765 sed
691 1735 722 1766 h.
743 1734 764 1765 l.

107 1781 163 1812 alae
177 1782 405 1821 percutiuntur,
419 1782 440 1812 i.
453 1793 483 1813 e.
500 1789 673 1814 moventur.

146 1831 221 1861 467.
261 1830 418 1870 Parnasi]
458 1831 594 1862 Gemina
634 1832 766 1862 Parnasi

105 1892 169 1911 arx.
215 1879 329 1916 Graeci,
366 1880 466 1921 ἄκρον
502 1880 697 1923 Παρνάσσου
735 1886 766 1912 et

103 1940 185 1972 saepe
200 1930 240 1960 τὰ
254 1930 339 1971 ἄκρα
355 1932 421 1961 τῶν
436 1930 532 1971 ὀρῶν.
570 1930 693 1972 Cupido
709 1941 763 1962 au-

105 1985 177 2015 tem,
193 1985 224 2010 et
239 1984 274 2010 ut
289 1989 320 2009 se
338 1979 499 2010 subtrahat
514 1979 664 2021 Apollini,
680 1985 711 2011 et
729 1986 764 2011 ut

105 2040 143 2060 ex
165 2029 227 2059 alto
247 2039 318 2058 eum
341 2028 440 2064 feriat,
462 2028 540 2071 petit
561 2029 762 2060 Parnassum.

106 2079 132 2108 E
147 2077 261 2108 vertice
276 2077 388 2107 montis
403 2076 499 2108 etiam
513 2077 628 2119 Apollo
639 2078 764 2119 jacula-

107 2132 156 2157 tur
171 2126 214 2157 vi.
231 2126 304 2156 217.
349 2126 494 2168 Sequitur
515 2127 575 2157 loe.
590 2127 710 2158 classic.
727 2127 765 2158 de

108 2175 176 2207 telis
192 2174 367 2217 Cupidinis.
412 2177 504 2207 Arces
517 2175 668 2207 montium
683 2177 766 2219 apud

106 2230 213 2268 poetas
247 2230 319 2255 sunt
346 2224 479 2257 vertices
513 2236 629 2257 eorum.
658 2227 767 2258 Senec.

109 2273 181 2306 OEd.
196 2274 273 2304 227.

153 2325 226 2355 469.
254 2324 449 2355 Diversorum
477 2335 608 2364 operum,
639 2336 768 2366 quorum

108 2373 154 2404 vis
165 2373 298 2404 diversa.

151 2423 225 2453 473.
262 2422 353 2453 Laesit
382 2423 582 2463 Apollineas]
617 2422 770 2454 Vulnerat

110 2471 231 2512 Cupido
253 2482 316 2502 non
340 2471 433 2502 modo
443 2474 549 2511 jecur,
572 2472 655 2514 quod
679 2472 771 2503 sedes

110 2521 278 2564 putabatur
301 2531 367 2551 esse
389 2526 420 2551 et
441 2520 633 2552 domicilium
649 2521 771 2558 amoris,

110 2569 166 2600 sed
181 2569 276 2600 etiam
289 2571 445 2607 medullas,
461 2571 535 2612 quia
551 2581 635 2601 amor
656 2577 703 2601 est
724 2570 771 2612 ig-

112 2618 159 2649 nis
184 2629 239 2660 per
265 2629 335 2650 ossa
356 2630 493 2661 serpens.
539 2619 622 2651 Vide
643 2620 675 2650 ii.
691 2621 772 2659 4103

113 2667 200 2708 Virg.
216 2669 292 2698 AEn.
308 2668 373 2699 viii.
390 2670 452 2699 388
467 2679 534 2710 seq.
551 2671 662 2700 Senec.
676 2670 773 2711 Hipp.

113 2717 187 2747 281.

158 2766 230 2797 475.
262 2766 424 2807 Sylvarum.
449 2767 593 2808 latebris]
627 2767 773 2799 Venandi

832 1584 968 1615 studium
983 1583 1062 1614 inter
1082 1582 1193 1614 amoris
1211 1581 1350 1613 remedia
1363 1581 1492 1612 refertur

833 1634 926 1664 Rem.
936 1633 1012 1664 Am.
1029 1634 1099 1664 199.
1125 1633 1207 1663 Hinc
1220 1631 1325 1663 Diana
1342 1634 1490 1670 innupta,-

833 1683 904 1713 hinc
917 1681 1030 1724 puellae
1042 1681 1198 1712 connubia
1210 1686 1385 1712 aversantes
1398 1691 1491 1711 vena-

833 1732 877 1763 tui
899 1742 1026 1774 operam
1048 1731 1176 1767 dabant,
1193 1731 1224 1761 ii.
1240 1731 1303 1760 412
1318 1740 1387 1771 sqq.
1431 1729 1492 1759 Sed

833 1782 903 1818 hoc,
920 1782 1056 1824 Daphne
1071 1780 1106 1810 fit
1120 1779 1272 1816 venatrix,
1286 1779 1408 1821 poetice
1430 1779 1494 1810 elo-

834 1839 924 1862 cutus
939 1837 996 1867 est,
1013 1831 1044 1861 h.
1055 1841 1084 1861 e.
1101 1830 1197 1871 signis
1211 1828 1391 1859 venantium
1408 1838 1492 1859 com-

831 1880 1047 1912 memorandis.
1094 1880 1247 1910 Silvarum
1270 1880 1397 1914 latebrae,
1414 1877 1494 1909 fera-

830 1940 897 1960 rum
914 1930 1039 1960 latebrae
1057 1929 1088 1959 in
1103 1928 1199 1959 silvis.

874 1979 946 2009 476.
973 1979 1098 2009 Eiuriis
1112 1977 1243 2008 ferarum
1266 1982 1370 2017 tegere
1387 1975 1495 2007 hume-

831 2038 880 2058 ros
900 2028 1042 2058 solebant
1058 2027 1226 2068 Nymphae,
1242 2026 1380 2056 Dianam
1395 2026 1493 2057 comi-

832 2083 944 2109 tantes.
976 2077 1126 2119 Apollon.
1143 2076 1370 2107 Rh.iv.1348.
1409 2076 1494 2106 Gau-

833 2128 914 2163 dens,
943 2126 1134 2168 τερπομένη,
1161 2136 1280 2161 amans,
1307 2132 1361 2156 aut
1389 2131 1497 2157 ornata

834 2176 965 2208 exuviis.
1003 2177 1092 2217 Virg.
1107 2175 1234 2206 AEneid.
1249 2176 1270 2206 i.
1286 2176 1359 2207 275.
1375 2175 1493 2206 Romu-

834 2228 883 2258 lus
900 2229 974 2266 lupae
991 2228 1118 2267 tegmine
1131 2227 1226 2256 Iaetzzs.

878 2277 952 2307 477.
981 2276 1063 2306 I'itta
1086 2278 1212 2306 coerceri
1236 2274 1267 2305 h.
1284 2285 1312 2305 e.
1328 2274 1496 2316 constringi

835 2325 978 2356 solebant
989 2325 1074 2355 cultu
1086 2323 1379 2366 simplicivirginum
1390 2334 1498 2360 comae,

836 2385 874 2405 ne
885 2374 1148 2405 diffunderentur:
1166 2372 1236 2403 vide
1252 2373 1388 2403 Turneb.
1430 2372 1497 2402 Ad-

835 2434 914 2455 vers.
927 2423 1052 2453 xxiii.5.
1099 2421 1294 2452 Dicebantur
1309 2424 1390 2452 ‘vitta’
1406 2423 1500 2463 virgi-

837 2484 897 2503 neae
929 2472 1039 2513 (Virg.
1061 2472 1135 2502 AEn.
1162 2471 1194 2501 ii.
1226 2470 1315 2510 168,)
1343 2482 1362 2501 a
1386 2470 1500 2512 quibus

838 2521 966 2552 diversae
984 2522 1172 2551 matronales.
1217 2520 1329 2550 Positos
1343 2522 1405 2550 sine
1427 2522 1500 2562 Iege,

839 2571 1068 2612 incompositos,
1097 2581 1158 2600 non
1189 2569 1400 2600 cincinnatos:
1438 2571 1501 2600 sine

841 2620 916 2661 Iege,
940 2620 1077 2655 ἄτακτα,
1100 2618 1256 2660 ἀκόσμως·
1294 2618 1410 2648 Anacr.
1435 2618 1500 2649 Od-

841 2668 926 2700 xxix.
943 2669 973 2700 7.
1003 2667 1168 2699 claudian.
1183 2668 1235 2698 35.
1253 2668 1324 2698 149.
1337 2668 1501 2697 libertatem

841 2729 990 2749 comarum
1019 2723 1118 2753 vocat,
1142 2727 1236 2758 quam
1260 2717 1366 2747 Diana
1390 2717 1501 2756 injecta

842 2774 961 2798 tantum
973 2766 1202 2808 coronafrenet.
1232 2767 1309 2797 Eam
1324 2765 1501 2797 libertatem
