1763 3181
229 180 311 222 168

618 179 667 219 Ρ.
701 177 810 218 OVI
820 175 911 217 DII
946 175 1224 217 NASONIS

232 294 371 342 Atria
395 301 557 341 vestra
582 300 724 339 ruent
745 309 753 338 :
795 292 935 338 Atlas
961 308 1022 338 en
1048 292 1154 354 ipse
1180 292 1395 347 laborat;

232 372 431 434 Vixque
458 371 559 417 suis
586 369 800 417 humeris
826 369 1122 416 candentem
1143 368 1352 415 sustinet
1376 384 1537 416 axem.

235 449 286 495 Si
314 448 451 502 freta,
480 448 519 495 si
541 455 682 495 terrae
708 453 931 509 pereunt,
959 446 999 493 si
1025 446 1160 507 regia
1183 446 1321 492 coeli:

1511 448 1606 491 298

235 525 292 571 ln
312 526 462 571 chaos
484 523 743 586 antiquum
764 522 1107 569 confundimur
1125 539 1134 570 :
1174 522 1309 586 eripe
1333 522 1561 577 flammis,

235 601 286 647 Si
304 602 423 665 quid
439 601 600 648 adhuc
617 606 844 663 superest
860 617 870 656 ;
895 606 945 646 et
959 615 1118 647 rerum
1136 600 1337 647 consule
1354 599 1609 647 sunimae.''

236 677 444 725 Dixerat
468 678 572 723 haec
598 675 790 723 Tellus:
817 691 980 738 neque
1005 676 1136 723 enim
1154 677 1361 724 tolerare
1378 692 1609 740 vaporem

237 755 456 803 Ulterius
483 754 658 818 potuit,
685 770 776 802 nec
802 754 967 801 dicere
988 754 1158 817 plura;
1199 769 1443 817 suumque

236 832 452 879 Rettulit
475 848 529 879 os
555 832 604 878 in
629 848 698 886 se,
722 832 1051 896 propioraque
1078 830 1312 878 Manibus
1338 829 1492 878 antra.

300 909 368 956 At
388 916 527 972 pater
546 909 860 972 omnipotens
883 908 1100 972 Superos
1126 916 1352 963 testatus,
1374 915 1424 955 et
1447 907 1611 971 ipsum

236 986 332 1040 Qui
348 986 554 1033 dederat
571 1002 759 1041 currus,
778 985 869 1032 nisi
889 1001 1035 1049 opem
1054 984 1194 1041 ferat,
1215 985 1380 1032 omnia
1397 984 1496 1031 fato
1514 987 1610 1031 305

237 1063 502 1110 Interitura
526 1063 688 1126 gravi3
719 1079 961 1110 summam
987 1063 1113 1126 petit
1137 1063 1318 1110 arduus
1343 1077 1523 1118 arcem,

239 1139 384 1187 Unde
409 1141 535 1188 solet
558 1140 669 1187 latis
694 1142 852 1188 nubes
878 1141 1109 1188 inducere
1135 1140 1306 1197 terris3

242 1217 385 1264 Unde
410 1224 572 1264 movet
595 1216 822 1272 tonitrus,
849 1218 1137 1280 vibrataque
1160 1215 1366 1264 fulmina
1383 1218 1556 1280 Jactat.

238 1294 339 1341 Sed
364 1309 544 1356 neque,
572 1309 697 1356 quas
722 1300 894 1357 posset
918 1294 1060 1341 terris
1085 1293 1336 1349 inducere,
1363 1293 1522 1340 nubes

236 1372 376 1419 Tunc
392 1371 587 1429 habuit3
606 1387 714 1428 nee,
728 1388 852 1435 quos
864 1373 987 1419 coelo
1003 1371 1289 1428 dimitteret,
1302 1371 1503 1418 imbres.
1517 1372 1614 1417 310

236 1449 436 1497 Intonat
457 1465 466 1496 :
507 1456 557 1496 et
580 1448 758 1496 dextra
780 1448 1014 1496 libratum
1037 1447 1223 1495 fulmen
1248 1448 1310 1495 ab
1336 1463 1453 1495 aure

237 1525 380 1573 Misit
403 1526 453 1572 in
478 1525 725 1587 aurigam;
766 1525 1047 1588 pariterque
1075 1524 1337 1588 animaque
1362 1524 1583 1587 rotisque

238 1692 372 1726 Atlante,
398 1689 467 1721 vide
492 1690 651 1725 Nostrum,
676 1690 717 1720 iv.
738 1690 800 1721 656
824 1700 893 1731 sqq.

240 1740 389 1770 Laborare
401 1739 559 1780 eleganter
570 1738 609 1769 de
621 1738 668 1774 iis,
681 1749 750 1780 quae
766 1739 810 1769 ita
826 1749 892 1780 pre-

238 1793 373 1823 muntur,
401 1794 435 1818 ut
463 1787 514 1818 vix
543 1787 628 1818 oneri
657 1786 783 1818 ferendo
810 1787 893 1818 suffi-

237 1837 332 1868 ciant.
382 1837 491 1867 Horat.
519 1837 545 1867 Ι.
575 1836 638 1868 Od.
666 1837 708 1867 ix.
735 1838 775 1867 3:
815 1838 894 1868 silrae

239 1894 414 1928 laborantes,
445 1903 555 1933 nempe
584 1892 668 1923 nive.
711 1892 794 1923 Plin.
816 1893 894 1924 Pan.

237 1944 297 1972 22:
322 1949 400 1973 tecta
422 1943 590 1972 laborantia
614 1941 815 1972 multitudine
840 1941 893 1972 ho-

239 1990 357 2021 minum
372 1989 592 2021 insistentium.

281 2041 355 2071 299.
393 2039 647 2080 confundimur]
690 2039 895 2081 Exquisitius,

239 2099 345 2131 quam,
369 2088 517 2125 redimus,
533 2087 728 2119 revolvimur.
774 2089 806 2120 Si
825 2092 897 2129 quid

239 2148 300 2168 non
326 2148 448 2179 semper
471 2135 642 2168 dubitantis
670 2142 727 2173 est,
750 2137 805 2168 sed
835 2137 897 2169 ele-

238 2192 347 2228 ganter
374 2197 428 2228 pro
456 2188 533 2227 quod
559 2186 694 2228 ponitur.
748 2185 829 2218 Vide
857 2187 896 2218 ad

240 2236 322 2266 Plin.
336 2235 359 2266 i.
378 2235 477 2277 Epist.
495 2237 523 2266 l.
569 2235 685 2266 Rerum
708 2247 835 2273 summae,
851 2236 896 2267 in-

239 2284 412 2315 columitati
428 2284 522 2315 totius
538 2283 684 2315 universi.
719 2284 770 2314 Sic
785 2296 897 2315 summa

241 2335 409 2373 reipublicae
420 2344 503 2374 saepe
514 2333 597 2375 apud
609 2332 789 2364 Ciceronem
802 2347 808 2364 z
829 2334 897 2366 vide

241 2382 361 2414 Ernesti
377 2383 498 2413 clavem
511 2380 760 2413 Ciceronianam.

283 2432 359 2462 302.
381 2432 420 2461 Os
434 2442 531 2467 suum,
546 2431 663 2467 Tellus,
680 2432 761 2467 Dea,
777 2432 898 2461 rettulit

241 2483 272 2513 in
296 2492 336 2514 se.
358 2480 389 2510 in
413 2481 518 2511 orbem
544 2485 703 2511 terrarum.
749 2480 897 2512 Ciofanus

240 2530 383 2571 putabat,
398 2529 454 2560 hoc
476 2529 604 2560 ductum
620 2540 686 2560 esse
706 2540 725 2560 a
741 2528 896 2560 volumine

240 2579 403 2622 Serpentis.
453 2579 654 2619 Propior-aque
681 2580 815 2609 manibus
842 2590 897 2608 un-

242 2634 300 2659 tra.
346 2627 383 2658 Id
408 2634 455 2659 est
481 2628 646 2669 speluncas
672 2627 777 2659 inferis
804 2627 894 2658 finiti-

242 2688 319 2707 mas.

284 2726 356 2755 304.
395 2727 518 2765 Superos
557 2726 706 2765 testatus]
753 2725 894 2755 Testatur

962 1691 1056 1726 Deos,
1071 1690 1187 1732 quippe
1211 1695 1375 1721 necaturus
1388 1688 1545 1720 infelicem
1561 1699 1613 1720 au-

960 1739 1069 1781 rigam.
1113 1740 1263 1770 Summam
1293 1749 1404 1774 arcem,
1436 1738 1616 1769 altissimam

961 1790 1068 1821 mundi
1085 1800 1170 1820 oram
1190 1789 1280 1831 petit,
1296 1794 1328 1820 et
1348 1788 1392 1819 sic
1411 1790 1527 1819 arduus
1541 1795 1618 1820 erat.

964 1840 1075 1876 Movet,
1088 1839 1222 1871 excitat:
1241 1840 1367 1874 vibrata,
1382 1838 1509 1879 agitata,
1521 1838 1616 1869 hastae

963 1890 1070 1920 instar.
1115 1889 1173 1918 His
1190 1887 1412 1929 agitationibus
1428 1887 1617 1919 acceleratur

958 1938 1063 1980 jactus
1087 1938 1141 1968 teli
1163 1944 1217 1968 aut
1238 1936 1386 1968 fulminis.
1431 1938 1507 1968 Mox
1527 1939 1618 1968 libra-

964 1989 1158 2029 tumsnlmen
1172 1987 1281 2018 eodem
1296 1998 1407 2025 sensu;
1425 1998 1495 2018 nam
1510 1989 1620 2019 librare

962 2048 1008 2079 pr.
1032 2036 1070 2067 de
1095 2042 1180 2067 motu
1201 2047 1322 2072 manus,
1338 2046 1399 2077 quo
1422 2036 1619 2077 exploramus

963 2086 1110 2128 pondera.
1160 2085 1282 2117 Similes
1310 2091 1415 2116 autem
1443 2092 1544 2117 motus
1573 2085 1617 2117 fa—

964 2136 1061 2171 ciunt,
1078 2135 1130 2177 qui
1154 2145 1269 2176 magna
1283 2135 1313 2166 vi
1333 2135 1480 2177 projicere
1499 2135 1618 2178 aliquid

963 2185 1083 2216 volunt.
1127 2184 1177 2216 Cf.
1192 2185 1339 2215 Arntzen.
1354 2189 1386 2215 et
1403 2183 1559 2215 Schwarz.
1579 2184 1618 2215 ad

963 2234 1045 2265 Plin.
1061 2235 1180 2276 Paneg.
1195 2233 1261 2264 xiii.
1299 2233 1458 2264 Librarum
1485 2235 1521 2264 ab
1544 2246 1619 2265 aure

963 2295 1035 2315 cum
1051 2284 1081 2314 vi
1100 2283 1263 2325 pingendi.
1307 2283 1423 2314 Jacula
1444 2283 1527 2314 enim
1548 2284 1619 2315 mit-

963 2339 1068 2364 tuntur
1081 2333 1130 2364 vel
1147 2334 1185 2364 ab
1202 2343 1286 2368 aure,
1303 2332 1353 2363 vel
1372 2342 1390 2362 a
1410 2332 1506 2363 latere
1524 2344 1531 2362 :
1557 2332 1619 2364 vid.

965 2382 1067 2413 Cerda
1081 2382 1120 2413 ad
1130 2381 1243 2423 Virgil.
1255 2380 1382 2412 AEneid.
1397 2381 1441 2411 ix.
1455 2382 1516 2411 417
1529 2394 1537 2420 ;
1554 2382 1617 2418 ubi,

963 2442 1077 2462 summa
1092 2432 1184 2462 telum
1200 2432 1327 2461 librabat
1342 2432 1378 2461 ab
1392 2441 1477 2462 aure.

1008 2482 1081 2512 312.
1108 2482 1217 2511 Anima
1237 2480 1378 2520 expulit]
1418 2479 1492 2510 Vita
1517 2480 1618 2521 priva-

965 2529 1019 2565 vit,
1044 2535 1075 2559 et
1099 2531 1179 2565 rotis,
1205 2539 1295 2559 curru
1316 2528 1442 2570 dejecit.
1479 2530 1618 2560 Animum

963 2579 1106 2618 erpellere
1131 2586 1177 2609 est
1202 2577 1282 2608 infra
1303 2578 1344 2607 vi.
1368 2578 1442 2608 618.
1495 2578 1617 2609 Durum

965 2628 1090 2669 quidem
1108 2633 1154 2658 est
1173 2629 1274 2657 anima>
1291 2629 1444 2667 erpellere,
1457 2627 1617 2659 ferendum

965 2684 1068 2708 tamen
1084 2678 1116 2708 in
1129 2683 1231 2719 poeta,
1247 2677 1416 2718 praesertim
1432 2688 1526 2718 quum
1549 2679 1620 2708 rotis

963 2725 1104 2756 addatur.
1149 2727 1237 2767 Saepe
1253 2726 1334 2756 enim
1355 2725 1475 2756 duobus
1492 2726 1619 2756 diversis
