1729 3207
378 210 998 254 METAMORPHOSEON
1031 211 1150 253 LIB.
1184 212 1220 253 Ι.
1430 212 1486 253 93

102 321 395 388 Emittitque
422 324 636 374 Notum:
676 326 886 374 madidis
913 326 1077 375 Notus
1102 327 1263 375 evolat
1286 327 1392 382 alis,

102 398 392 448 Terribilem
417 402 560 465 picea
582 409 746 450 tectus
764 403 974 466 caligine
997 404 1187 451 vultum
1206 421 1215 451 :
1384 406 1480 450 265

104 475 270 525 Barba
293 479 452 541 gravis
478 479 686 536 nimbis3
729 479 865 527 canis
890 480 1000 527 fluit
1025 480 1158 527 unda
1182 479 1406 543 capillis3

103 553 283 602 Fronte
314 557 490 604 sedent
523 557 748 614 nebulae3
796 563 963 604 rorant
994 573 1287 620 pennaeque,
1322 556 1480 603 sinus-

104 630 275 695 thue
301 649 449 680 manu
469 634 569 681 lata
592 634 863 698 pendentia
886 635 1056 682 nubila
1079 635 1276 698 pressit,
1328 635 1449 696 [que
1469 651 1478 681 :

103 707 182 755 Fit
205 709 394 772 fragor3
423 711 536 757 hinc
562 711 704 759 densi
728 710 997 758 funduntur
1016 711 1078 758 ab
1100 711 1283 758 aethere
1309 710 1480 757 nimbi.

103 785 291 834 Nuntia
314 787 345 834 J
350 789 525 835 unonis
546 789 703 835 varios
729 789 901 835 induta
925 790 1131 844 colores,
1387 791 1483 835 270

103 861 336 927 Concipit
360 864 452 911 Iris
479 881 650 928 aquas,
677 865 1010 928 alimentaque
1036 866 1251 913 nubibus
1278 864 1451 913 adfert.

101 938 398 1008 Sternuntur
422 949 636 1004 segeteS,
664 949 715 989 et
740 942 998 1006 deplorata
1022 943 1183 989 coloni

99 1017 230 1065 Vota
248 1020 433 1082 jacent,
460 1020 694 1083 longique
719 1021 859 1067 labor
884 1021 1012 1084 perit
1036 1020 1201 1067 irritus
1227 1019 1358 1066 anni.

102 1093 150 1140 N
154 1110 211 1142 ec
231 1097 356 1144 coelo
381 1104 616 1145 contenta
639 1114 728 1147 suo
753 1096 782 1144 J
788 1097 891 1144 ovis
916 1097 1014 1144 ira:
1055 1096 1144 1144 sed
1169 1097 1308 1143 illum

103 1170 357 1220 Caeruleus
381 1173 531 1222 frater
549 1175 690 1238 juvat
714 1175 1034 1222 auxiliaribus
1061 1174 1224 1221 undis.
1386 1175 1482 1220 275

142 1333 216 1364 264.
241 1333 382 1375 Notum]
410 1334 507 1366 Notus
528 1341 574 1367 est
589 1337 687 1372 Deus,
703 1348 756 1368 cu-

96 1380 149 1423 jus
182 1382 294 1414 faciem
325 1384 535 1415 truculentam
569 1385 760 1417 exhibebant

100 1431 250 1473 pictores:
275 1431 338 1464 vid.
359 1433 511 1475 Spencius
531 1434 654 1476 Polym.
673 1435 760 1466 Dial.

100 1480 166 1512 xiii.
190 1487 284 1523 atque
308 1481 403 1513 etiam
426 1483 456 1513 h.
476 1483 498 1514 l.
519 1483 594 1514 satis
620 1486 762 1516 terribilis

100 1537 238 1573 apparet.
282 1532 377 1563 Hunc
391 1532 517 1569 emittit,
535 1533 609 1574 quia
623 1534 762 1576 pluviam

100 1580 246 1618 concitat,
262 1582 345 1613 unde
368 1583 508 1614 humidus
528 1589 559 1614 et
571 1585 693 1623 pluvius
714 1585 760 1616 dr.

100 1629 212 1672 Itaque
228 1635 260 1661 et
274 1630 307 1661 in
322 1631 382 1662 hac
395 1631 602 1674 descriptione
618 1633 759 1675 allegori-

100 1690 148 1716 ca,
169 1690 269 1722 eaque
284 1680 556 1717 excellentissima,
572 1692 679 1713 omnes
693 1683 760 1725 ejus

98 1734 202 1771 partes
221 1732 348 1761 madidae
368 1736 400 1761 et
423 1731 600 1772 caliginosae.
645 1732 683 1762 In
706 1742 759 1763 ea-

100 1778 171 1810 dem
194 1780 323 1810 observa
342 1780 437 1810 etiam
454 1790 581 1821 gravem
596 1781 760 1811 verborum

100 1838 230 1858 sonum:
260 1830 374 1870 gravis,
404 1834 544 1870 gravata,
574 1829 696 1866 referta,
726 1835 761 1860 ut

99 1887 164 1908 ver.
181 1878 257 1908 443.
303 1877 423 1914 Sedent,
443 1884 612 1920 apparent:
636 1879 671 1910 ii.
688 1880 760 1910 774.

99 1929 179 1958 sedet
193 1929 226 1958 in
241 1938 290 1958 ore
303 1928 415 1967 pallor.
461 1928 580 1959 Rorant
594 1930 693 1970 poetis
708 1940 757 1967 ea,

101 1976 186 2007 unde
211 1987 306 2019 aqua,
337 1977 431 2008 etiam
465 1978 603 2020 copiosa,
629 1978 758 2010 defluit:

102 2034 163 2056 ver.
179 2027 254 2057 339.
299 2026 401 2062 Sinus,
419 2031 538 2068 pectus.

143 2075 220 2105 268.
245 2075 359 2106 Pressit
388 2086 543 2116 aquarum
569 2075 759 2108 descenden-

102 2122 179 2154 tium
194 2123 315 2165 copiam
329 2123 460 2155 indicat.
505 2124 630 2157 Pressit.
653 2126 761 2157 Veluti

101 2171 263 2213 spongiam
287 2172 423 2204 ebriam:
449 2174 523 2210 lata,
549 2174 624 2215 quia
650 2175 761 2214 Deus3

102 2220 174 2252 Diis
188 2221 270 2252 enim
285 2232 399 2263 magna
412 2223 552 2253 membra
568 2223 759 2255 tribuuntur:

98 2272 260 2310 pendentia
275 2282 292 2301 e
304 2271 349 2302 rei
364 2276 484 2302 natura.
521 2271 632 2314 virgil.
649 2273 763 2315 Georg.

101 2319 124 2351 i.
140 2321 204 2351 214
217 2332 226 2358 ;
250 2322 357 2352 nubila
368 2323 510 2361 pendent.

145 2370 219 2401 271.
242 2370 330 2411 Iris]
355 2371 403 2402 Ea
422 2376 557 2413 tempore
572 2370 678 2413 pluvio
697 2382 763 2403 cor-

103 2418 194 2450 nibus
214 2418 278 2450 suis
298 2429 397 2461 aquas
415 2419 538 2450 haurire
560 2420 761 2451 credebatur:

103 2466 167 2499 vid.
189 2467 293 2499 Cerda
320 2468 360 2499 ad
385 2468 474 2509 Virg.
499 2469 615 2510 Georg.
640 2469 662 2500 i.
690 2470 763 2500 380.

106 2516 242 2556 Concipit
272 2516 457 2560 exquisitius
493 2528 598 2559 quarn,
632 2518 763 2559 colligit.

105 2566 178 2596 Non
198 2567 278 2597 bene
299 2573 404 2597 autem
423 2567 481 2597 hoc
503 2567 595 2597 Iridis
615 2567 765 2598 auxilium

105 2620 153 2645 est
166 2615 333 2646 insertum:
359 2626 454 2657 quum
470 2616 552 2646 enim
574 2622 655 2646 terra
676 2616 766 2657 aquis

105 2664 265 2695 obruenda
282 2670 373 2701 esset,
389 2675 450 2696 non
466 2665 601 2696 debebat
616 2664 674 2696 Iris
692 2665 766 2696 inde

107 2723 204 2754 aquas
218 2713 352 2744 haurire.

148 2762 222 2792 272.
267 2763 454 2794 Sternuntur
475 2770 592 2805 segetes,
607 2763 684 2802 etc.]
717 2763 766 2794 Cf.

150 2811 249 2842 VOL.
265 2811 330 2843 III.

827 1337 956 1367 Homer.
993 1336 1032 1367 Il.
1078 1339 1112 1367 E.
1149 1336 1214 1374 923
1261 1334 1350 1375 Virg.
1391 1333 1422 1363 d.
1467 1333 1489 1363 l.

827 1387 900 1417 325.
928 1392 959 1417 et
988 1387 1063 1417 AEn.
1092 1385 1123 1416 ii.
1148 1386 1222 1416 496.
1251 1385 1326 1414 305.
1358 1382 1489 1423 Singula

828 1436 922 1466 verba
943 1435 1065 1466 delecta
1089 1440 1162 1465 sunt
1186 1433 1225 1465 ad
1250 1431 1489 1464 misericordiam

829 1484 1095 1514 commovendam.
1139 1484 1215 1514 Sata
1243 1487 1393 1513 vocantur
1420 1487 1489 1512 vota

830 1534 936 1568 coloni,
965 1543 1034 1574 quae
1072 1543 1155 1563 nunc
1187 1533 1295 1573 jacent
1321 1532 1488 1570 deplorata,

831 1582 943 1623 quibus
964 1582 1100 1613 succurri
1119 1581 1204 1612 nullo
1224 1580 1362 1612 remedio
1377 1586 1490 1621 potest.

831 1632 890 1662 Per
920 1633 1040 1672 longum
1069 1641 1184 1661 annum
1217 1629 1332 1660 multos
1366 1628 1490 1659 labores

827 1680 1036 1710 exhauserunt
1068 1679 1190 1718 coloni;
1226 1678 1292 1715 sed,
1323 1683 1490 1720 postquam

828 1729 881 1760 diu
922 1735 1140 1771 exspectarunt
1182 1729 1303 1769 largam
1344 1737 1490 1763 messem,

828 1778 928 1809 omnis
952 1778 1005 1809 ille
1035 1779 1116 1809 labor
1148 1780 1254 1810 irritus
1277 1779 1374 1817 perit.-
1407 1777 1490 1806 labor

828 1830 902 1858 anni
929 1834 975 1858 est
998 1827 1092 1858 etiam
1117 1827 1204 1868 Virg.
1221 1827 1335 1867 Georg.
1359 1825 1392 1856 ii.
1416 1825 1490 1856 514.

828 1876 881 1908 ubi
917 1877 1024 1918 Heyn.
1054 1876 1199 1917 intelligit
1232 1880 1416 1918 proventum
1451 1884 1490 1905 ex

827 1926 934 1958 labore
956 1936 1070 1957 annuo.
1114 1925 1218 1956 Etiam
1239 1924 1322 1955 Plin.
1344 1924 1422 1954 Pan.
1438 1924 1491 1955 81.

828 1978 992 2017 agrestium
1022 1977 1104 2006 labor
1129 1986 1165 2006 eo
1194 1985 1298 2009 sensu,
1326 1979 1380 2005 aut
1408 1978 1491 2004 certe

827 2024 888 2066 ipsi
921 2025 986 2066 agri
1022 2024 1226 2066 agricolarum
1262 2023 1368 2054 labore
1405 2022 1493 2052 culti.

828 2073 890 2104 Sed
914 2073 947 2104 h.
966 2073 987 2104 l.
1003 2083 1043 2104 ne
1064 2073 1148 2104 idem
1169 2081 1214 2104 ter
1229 2072 1362 2108 dicatur,
1378 2071 1492 2102 rectius

829 2123 868 2154 de
883 2123 989 2154 labore
1005 2133 1059 2164 per
1074 2132 1190 2153 annum
1206 2122 1357 2153 exhausto
1377 2121 1493 2163 capies.

828 2171 918 2203 Alias
941 2173 1050 2202 labores
1076 2173 1160 2202 boum
1185 2176 1238 2201 aut
1260 2171 1433 2201 mortalium
1458 2169 1490 2199 in

829 2221 980 2252 similibus
1014 2220 1274 2262 descriptionibus
1306 2229 1491 2250 commemo-

828 2275 946 2301 rantur.
994 2270 1101 2300 Annus
1135 2279 1190 2311 pro
1227 2268 1356 2299 consilio
1392 2272 1492 2309 poetae

830 2330 901 2350 mox
913 2319 1026 2350 dicitur
1038 2320 1142 2355 brevis,
1153 2329 1224 2349 mox
1242 2319 1358 2360 longus,
1374 2323 1408 2348 ut
1421 2318 1471 2348 h.l
1485 2330 1493 2356 ;

832 2374 886 2399 aut
901 2379 1039 2410 magnus,
1057 2370 1133 2399 AEn.
1146 2368 1190 2398 iii.
1206 2369 1280 2398 284.

875 2419 949 2448 274.
973 2418 1060 2458 Sum]
1088 2417 1180 2455 Quod
1196 2417 1224 2447 ei
1240 2416 1370 2457 contigit
1386 2416 1419 2447 in
1439 2426 1492 2446 no-

831 2466 952 2498 tissima
965 2466 1020 2498 illa
1036 2466 1145 2497 mundi
1161 2465 1322 2497 divisione.
1359 2467 1405 2497 Eo
1419 2477 1493 2496 con-

832 2522 937 2547 tentus
958 2517 1015 2547 fuit
1035 2516 1207 2547 secundum
1228 2515 1376 2557 Apollod.
1397 2517 1425 2546 I.
1441 2516 1493 2548 vii.

831 2567 862 2596 2.
878 2565 992 2602 Pluvii,
1013 2565 1131 2601 ὑετίου,
1152 2565 1301 2607 ὀμβρίου,
1318 2565 1401 2595 Jovz's
1423 2575 1490 2606 spe-

833 2615 896 2646 cies
915 2615 1009 2646 etiam
1033 2615 1064 2646 in
1088 2615 1223 2646 nummis
1243 2614 1394 2645 occurrit:
1421 2614 1493 2645 vide

833 2665 1002 2706 Spanhem.
1026 2664 1066 2694 ad
1089 2664 1249 2705 Aristoph.
1267 2663 1354 2694 Nub.
1371 2675 1400 2694 v.
1416 2664 1491 2694 370.

876 2714 949 2744 275.
982 2713 1092 2743 Frater
1121 2714 1274 2748 coeruleus,
1311 2712 1492 2754 Neptunus.

835 2762 950 2793 Omnia
963 2762 1057 2798 enim,
1074 2773 1144 2803 quae
1161 2761 1192 2792 in
1208 2762 1284 2792 mari
1300 2767 1382 2798 sunt,
1395 2761 1494 2803 poetis

964 2813 987 2841 F
