1763 3181
208 195 292 236 224

599 197 648 237 P.
683 195 893 237 OVIDII
928 195 1204 236 NASONIS

214 310 318 357 Hos
348 311 509 374 operis
535 310 741 357 comites
766 309 939 357 habuit
967 309 1200 357 Sidonius
1225 310 1435 372 hospes;

212 387 377 442 Quum
399 387 565 450 posuit
575 388 767 450 jussam
789 386 1023 434 Phoebeis
1043 387 1256 434 sortibus
1276 387 1465 433 urbem.
1499 388 1590 432 130

278 464 348 511 II.
386 464 499 511 Jam
525 465 726 511 stabant
749 463 964 511 Thebae:
1003 470 1200 527 poteras
1233 465 1352 526 jam,
1381 462 1589 518 Cadme,

213 542 375 589 Exilio
395 541 541 599 felix3
571 541 726 589 soceri
746 541 835 588 tibi
859 540 1097 604 Marsque
1112 540 1384 603 Venusque
1417 539 1592 602 [videri

213 619 565 681 Contigerant:
605 619 700 665 huc
727 618 854 665 adde
879 634 1034 680 genus
1060 619 1122 665 de
1143 619 1355 681 conjuge
1378 624 1531 671 tanta,

211 696 306 743 Tot
330 702 773 758 natos,‘natasque,
801 701 865 750 et,
892 695 1101 758 pignora
1124 711 1254 751 cara,
1282 702 1507 758 nepotes,

211 883 319 920 postea
333 888 490 908 accessere
512 877 640 909 Thebae.
656 877 770 909 Confer
785 878 867 908 Pau-

210 939 276 959 san.
300 929 404 959 Boeot.
420 938 450 969 p.
465 928 538 959 719.

258 978 515 1009 131—252.Jam
525 979 641 1007 stabant
656 976 787 1016 Therma]
803 977 867 1006 Ac-

212 1033 303 1063 taeon,
319 1026 432 1058 Cadmi
448 1037 486 1057 ex
498 1026 644 1057 Autonoe
658 1036 764 1067 ηεροδ,
779 1024 866 1056 Aris-

212 1076 262 1107 taei
278 1076 370 1113 filius,
385 1077 424 1107 ob
439 1075 537 1107 visam
553 1076 619 1107 sine
632 1080 717 1106 veste
731 1075 870 1105 Dianam

211 1125 242 1156 in
258 1136 383 1156 cervum
400 1131 548 1161 mutatus,
564 1136 582 1156 a
597 1125 660 1155 suis
674 1124 770 1165 ipsius
785 1125 870 1154 cani-

213 1176 270 1206 bus
285 1175 459 1216 discerptus
471 1180 530 1205 est.
555 1174 662 1216 Eurip.
675 1173 795 1204 Bacch.
808 1174 871 1205 337

211 1236 301 1266 sqq.;
333 1225 460 1256 Callim.
483 1225 560 1255 Lav.
578 1224 659 1254 Pall.
677 1225 757 1261 1083
789 1223 872 1254 Pau-

213 1283 281 1304 san.
296 1273 338 1304 ix.
360 1284 391 1314 p.
404 1273 466 1304 714
488 1279 519 1304 et
535 1273 595 1303 787
610 1285 619 1311 ;
643 1271 790 1313 Apollod.
809 1272 872 1304 ΙΙΙ.

212 1323 253 1354 iv.
269 1323 310 1361 4;
342 1323 459 1364 Hygin.
481 1322 558 1353 Fab.
577 1323 645 1358 180,
664 1322 720 1352 181
739 1333 747 1359 ;
782 1321 871 1363 Fulg.

214 1372 351 1414 Mythol.
366 1371 409 1402 iii.
423 1373 442 1402 3
457 1383 465 1410 3
488 1371 597 1402 Senec.
613 1371 717 1413 OEdip.
733 1372 805 1402 751.
820 1371 871 1402 Ab

213 1421 261 1452 his
276 1420 446 1452 Acusilaus
461 1426 492 1452 et
507 1419 698 1451 Stesichorus
718 1420 780 1451 fab.
797 1430 870 1451 auc-

214 1476 294 1501 tores
308 1470 486 1501 laudantur.
530 1470 579 1501 Ac
593 1470 647 1501 ille
663 1469 789 1511 quidem
804 1481 870 1511 poe-

214 1530 286 1551 nam
301 1519 420 1550 illatam
443 1530 461 1550 a
480 1520 560 1551 Jove
581 1519 756 1561 repetierat.
771 1519 872 1561 indig-

214 1574 318 1605 nante,
335 1568 417 1610 quod
433 1569 566 1599 Actaeon
588 1568 732 1599 Semelen
746 1579 873 1599 uxorem

215 1617 374 1659 petiisset3
406 1617 531 1660 plurimi
552 1628 624 1648 vero
647 1627 665 1648 a
690 1617 807 1654 Diana,
822 1618 872 1649 vel

216 1667 298 1709 quod
320 1667 373 1698 ille
399 1667 516 1698 nudam
541 1667 681 1703 vidisset,
705 1666 768 1703 vel,
790 1667 874 1709 quod

216 1716 379 1759 Euripides
401 1722 552 1758 sequutus
568 1722 624 1753 est,
640 1728 672 1748 se
693 1717 724 1747 in
739 1717 873 1748 venandi

213 1771 278 1796 arte
307 1765 493 1807 praetulisset
520 1766 609 1797 Deae.
664 1765 875 1797 Anaximenes

215 1815 297 1856 apud
314 1815 513 1855 Fulgentium
525 1820 700 1856 putaverat,
712 1814 875 1851 Actaeona,

216 1862 349 1904 cognitis
366 1862 537 1894 venationis
559 1863 716 1905 periculis,
732 1863 876 1894 timidum

217 1923 284 1943 esse
299 1911 428 1948 factum,
444 1917 593 1953 tanquam
610 1922 745 1948 cervum,
759 1912 876 1943 studio-

217 1972 278 2003 que
320 1971 433 1992 canum
479 1961 661 1991 alendarum
704 1961 873 1992 decoxisse.

216 2010 373 2041 Posterius
387 2009 481 2040 etiam
496 2010 592 2041 Theo.
603 2010 697 2052 Soph.
709 2011 876 2052 Progymu.

216 2070 287 2101 cap.
310 2060 343 2090 6.
367 2064 399 2089 et
421 2058 561 2101 Palaepli.
577 2060 608 2089 3.
635 2059 769 2101 amplexi
793 2067 876 2097 sunt,

216 2114 246 2139 et
263 2109 362 2139 solent
373 2119 446 2150 opes
456 2108 590 2139 hominis
608 2110 716 2139 viscera
728 2109 793 2150 ejus
802 2108 876 2140 dici.

218 2157 348 2189 Heroid.
364 2157 383 2189 i.
398 2159 461 2188 90:
492 2157 610 2189 Viscera
631 2164 730 2188 nostra
753 2165 809 2188 turs
828 2160 874 2190 ‹li-

216 2209 376 2238 laniantur
389 2219 471 2247 opes.-
496 2207 558 2237 vid.
573 2207 612 2237 ad
628 2207 672 2237 ix.
690 2207 760 2238 194.
784 2208 874 2239 Forte

215 2257 347 2288 Actaeon
364 2257 444 2287 inter
455 2256 631 2288 venandum
648 2261 702 2287 aut
716 2267 734 2287 a
745 2257 875 2289 canibus

216 2306 385 2337 dilaniatus
409 2311 466 2342 est,
491 2311 546 2336 aut
571 2305 632 2336 alio
657 2305 748 2336 modo
772 2306 875 2347 periit.

214 2356 253 2386 Id
269 2355 308 2386 ad
324 2355 436 2385 Dianae
451 2354 528 2385 iram
540 2354 740 2385 referebatur.
763 2355 875 2385 Trans-

215 2404 287 2440 itus‚
304 2403 336 2434 in
351 2414 412 2445 quo
427 2409 518 2445 poeta
529 2403 568 2433 de
585 2402 697 2434 Cadmi
712 2409 791 2434 sorte
806 2404 875 2445 phi-

214 2452 406 2495 losophatur,
421 2452 529 2483 addita
543 2453 696 2484 sententia
710 2453 807 2494 gravi.
836 2454 878 2485 Et

214 2503 281 2545 jam
300 2502 429 2532 Pindar.
443 2502 481 2532 P.
498 2502 541 2532 iii.
561 2503 630 2533 163.
644 2503 874 2539 observaverat,

218 2563 279 2583 non
293 2551 425 2583 solidam
440 2550 486 2581 illi
502 2551 667 2593 contigisse
683 2551 877 2583 felicitatem.

219 2602 293 2632 Non
318 2601 400 2632 male
429 2600 479 2632 liic
509 2601 695 2642 apostrophe
724 2601 876 2638 adhibita,

218 2661 282 2692 qua
296 2650 416 2681 Cadmo
430 2650 513 2681 bona
527 2661 583 2681 sua
598 2656 779 2692 partemque
792 2651 877 2682 cala-

219 2700 335 2730 mitatis
347 2706 508 2730 enumerat
518 2705 620 2742 poeta,
632 2706 724 2742 atque
737 2700 782 2731 ita
793 2711 875 2731 com-

220 2747 310 2779 mode
333 2748 395 2778 sab.
411 2754 625 2790 argumentum
649 2748 803 2791 proponit,
821 2750 874 2780 ad—

935 877 1001 908 dito
1032 877 1152 920 judicio
1177 887 1242 913 suo,
1272 886 1333 918 quo
1363 875 1452 917 quasi
1481 875 1597 905 solatur

937 927 1104 959 Cadmum.

983 976 1053 1006 132.
1078 975 1195 1016 Felix]
1244 975 1281 1005 In
1307 975 1400 1005 Orac.
1427 973 1493 1004 Καὶ
1517 972 1595 1014 σύγε

936 1025 972 1057 ἐν
985 1024 1171 1064 ἀνθρώποις
1185 1023 1404 1066 ὀνομάκλυτος
1419 1023 1525 1053 ἔσσεαι
1541 1021 1597 1052 αὖ·

937 1086 986 1112 τις
999 1072 1193 1105 ’ΛΘανάτων
1205 1072 1327 1114 λεχέων
1341 1070 1596 1111 ἀντήσας,ὔλβιε

940 1122 1062 1165 Κάδμε.
1108 1122 1146 1153 Id
1168 1122 1270 1164 ipsum
1293 1121 1332 1152 de
1358 1121 1428 1163 ejus
1449 1119 1597 1151 felicitate

938 1171 1119 1214 disputandi
1138 1171 1333 1203 occasionem
1353 1170 1498 1212 praebuit.
1545 1169 1598 1199 So-

939 1223 998 1252 ceri
1018 1222 1070 1252 tibi
1093 1221 1187 1251 Mars.
1234 1219 1373 1251 Cadmus
1396 1218 1599 1250 Harmoniam

939 1271 1012 1311 (sic.
1028 1281 1088 1301 non
1111 1269 1312 1306 Hermionen,
1328 1275 1362 1300 ut
1381 1268 1509 1310 quidam
1531 1278 1599 1298 cor-

939 1326 1028 1362 rupte
1055 1319 1221 1359 exhibent)
1251 1319 1394 1354 duxerat,
1428 1317 1539 1347 Martis
1568 1322 1600 1347 et

943 1369 1063 1399 Veneris
1083 1368 1190 1405 fillam,
1214 1369 1328 1410 quibus
1354 1367 1471 1409 nuptiis
1494 1376 1601 1397 omnes

940 1418 995 1448 Dii
1023 1419 1238 1454 interfuerant,
1267 1429 1407 1461 quasque
1435 1418 1538 1448 Musae
1567 1421 1600 1447 et

939 1468 1057 1498 Gratiae
1073 1467 1262 1499 carminibus
1277 1469 1341 1499 suis
1355 1468 1600 1498 celebraverant.

939 1516 1080 1559 Euripid.
1103 1517 1216 1548 Phoen,
1237 1528 1300 1548 ver.
1317 1518 1347 1547 7.
1369 1516 1475 1558 ibique
1495 1514 1599 1545 Schol.

940 1565 1072 1596 Hesiod.
1092 1565 1210 1607 Theog.
1221 1576 1285 1597 ver.
1295 1566 1370 1597 936.
1381 1565 1463 1603 974;
1481 1564 1600 1605 Theog-

940 1625 1005 1645 ver.
1036 1617 1093 1653 15,
1132 1616 1270 1647 Pausan.
1301 1627 1334 1658 p.
1365 1616 1428 1646 719
1457 1620 1488 1645 et
1516 1614 1600 1652 7343

940 1663 1090 1706 Apollod.
1106 1664 1137 1694 d.
1149 1664 1172 1695 1.

989 1715 1058 1744 134.
1085 1714 1139 1744 Tot
1163 1724 1223 1744 non
1247 1713 1287 1744 ad
1310 1724 1406 1744 unum
1430 1718 1525 1748 natos,
1544 1711 1600 1743 sed

942 1762 982 1792 ad
1002 1769 1085 1793 natos
1106 1769 1248 1803 natasque
1263 1762 1451 1804 conjunctim
1466 1761 1602 1792 referen-

941 1810 1026 1842 dum.
1072 1812 1172 1842 Natus
1193 1812 1275 1842 enim
1301 1823 1362 1843 non
1387 1811 1445 1841 nisi
1473 1807 1565 1841 unus¹
1583 1820 1602 1840 a

941 1860 1060 1890 caeteris
1097 1860 1297 1902 scriptoribus
1332 1865 1600 1895 commemoratur,

941 1909 1125 1951 Polydorus,
1158 1910 1211 1952 qui
1241 1910 1390 1941 successit
1419 1910 1540 1942 Cadmo
1567 1909 1601 1940 in

941 1958 1081 2000 imperio.
1129 1959 1226 1991 Natus
1251 1966 1355 1991 autem
1384 1959 1494 1990 habuit
1523 1970 1601 2001 qua-

941 2014 1020 2044 tuor,
1044 2008 1221 2045 Autonoen,
1246 2010 1314 2046 Ino,
1338 2009 1493 2045 Semelen,
1516 2009 1603 2050 Aga-

943 2068 1012 2088 ven.
1049 2058 1106 2088 Ino
1123 2058 1227 2100 nupsit
1242 2058 1439 2094 Athamanti,
1459 2058 1602 2090 Autonoe

944 2106 1089 2143 Aristaeo,
1105 2108 1215 2149 Agave
1230 2108 1362 2139 Echioni
1377 2120 1384 2146 3
1408 2108 1530 2139 Semele
1546 2118 1602 2139 au-

944 2162 1005 2187 tem
1022 2168 1092 2188 curn
1109 2159 1187 2189 Jove
1204 2168 1266 2188 rem
1283 2158 1410 2189 habuit:
1435 2157 1501 2188 vid.
1518 2158 1603 2188 Pau-

943 2216 1009 2236 san.
1025 2213 1057 2237 et
1070 2207 1218 2248 Apollod.
1234 2208 1265 2238 d.
1277 2207 1299 2239 l.
1316 2209 1342 2238 E
1364 2209 1517 2248 nepotibus
1538 2217 1603 2239 me-

942 2256 1108 2287 morabiles
1122 2263 1195 2287 sunt
1208 2268 1271 2298 prae
1287 2257 1408 2288 caeteris
1421 2257 1601 2294 Melicerta,

943 2304 1099 2342 Bacchus,
1116 2306 1286 2342 Pentheus,
1305 2312 1336 2337 et
1350 2306 1400 2337 hic
1416 2307 1482 2349 ipse
1496 2306 1605 2338 miser-

942 2353 1038 2384 rimus
1064 2355 1207 2386 Actaeon.
1251 2356 1384 2386 Solenne
1414 2361 1517 2386 autem
1546 2363 1604 2393 est,

941 2402 1056 2433 liberos
1070 2409 1134 2440 aut,
1151 2410 1185 2435 ut
1200 2404 1231 2434 h.
1243 2404 1264 2435 1.
1281 2411 1395 2445 nepotes
1412 2415 1520 2435 vocare
1534 2406 1602 2446 pig-

943 2463 1017 2483 nora
1047 2453 1160 2494 quibus
1189 2459 1352 2495 parentum
1378 2459 1409 2485 et
1437 2454 1604 2485 liberorum

943 2511 1029 2532 amor
1057 2501 1227 2533 arctissime
1259 2502 1488 2543 constringitur.
1544 2503 1603 2533 Ju-

943 2561 1039 2587 venes,
1055 2556 1148 2592 atque
1163 2552 1242 2582 adeo
1260 2551 1327 2593 jam
1342 2557 1489 2593 spectatae
1506 2552 1603 2582 virtu-

944 2599 993 2631 tis.
1039 2599 1172 2630 Scilicet.
1198 2600 1338 2637 Ponitur,
1359 2611 1456 2641 quum
1478 2605 1602 2630 senten-

945 2650 995 2680 tiae
1024 2650 1232 2691 proferuntur.
1277 2650 1424 2691 Sequitur
1451 2649 1605 2681 sententia

945 2698 1066 2730 Solonis
1087 2699 1126 2730 ad
1143 2700 1286 2731 Croesum
1308 2699 1477 2741 (Herodot.
1495 2699 1517 2729 i.
1532 2699 1603 2738 32.)

945 2759 1039 2789 quam
1068 2755 1286 2791 expresserunt
1320 2749 1423 2780 multi.
1459 2748 1601 2790 Euripid.
