1763 3181
195 168 279 209 480

583 164 631 203 Ρ.
665 162 775 204 OVI
789 161 877 202 Dll
911 161 1190 203 NASONIS

198 279 503 342 Cecropidas
519 276 672 332 ducit,
690 292 803 323 cum
823 275 936 338 quis
957 275 1102 320 simul
1123 274 1230 336 ipse
1245 273 1443 320 resedit.
1484 275 1573 319 671

195 356 393 419 Aspicit
418 353 646 401 AEoliden
671 353 839 414 ignota
863 367 925 398 ex
952 351 1124 397 arbore
1147 349 1332 396 factum

199 433 345 479 Ferre
372 446 519 477 manu
539 429 779 492 jaculum,
806 427 948 488 cujus
973 425 1066 472 fuit
1089 441 1238 472 aurea
1261 426 1447 488 cuspis.

198 507 365 555 Pauca
390 506 526 570 prius
551 504 726 552 mediis
751 501 1062 550 sermonibus
1087 501 1168 547 ille
1191 501 1456 563 loquutus;

201 590 232 610 “
262 584 384 630 Sum
417 595 674 629 nemorum
708 577 1009 632 studiosus‚”
1044 576 1128 632 ait,
1164 581 1194 600 “
1221 576 1475 638 caedisque
1512 574 1580 622 fe-

199 660 313 715 Qua
335 666 502 706 tamen
527 674 554 705 e
580 658 703 704 silva
726 663 897 703 teneas
919 653 1097 702 hastile
1121 653 1350 710 recisum,
1412 653 1579 715 [rinae:

195 736 501 784 Jamdudum
527 734 728 781 dubito:
767 740 918 787 certe,
946 731 985 778 si
1011 730 1231 778 fraxinus
1257 737 1406 786 esset,

197 813 353 860 Fulva
371 813 534 859 colore
557 810 710 858 foret:
750 811 791 856 si
816 824 1012 863 cornus,
1038 807 1197 854 nodus
1222 805 1434 853 inesset:

200 889 347 936 Unde
373 889 438 936 sit
457 888 655 950 ignoro3
695 886 785 933 sed
810 901 907 932 non
931 883 1190 931 formosius
1212 883 1306 929 isto

196 964 442 1012 Viderunt
466 963 595 1010 oculi
621 962 775 1009 telum
794 960 1064 1024 jaculabile
1089 958 1295 1006 nostri.''

1485 959 1583 1004 680

198 1040 403 1104 Excipit
426 1039 613 1086 Actaeis
639 1055 666 1085 e
690 1037 922 1085 fratribus
948 1037 1098 1084 alter:
1138 1043 1203 1090 et,
1233 1040 1262 1058 “
1287 1049 1428 1081 usum

196 1115 441 1179 Majorem
466 1115 635 1179 specie
659 1112 951 1169 mirabere,”
975 1111 1118 1168 dixit,
1148 1117 1178 1135 “
1201 1111 1251 1158 in
1275 1111 1386 1157 isto.
1449 1110 1582 1171 [sum

198 1191 550 1255 Consequitur,
573 1191 909 1253 quodcunque
934 1189 1087 1252 petit3
1124 1187 1441 1248 Fortunaque
1465 1184 1582 1232 mis-

199 1268 247 1315 N
251 1284 314 1315 on
340 1268 492 1330 regit3
522 1274 572 1315 et
596 1267 796 1322 revolat,
824 1266 961 1313 nullo
987 1264 1244 1319 referente,
1271 1261 1583 1310 cruentum.’'

196 1343 321 1391 Tam
346 1359 459 1390 vero
479 1342 676 1405 juvenis
704 1342 916 1390 Nereius
942 1341 1106 1387 omnia
1130 1338 1335 1402 quaerit:

199 1523 315 1560 partes.
354 1519 392 1548 ln
412 1519 568 1548 interiores
588 1522 619 1547 et
640 1517 760 1547 intimas
785 1526 859 1546 sece-

195 1568 315 1602 debant,
345 1565 400 1607 qui
428 1564 549 1606 aliquid
585 1564 690 1595 arcani
725 1568 858 1595 tractare

198 1614 338 1653 vellent3
371 1613 488 1650 Livius,
519 1614 561 1644 xl.
591 1614 631 1644 8:
669 1612 789 1643 Secessit
826 1614 857 1643 in

196 1670 312 1703 partem
337 1665 506 1694 interiorem
529 1673 597 1693 cnm
620 1663 734 1692 amicis.
777 1660 857 1692 Inde

195 1723 318 1744 secessus
348 1717 402 1743 aut
427 1722 565 1747 recessus,
593 1711 615 1741 i.
644 1711 714 1741 177.
760 1710 857 1741 Erant

196 1763 399 1800 spatiosiores:
425 1760 549 1791 Vitruv,
573 1760 616 1790 vi.
643 1761 684 1790 8:
712 1759 856 1800 AEdificia

196 1812 368 1849 spatiosiora
383 1811 422 1840 ad
436 1815 595 1840 conventus
610 1809 803 1847 excipiendos.

240 1858 314 1889 672.
340 1857 512 1897 AEoLidem]
539 1857 621 1887 Vide
649 1856 689 1887 ad
712 1856 754 1888 vi.
779 1857 855 1887 681.

197 1907 309 1948 Ignota
321 1919 333 1945 ;
357 1906 495 1948 quidam,
512 1908 632 1948 ignara,
648 1904 732 1947 quod
749 1910 781 1936 et
804 1915 855 1935 ac-

196 1956 260 1987 tive
289 1961 320 1986 et
349 1954 472 1996 passive
491 1952 554 1985 dici
583 1953 676 1985 docet
703 1953 743 1985 ad
771 1953 855 1984 hunc

196 2005 299 2036 locum
319 2003 479 2035 Heinsius.
524 2003 648 2033 Nostris
673 2001 792 2043 Regiis,
809 2005 855 2043 ig·

198 2059 279 2083 nota.
323 2052 493 2089 Jaculnm;
524 2051 666 2082 videmus
702 2051 773 2082 hinc
806 2051 856 2092 ja-

197 2101 270 2131 cula
297 2110 364 2131 esse
397 2106 520 2141 gestata
546 2100 640 2131 etiam
666 2101 706 2131 ab
734 2099 772 2130 iis
802 2099 857 2140 qui

197 2159 303 2190 regem
326 2148 459 2180 adirent.
507 2149 620 2184 Aurea,
645 2153 765 2183 aurata,
783 2157 857 2178 auro

197 2202 329 2236 ornata3
360 2207 434 2228 nam
462 2207 557 2228 aurea
585 2197 691 2238 cuspis
720 2206 781 2227 non
804 2206 857 2227 va-

195 2246 305 2277 luisset
328 2246 360 2276 in
384 2246 474 2282 feras,
490 2251 525 2277 ut
548 2244 642 2276 etiam
658 2245 856 2275 Burmannus

197 2300 316 2331 monet,
329 2294 382 2336 qui
399 2294 506 2325 mallet
521 2294 579 2324 hoc
593 2294 661 2324 loco
671 2304 764 2325 cenea.
788 2294 854 2324 Me-

195 2345 240 2374 dii
253 2354 407 2380 sermones,
423 2354 442 2374 a
464 2344 554 2374 rebus
574 2342 607 2372 in
620 2341 722 2373 medio
737 2341 854 2383 positis,

199 2391 376 2432 vulgaribus
392 2390 493 2432 petiti.
531 2391 600 2424 Qua
616 2396 714 2420 tamen
727 2400 741 2420 e
755 2390 852 2426 silva,-

196 2449 214 2470 e
237 2449 299 2480 quo
322 2439 416 2480 ligno.
463 2439 579 2469 Nodos.
611 2436 742 2474 Plinius,
772 2438 854 2470 Hist.

197 2488 277 2518 Nat.
294 2487 358 2518 xvi.
375 2488 428 2518 39.
452 2486 552 2517 Fatua
577 2497 685 2516 cornus
708 2487 741 2515 in
768 2496 854 2516 vena-

197 2536 273 2566 bulis
306 2537 392 2571 nitet,
418 2537 557 2565 incisuris
592 2536 703 2564 nodata
735 2532 855 2573 propter

196 2586 337 2614 decorem.
388 2584 491 2614 Telum
503 2585 686 2623 jaculabile,
700 2582 853 2624 jaculum.

197 2632 265 2662 Hoc
277 2642 401 2673 quoque
414 2631 599 2663 vocabulum
615 2631 764 2671 originem
776 2631 852 2662 Ovi-

197 2680 248 2712 <lio
277 2680 389 2711 debere
416 2681 548 2715 videtur,
578 2687 609 2710 ut
637 2681 810 2715 dubitabile,
834 2679 852 2710 i.

1486 1340 1583 1385 685

927 1515 1001 1546 223.
1045 1514 1096 1544 Ab
1124 1512 1269 1554 Apollod.
1298 1512 1449 1543 ἀκόντων
1474 1511 1583 1552 ἰθυβό-

924 1565 987 1595 λον
1003 1567 1144 1594 vocatur.

968 1612 1042 1643 682.
1071 1611 1163 1642 Usum
1179 1612 1211 1641 in
1226 1612 1294 1647 isto,
1307 1620 1397 1641 usum
1410 1610 1489 1652 ejus,
1505 1609 1586 1641 Vide

925 1661 966 1692 ad
991 1672 1025 1692 x.
1041 1661 1117 1692 651.
1161 1659 1299 1690 Marian.
1324 1659 1457 1689 Accurs.
1484 1664 1586 1700 putat,

924 1709 981 1741 hoc
1005 1709 1148 1751 jaculum
1173 1708 1267 1739 fuisse
1293 1719 1330 1738 ex
1359 1707 1518 1749 aquifolia,
1545 1707 1586 1738 de

924 1768 987 1799 qua
1002 1758 1133 1794 Plinius,
1149 1757 1232 1788 xxiv.
1250 1759 1288 1788 13
1302 1770 1308 1787 :
1335 1757 1486 1788 Bac-ulum
1502 1756 1585 1798 (ipse

923 1806 1171 1849 conj.jaculum)
1187 1817 1218 1837 ei
1235 1806 1454 1847 eajhctum‚in
1465 1807 1587 1846 quodvis

924 1857 1038 1887 animal
1060 1857 1204 1890 emissum,
1219 1857 1334 1886 etiamsi
1348 1857 1427 1886 citra
1445 1857 1586 1886 ceciderit

924 1905 1044 1946 defectu
1059 1906 1216 1940 mittentis,
1232 1905 1326 1943 ipsam
1346 1914 1401 1943 per
1420 1915 1477 1936 sese
1498 1915 1587 1935 recu-

925 1954 990 1983 bita
1018 1954 1139 1992 propius
1162 1954 1280 1989 allabi,·
1317 1959 1377 1982 tam
1402 1955 1584 1994 praecipuam

924 2009 1068 2033 naturam
1084 2004 1173 2032 inesse
1187 2003 1297 2032 arbori.
1343 2001 1411 2032 Hoc
1430 2001 1586 2034 Procridis

918 2051 1061 2093 jaculum
1083 2048 1276 2091 (Πρόκριδος
1290 2049 1446 2091 ἀκόντια)
1468 2050 1501 2081 in
1514 2061 1584 2092 pro-

923 2099 1009 2131 verb.
1019 2098 1107 2135 abiit,
1119 2099 1294 2140 diciturque
1305 2098 1344 2129 de
1355 2098 1402 2135 iis,
1414 2099 1480 2140 qui,
1493 2099 1584 2142 quid-

924 2147 999 2189 quid
1016 2147 1074 2178 sibi
1089 2153 1276 2189 proponunt,
1293 2154 1509 2189 assequuntur.

967 2196 1040 2226 685.
1056 2195 1194 2232 Nereius,
1208 2195 1343 2232 Phocus,
1358 2207 1450 2237 quem
1465 2198 1585 2228 AEacus

923 2254 960 2274 ex
974 2244 1187 2280 I'sammaffle,
1197 2244 1292 2274 Nerei
1302 2244 1376 2280 filia,
1386 2251 1583 2286 susceperat:

923 2292 1109 2334 Apollonius
1125 2293 1229 2325 Rhod.
1244 2293 1264 2323 i.
1280 2294 1334 2325 93.
1359 2293 1425 2328 Qua
1440 2296 1584 2330 mercede,

924 2341 1014 2383 cujus
1038 2342 1190 2373 mercedis
1219 2341 1296 2372 loco.
1340 2343 1508 2373 Haeserunt
1532 2342 1583 2374 hic

921 2388 1114 2431 interpretes,
1128 2389 1204 2430 quia
1217 2389 1375 2432 Cephalus
1385 2390 1442 2421 hoc
1458 2401 1582 2432 quoque

921 2437 953 2468 in
977 2438 1179 2479 sequentibus
1201 2449 1323 2469 narrare
1348 2438 1386 2470 iis
1407 2438 1582 2470 videbatur.

924 2488 1038 2518 Verum
1053 2488 1106 2518 ille
1122 2498 1186 2519 ver.
1201 2489 1259 2518 751
1274 2498 1320 2529 sq.
1336 2487 1428 2519 refert
1443 2487 1580 2529 quidem,

922 2545 939 2565 a
965 2536 1111 2566 Procride
1138 2536 1195 2566 hoc
1217 2536 1359 2577 jaculum
1380 2535 1438 2567 sibi
1461 2535 1581 2573 datum,

921 2583 975 2614 sed
990 2596 1048 2624 ιμια
1071 2586 1202 2615 mercede
1223 2584 1304 2621 silet,
1322 2592 1376 2616 aut
1398 2584 1501 2626 potius
1523 2586 1578 2616 ob-

920 2642 1009 2662 scure
1037 2633 1136 2674 tangit
1161 2633 1262 2664 verbis
1285 2636 1386 2664 casam
1406 2636 1493 2673 prius
1515 2635 1583 2665 ulla

920 2682 1070 2717 pudorem.
1123 2680 1184 2711 Sed
1210 2681 1368 2721 quaeritur‚
1399 2692 1461 2723 quo
1489 2681 1580 2713 modo
