1763 3181
413 187 1031 232 METAMORPHOSEON
1065 186 1183 228 LIB.
1217 186 1281 227 II.

144 305 210 352 Et
231 305 552 368 cognoscenti
576 304 747 351 similis
770 302 889 350 fuit:
927 302 1008 349 ille
1033 300 1237 364 refugit3

1436 185 1518 227 183

1421 303 1512 347 501

144 381 482 445 Immotosque
505 382 674 429 oculos
700 381 749 427 in
773 396 826 427 se
851 380 957 427 sine
981 379 1078 426 fine
1102 384 1353 425 tenentem

145 458 358 506 Nescius
384 459 641 516 extimuit3
683 458 984 522 propiusque
1010 455 1247 503 accedere
1273 454 1437 501 aventi

142 534 385 582 Vulnifico
403 535 564 583 fuerat
587 535 775 582 fixurus
800 541 1001 598 pectora
1021 534 1138 580 telo.

142 610 318 659 Arcuit
341 613 668 677 omnipotens,
695 612 979 676 pariterque
1006 612 1241 674 ipsosque
1267 609 1506 672 nefasque

145 687 383 747 Sustulit;
424 697 474 737 et
496 689 643 737 celeri
668 694 836 752 raptos
861 704 948 752 per
972 687 1138 735 inania
1159 693 1307 734 vento

1426 688 1520 733 506

145 763 390 828 Imposuit
413 767 551 821 coelo,
578 765 837 828 vicinaque
864 765 1027 811 sidera
1050 763 1184 812 fecit.

211 841 452 889 Intumuit
474 842 621 899 Juno,
649 849 916 906 postquam
942 842 1068 888 inter
1093 841 1253 887 sidera
1279 839 1444 903 pellex

146 917 332 975 Fulsit3
373 926 423 966 et
447 919 508 966 ad
533 935 707 966 canam
732 919 991 966 descendit
1011 918 1060 963 in
1085 933 1284 980 aequora
1307 915 1522 979 Tethyn,

146 993 504 1059 Oceanumque
526 1012 722 1054 senem;
764 1012 974 1059 quorum
999 994 1272 1042 reverentia
1296 992 1448 1040 movit

147 1070 293 1135 Saepe
314 1071 477 1130 Deos3
507 1088 809 1135 causamque
831 1073 920 1119 viae
942 1072 1236 1119 scitantibus
1256 1070 1389 1117 infit:
1430 1072 1519 1117 511

146 1153 177 1171 “
205 1148 454 1210 Quaeritis,
482 1150 708 1198 aethereis
735 1166 888 1212 quare
914 1150 1083 1212 regina
1109 1148 1328 1195 Deorum

188 1297 262 1327 503.
285 1296 438 1337 Nescius]
466 1297 547 1328 Vide
558 1304 662 1328 notam
676 1297 717 1328 ad
729 1298 804 1329 496.

145 1347 267 1376 Aventi.
313 1347 419 1382 Avere,
440 1346 570 1376 verbum
595 1347 739 1378 Lucretio
758 1348 804 1377 fa-

145 1394 276 1431 miliare,
295 1400 422 1426 notante
445 1394 586 1432 Heinsio,
608 1396 806 1427 Burmannus

146 1443 283 1474 conferre
301 1444 393 1486 jubet
410 1443 547 1475 Bentlei.
569 1444 633 1475 Ad.
650 1446 759 1476 Horat.
775 1445 803 1475 Ι.

147 1492 247 1534 Epist.
261 1493 323 1523 xiv.
339 1493 370 1524 9.

189 1541 263 1571 506.
286 1540 444 1581 Sustulit]
488 1541 527 1571 In
542 1540 658 1582 dilogia
672 1541 805 1583 positum

147 1596 205 1621 est.
239 1590 358 1632 Rapuit
373 1601 390 1620 e
405 1589 491 1621 terris
507 1592 590 1630 ipsos,
607 1596 637 1621 et
652 1590 807 1632 prohibuit

148 1639 241 1681 nefas,
260 1639 379 1670 caedem
399 1639 516 1670 matris.
562 1640 580 1670 I
584 1642 687 1676 ιιιιηίιι,
705 1651 756 1670 aer
776 1646 808 1671 et

148 1689 254 1720 aether.
292 1690 397 1720 Vicina
411 1690 521 1724 sidera,
539 1689 651 1720 Arctos
666 1690 763 1730 major
777 1696 808 1720 et

147 1739 374 1780 Arctophylax,
385 1738 425 1769 de
441 1738 554 1779 quibus
571 1738 610 1769 ad
625 1749 688 1769 ver.
704 1740 763 1769 132
777 1745 808 1770 et

152 1789 223 1819 176.
237 1788 381 1819 vidimus.
426 1787 478 1818 Ita
500 1795 605 1818 autem
624 1794 655 1818 et
675 1788 810 1830 Amphis

151 1837 235 1879 apud
262 1837 380 1879 Hygin.
405 1842 436 1868 et
464 1837 619 1867 Eratosth.
647 1847 717 1878 cap.
742 1837 807 1868 viii.

151 1886 264 1917 Caeteri
286 1886 326 1916 de
347 1886 410 1916 filio
428 1885 507 1916 inter
530 1885 633 1916 sidera
653 1885 750 1916 relato
769 1886 807 1916 si-

151 1935 227 1967 lent.

191 1985 264 2015 508.
289 1983 442 2015 Intumuit
471 1984 564 2019 Juno,
590 1984 669 2024 etc.]
717 1984 810 2020 Quod

149 2034 206 2065 sub
226 2034 319 2064 finem
343 2034 434 2075 hujus
457 2033 517 2064 loci
538 2039 688 2069 narratur,
711 2033 811 2064 sidera

151 2083 206 2114 illa
227 2083 259 2113 in
283 2093 407 2124 aequore
431 2083 531 2124 tingui
555 2083 652 2114 vetita
678 2093 756 2119 esse,
780 2083 810 2114 id

152 2133 266 2163 Noster
279 2132 318 2162 ab
330 2131 465 2173 antiquis
479 2131 626 2162 traditum
638 2138 810 2174 acceperat.

153 2181 334 2213 Lactantius
348 2181 381 2211 in
397 2181 492 2221 Arg.:
519 2182 544 2211 A
570 2181 663 2221 Tethy
684 2187 711 2210 ec
737 2181 809 2211 Oce-

151 2242 208 2260 (ιηι)
224 2242 282 2260 non
303 2231 448 2271 tingitur,
466 2237 501 2260 ¹ut
519 2230 665 2260 Hesiodus
686 2231 810 2261 indicat.

150 2279 298 2310 Similiter
317 2279 435 2320 Hygin.
454 2280 489 2310 P.
503 2280 544 2310 A.
564 2286 595 2310 et
617 2279 649 2309 in
672 2279 810 2310 versibus

153 2328 282 2359 Creticis
298 2328 382 2369 apud
397 2328 530 2359 eundem
544 2328 607 2359 sab.
622 2329 691 2359 177.
725 2330 813 2365 Quo·

151 2377 242 2408 modo
268 2383 369 2408 autem
398 2377 529 2408 Ovidius
556 2378 612 2408 hoc
643 2377 812 2408 tractavit!

154 2427 275 2469 Nempe
288 2427 345 2457 iter
356 2427 489 2458 Junonis
501 2428 587 2457 finxit
598 2433 629 2458 et
643 2427 812 2457 orationem

155 2476 385 2507 acerbissimam
415 2476 454 2507 ad
483 2477 568 2507 Deos
595 2476 749 2514 marinos;
782 2476 814 2506 in

155 2535 215 2566 quo
230 2532 302 2555 ante
315 2525 421 2555 oculos
432 2525 544 2566 Virgil.
559 2525 688 2556 AEneid.
699 2525 719 2555 i.
731 2525 815 2556 36—-

155 2575 196 2605 75
207 2573 326 2609 habuit,
337 2574 391 2605 ubi
403 2575 485 2605 Juno
496 2575 623 2604 Aiolum
634 2574 700 2604 adit
709 2573 815 2604 auxilii

156 2622 341 2664 implorandi
363 2634 468 2660 causa,
490 2629 522 2654 et
536 2623 665 2654 AEneid.
685 2623 738 2654 vii.
752 2624 815 2654 292

155 2682 224 2713 sqq.
241 2672 293 2702 ubi
309 2671 347 2702 ad
364 2673 545 2703 Acheronta
560 2671 736 2703 descendit.
778 2672 816 2702 ln

157 2720 298 2751 omnibus
312 2721 359 2751 his
381 2722 455 2752 locis
472 2721 588 2752 similes
607 2721 752 2762 querelae,
770 2721 816 2751 ni-

870 1297 913 1327 hil
930 1308 962 1328 se
982 1297 1103 1328 efficere
1127 1306 1226 1338 posse,
1241 1295 1294 1326 sed
1318 1294 1357 1325 ad
1379 1293 1530 1325 auxilium

871 1346 1001 1377 aliorum
1017 1344 1273 1386 confugiendum.

912 1396 986 1426 509.
1021 1394 1162 1434 canam]
1217 1392 1354 1434 Spumis‚
1385 1402 1442 1423 nec
1471 1401 1532 1422 non

871 1450 973 1480 aetate,
994 1450 1029 1474 ut
1052 1454 1121 1485 quae
1144 1442 1282 1474 omnium
1305 1452 1416 1478 rerum,
1437 1440 1532 1471 immo

871 1494 1006 1536 ipsorum
1035 1494 1175 1523 Deorum
1204 1498 1324 1529 mater3
1363 1490 1458 1522 lhad.
1488 1491 1532 1526 Ξ,

873 1543 932 1572 201
950 1554 956 1571 z
988 1541 1146 1573 Ὠκεανόν
1165 1553 1197 1572 τε
1223 1543 1312 1572 Θεῶν
1328 1539 1456 1581 γένεσιν
1477 1539 1532 1570 καὶ

873 1590 995 1632 μητέρα
1006 1589 1127 1629 Τηθύν.
1154 1589 1273 1630 Tethys
1286 1588 1369 1619 Coeli
1382 1594 1413 1619 et
1424 1589 1532 1620 Vestae

874 1640 938 1670 filia
965 1639 1061 1670 fuisse
1092 1638 1215 1674 dicitur,
1241 1648 1318 1668 uxor
1347 1635 1468 1668 Oceani
1497 1647 1533 1667 ac

875 1690 893 1720 J
898 1689 1007 1720 unonis
1022 1688 1137 1724 nutrix,
1150 1688 1379 1727 multorumque
1394 1686 1534 1716 Deorum

875 1744 986 1774 mater,
1002 1737 1085 1768 unde
1107 1737 1136 1768 ei
1156 1743 1250 1778 atque
1274 1736 1402 1766 Oceano
1420 1745 1536 1776 magna

876 1788 1060 1819 reverentia.
1116 1788 1205 1818 Senei
1233 1788 1382 1817 Oceanus
1408 1785 1534 1826 fingitur

876 1838 970 1868 etiam
995 1838 1028 1867 in
1050 1837 1258 1867 monumentis
1283 1834 1438 1876 antiquis:
1464 1833 1535 1865 vide

877 1886 1078 1922 Gronovium‚
1094 1886 1134 1916 ad
1155 1885 1287 1922 Melam,
1302 1884 1357 1915 lib.
1373 1883 1417 1914 iii.
1436 1885 1462 1914 l.
1477 1883 1536 1914 ini-

877 1938 930 1972 tio,
953 1936 1005 1966 ubi
1031 1935 1148 1977 effigies
1171 1936 1238 1976 ejus
1259 1943 1415 1976 expressa.
1460 1933 1537 1964 Om-

878 1985 950 2015 nino
978 1984 1033 2014 Dii
1062 1984 1175 2014 marini
1203 1994 1292 2014 senes
1328 1983 1536 2018 habebantur,

878 2035 960 2066 unde
975 2047 1052 2066 cana
1069 2035 1188 2074 Tethys.
1230 2034 1380 2064 Senectus
1394 2032 1476 2074 parit
1492 2043 1538 2062 *re-

878 2086 1052 2120 ver-entiam,
1067 2094 1131 2125 qua
1155 2083 1199 2113 illi
1224 2083 1310 2113 Deos
1333 2087 1458 2118 movent,
1480 2082 1537 2112 im-

878 2133 1009 2175 pellunt,
1025 2138 1059 2163 ut
1073 2133 1111 2163 ab
1126 2132 1202 2174 ipsis
1217 2131 1366 2162 auxilium
1382 2136 1502 2172 petant.

921 2183 993 2213 512.
1032 2183 1163 2212 Deorum
1191 2181 1271 2211 bene
1300 2191 1338 2210 ex
1368 2178 1542 2210 Codicibus

878 2231 987 2262 nostris
1011 2230 1131 2272 Regiis,
1146 2240 1219 2260 nam
1238 2229 1257 2259 J
1262 2239 1322 2259 uno
1344 2234 1411 2259 erat
1432 2226 1540 2269 regina

878 2282 1027 2311 Deorum.
1074 2280 1226 2314 Quaeritis,
1247 2285 1307 2308 etc.
1328 2277 1366 2307 In
1391 2277 1450 2308 hac
1473 2287 1540 2307 ora-

878 2330 961 2361 tione
985 2331 1068 2361 Juno
1094 2329 1195 2369 magis
1219 2327 1304 2358 dolet
1330 2337 1362 2357 se
1389 2332 1538 2369 spretam,

880 2389 974 2420 quam
991 2377 1141 2408 adulterio
1157 2377 1297 2419 conjugis
1309 2377 1435 2413 laesam3
1459 2375 1543 2406 furta

881 2427 963 2458 enim
975 2427 1051 2468 ejuS,
1065 2426 1178 2467 quibus
1190 2426 1244 2456 diu
1261 2431 1385 2456 assueta
1399 2424 1436 2463 (i.
1451 2424 1542 2463 606.)

882 2476 983 2506 minus
1009 2476 1147 2505 curabat.
1192 2475 1245 2504 Ira
1270 2479 1374 2504 autem
1401 2484 1438 2503 ex
1468 2483 1542 2503 con-

883 2530 1001 2567 temptu
1016 2525 1096 2555 bene
1110 2534 1268 2565 expressa.
1299 2523 1380 2553 Satis
1393 2521 1543 2553 invidiose

882 2573 987 2605 statim
1014 2574 1045 2604 in
1066 2573 1216 2616 principio
1238 2572 1325 2603 irruit
1348 2572 1378 2602 in
1401 2581 1475 2606 rem,
1488 2582 1543 2610 pro

883 2634 926 2653 me
955 2630 1033 2654 tenet
1062 2624 1170 2657 altera,
1196 2622 1267 2655 alia.
1298 2622 1413 2656 coelztm,
1439 2625 1474 2650 ut
1500 2620 1543 2650 ix.

886 2674 967 2703 146:
1009 2674 1149 2702 thalamos
1179 2678 1257 2701 tenet
1286 2672 1382 2701 altera
1422 2676 1544 2700 nostros.

884 2722 1016 2757 Seneca,
1058 2720 1201 2751 Herculis
1239 2720 1311 2750 Fur.
1350 2718 1450 2754 initio,
1490 2717 1542 2749 ubi
