1729 3207
210 210 292 251 142

580 209 629 249 P.
664 208 774 249 OVI
783 207 872 249 D11
908 207 1185 249 NASONIS

207 323 411 385 Argenti
438 322 614 370 bifores
640 323 898 370 radiabant
917 323 1100 369 lumine
1124 323 1291 369 valvae.

208 399 469 447 Materiem
495 400 760 461 superabat
784 415 935 462 opus:
977 415 1088 446 nam
1111 399 1357 446 Mulciber
1383 398 1478 444 illic
1549 402 1577 445 5

205 476 422 538 AEquora
446 475 660 530 caelarat,
688 475 875 522 medias
895 475 1143 538 cingentia
1167 482 1338 530 terras,

207 552 563 614 Terrarumque
611 552 797 607 orbem,
837 553 1133 616 coelumque,
1177 553 1311 615 quod
1359 551 1580 598 imminet

405 627 526 674 orbi.

210 705 460 751 Caeruleos
485 705 636 752 habet
661 706 793 752 unda
819 705 981 763 Deos3
1012 705 1213 753 Tritona
1236 721 1485 760 canorum,

209 781 490 844 Proteaque
515 781 816 844 ambiguum,
843 783 1245 845 balaenarumque
1275 788 1580 845 prementem

208 934 362 965 Caeterum
385 934 424 966 de
445 934 611 976 dignitate,
630 945 723 976 quam
739 935 862 977 templis

205 982 325 1014 addunt
348 985 489 1014 columnae
514 989 544 1014 et
560 983 704 1025 fizstigz'a,
729 984 769 1015 cf.
794 985 861 1015 Cic.

204 1031 291 1063 Orat.
306 1032 350 1063 iii.
367 1033 418 1063 46.

245 1081 276 1111 4.
299 1081 427 1122 Argenti
452 1083 478 1111 bi
495 1080 586 1121 'or-es]
618 1081 720 1111 Etiam
744 1081 860 1113 foribus

202 1139 334 1170 magnus
361 1129 534 1160 addebatur
570 1136 714 1168 ornatus3
751 1130 858 1171 itaque

204 1189 324 1220 semper
347 1189 452 1210 earum
475 1179 508 1209 fit
532 1178 648 1209 mentio
670 1179 702 1209 in
725 1178 860 1221 descrip-

204 1226 340 1258 tionibus
366 1227 541 1269 regiarum:
566 1227 608 1258 cf.
632 1228 725 1259 Hom.
743 1228 805 1259 Od.
827 1231 862 1259 Z.

206 1276 244 1307 19
254 1288 262 1315 3
274 1276 393 1307 P.267.
403 1277 435 1307 in
445 1276 612 1319 primisque
626 1278 714 1308 H.8·2
726 1288 794 1318 sqq.
809 1277 862 1308 ubi

208 1325 294 1367 regia
307 1325 433 1356 Alcinoi
449 1325 645 1357 describitur.
675 1327 861 1363 Curabatur,

203 1380 238 1405 ut
253 1380 355 1405 essent
375 1374 513 1416 εὐεργεῖς
532 1381 563 1405 et
576 1375 715 1416 φαειναί.
764 1376 862 1406 Valvae

201 1422 234 1453 in
250 1423 356 1465 primis
371 1429 457 1453 erant
473 1423 670 1465 templorum,
685 1430 716 1455 et
733 1424 861 1466 compli-

203 1472 354 1503 cabantur
376 1472 431 1508 ita,
446 1478 482 1502 ut
500 1472 532 1503 in
556 1483 588 1503 se
608 1471 692 1514 ipsas
710 1472 795 1504 intus
814 1484 861 1504 re-

205 1521 423 1552 volverentur:
449 1521 520 1552 vide
543 1522 653 1552 Barth.
673 1521 806 1553 Advers.
821 1522 864 1553 xl.

208 1571 258 1602 10.
302 1570 385 1601 Hinc
407 1570 514 1612 bifores
533 1572 636 1608 valroe,
652 1571 746 1613 θύραι
763 1570 862 1602 δικλί-

205 1618 266 1657 δες,
282 1618 482 1661 διάπρισται.
517 1621 627 1651 Valvae
645 1620 752 1663 templi
769 1621 863 1663 Capi-

209 1667 298 1699 tolini
324 1668 446 1699 laminis
471 1669 573 1699 aureis
597 1668 739 1700 obductae
765 1676 862 1706 erant,

202 1717 258 1749 sed
269 1717 317 1748 hae
334 1723 444 1748 nostrae
460 1724 598 1759 argento.
644 1719 688 1749 Ut
699 1718 749 1749 hic
763 1720 861 1750 lumen

202 1768 332 1808 argenti,
356 1765 400 1797 sic
423 1766 496 1797 Val.
513 1767 600 1798 Flac.
621 1766 667 1798 iii.
693 1767 764 1798 100.
776 1768 863 1809 ferri

204 1816 314 1852 lumen,
329 1826 375 1846 sc.
387 1815 419 1846 in
434 1816 628 1857 splendorem
643 1816 719 1847 dati.
765 1817 862 1848 Radi-

207 1876 260 1896 ατε
274 1865 404 1896 verbum
416 1865 553 1907 antiquae
569 1866 744 1907 elegantiae,
757 1866 863 1908 judice

204 1914 342 1945 Broukh.
358 1914 398 1945 ad
412 1915 552 1956 Propert.
563 1915 591 1945 I.
608 1926 659 1946 xv.
675 1916 704 1945 7.
721 1915 773 1946 ubi
793 1916 863 1957 plu-

202 1973 249 1994 res
263 1968 296 1994 et
309 1964 400 1994 Nost.
416 1964 507 1995 Pont.
522 1964 585 1994 III.
597 1963 639 1995 iv.
656 1964 727 1995 103.
743 1966 861 1995 radiari

201 2011 508 2056 accipientes-refert.
552 2013 614 2044 Sed
630 2012 704 2044 alibi
719 2013 782 2044 fere
797 2014 860 2044 vim

204 2061 339 2093 activam
355 2061 459 2098 habet,
474 2062 672 2104 splendorem
687 2062 774 2094 dare.

245 2112 276 2141 5.
308 2111 466 2142 Materiem
494 2111 568 2152 (sic,
598 2122 659 2142 non
687 2113 860 2142 materiam:

203 2158 267 2191 vid.
282 2159 412 2191 Salmas.
428 2160 468 2191 ad
484 2160 580 2192 Solin.
595 2172 626 2203 p.
642 2160 722 2199 328)
738 2172 859 2200 supera-

203 2209 253 2239 bat
268 2220 350 2248 opus,
368 2215 402 2240 ut
412 2209 477 2240 fieri
491 2210 569 2240 solet
583 2210 615 2240 in
627 2209 770 2251 operibus
786 2210 860 2240 arti-

204 2256 308 2288 ficiose
323 2257 491 2289 fabricatis.
537 2259 618 2299 Opus
638 2264 742 2290 autem
764 2269 861 2300 quum

203 2305 243 2337 de
259 2306 350 2336 rebus
365 2312 428 2338 arte
445 2306 535 2338 factis
547 2307 670 2344 dicitur,
687 2314 719 2338 et
730 2307 860 2349 opponi-

202 2359 253 2385 tur
275 2357 416 2391 materiae,
435 2356 677 2387 elaborationem
699 2356 863 2397 significat.

203 2402 316 2434 Claud.
331 2414 362 2434 x.
377 2404 431 2434 87.
448 2403 488 2434 de
503 2405 588 2445 regia
598 2405 729 2436 Veneris
742 2417 748 2434 :
774 2404 861 2435 Lem-

204 2452 274 2482 nius
289 2451 347 2482 haec
357 2453 445 2482 etiam
456 2455 576 2494 gemmis
585 2455 729 2484 exstruxit
738 2459 766 2483 et
775 2465 862 2490 auro,

202 2501 372 2531 Admiscens
387 2508 479 2532 artem
494 2504 598 2542 pretio.
618 2502 764 2533 Artifices
776 2502 808 2533 in
818 2503 862 2534 fo-

204 2548 300 2585 ribus,
309 2549 437 2592 clypeis,
445 2551 557 2582 balteis
566 2551 697 2593 aliisque
705 2551 861 2593 operibus,

205 2608 253 2629 res
273 2599 490 2630 memorabiles
511 2600 681 2641 exprimere
699 2599 862 2639 solebant;

204 2651 298 2687 atque
314 2646 345 2677 in
359 2647 425 2678 istis
446 2647 636 2689 argumentis
650 2648 862 2680 describendis

203 2695 328 2734 placent
355 2696 414 2727 sibi
442 2703 552 2739 poetae,
582 2698 675 2729 Hom.
705 2698 858 2740 exemplo.

205 2743 242 2774 In
259 2743 306 2776 his
320 2744 435 2777 foribus
450 2746 583 2778 mundus
594 2746 753 2778 universus
767 2757 857 2788 spec-

928 937 1062 972 tabatur,
1078 947 1172 978 quem
1187 936 1237 966 Sol
1254 936 1323 966 luce
1338 946 1393 966 sua
1408 934 1581 965 collustrat.

930 986 978 1016 De
996 987 1086 1016 ratris
1101 985 1284 1026 templorum
1299 995 1354 1026 per
1374 983 1449 1014 talia
1464 982 1581 1013 emble-

927 1041 1011 1065 mata
1040 1034 1205 1075 magnifice
1237 1033 1391 1064 exornatis
1418 1032 1488 1062 vide
1516 1032 1583 1062 Cic.

927 1084 1015 1114 Verr.
1039 1083 1081 1114 iv.
1108 1084 1171 1121 563
1210 1082 1292 1113 Plin.
1318 1082 1361 1112 H.
1388 1082 1429 1112 N.
1454 1081 1496 1111 ix.
1524 1081 1583 1116 13;

928 1132 1042 1173 virgil.
1059 1132 1173 1172 Georg.
1189 1131 1232 1162 iii.
1247 1132 1298 1162 26.
1333 1131 1491 1160 Mulciber.
1524 1129 1583 1159 Ta-

928 1181 971 1212 lia
993 1192 1087 1223 opera
1108 1181 1266 1212 elaborare
1291 1180 1413 1211 solebat
1436 1179 1586 1209 Mulciber

928 1241 983 1262 seu
1006 1230 1177 1266 Vulcanus,
1191 1229 1347 1260 fabrilium
1371 1228 1481 1259 artium
1506 1238 1583 1270 prae-

929 1290 977 1311 ses
1000 1286 1031 1310 et
1053 1290 1118 1315 rex,
1134 1279 1188 1321 qui
1209 1278 1314 1309 omnia
1333 1278 1470 1308 Deorum
1491 1287 1584 1318 opera

928 1328 1085 1360 metallica
1100 1329 1201 1359 facere
1216 1328 1346 1358 solebat.
1392 1326 1520 1357 Caelaras
1531 1326 1586 1367 fo-

930 1390 973 1409 res
988 1378 1122 1409 habebat
1132 1378 1226 1408 etiam
1238 1376 1445 1418 Capitolium:
1470 1375 1584 1406 Claud.

928 1427 1035 1458 xxviii.
1064 1429 1115 1459 46.
1169 1427 1209 1457 Et
1242 1432 1329 1457 erant
1357 1427 1462 1456 efflata
1492 1435 1585 1466 opera

928 1476 1056 1507 maximi
1080 1475 1182 1518 pretii.
1227 1474 1278 1505 De
1302 1474 1403 1505 verbis
1424 1474 1530 1505 coelare
1555 1479 1585 1503 et

927 1524 1068 1567 τορεύειν
1077 1525 1148 1556 vide
1161 1525 1264 1566 Heyn.
1279 1524 1311 1554 in
1327 1525 1430 1563 Antiq.
1446 1523 1587 1564 Aufsaet-

928 1584 991 1605 zen.
1013 1573 1050 1605 P.
1066 1573 1098 1605 ii.
1116 1585 1149 1615 p.
1165 1574 1225 1604 130
1247 1583 1318 1614 sqq.
1335 1571 1387 1603 ubi
1408 1572 1513 1609 docet,
1531 1571 1585 1602 illa

928 1621 992 1653 fere
1017 1633 1137 1664 semper
1166 1621 1228 1653 dici
1256 1621 1295 1652 de
1321 1631 1413 1663 opere
1441 1620 1586 1662 plastico.

930 1671 1118 1712 Quanquam
1142 1671 1232 1713 signa
1250 1670 1405 1701 interdum
1427 1675 1459 1700 et
1473 1669 1587 1711 illigari

929 1720 1078 1751 solebant.

972 1770 1001 1801 7.
1019 1769 1105 1804 Quod
1120 1771 1250 1799 imminet
1264 1767 1355 1808 orbi.]
1380 1766 1514 1798 Nomine
1535 1777 1584 1798 or—

928 1818 987 1855 bis,
1012 1817 1064 1849 hic
1086 1829 1165 1860 cape
1188 1828 1303 1854 aerem,
1321 1823 1444 1853 terram,
1461 1826 1585 1858 aquam,

929 1878 1060 1909 quorum
1089 1868 1175 1898 velut
1205 1872 1323 1897 tectum
1350 1865 1507 1907 quoddam
1539 1871 1587 1896 est

929 1917 1056 1948 coelum.

972 1967 1004 1996 8.
1022 1965 1146 1996 Tritona
1165 1976 1318 2000 canorum,
1335 1969 1382 1994 est
1401 1963 1483 1994 enim
1505 1963 1586 1995 tubi-

927 2024 984 2046 cen
1000 2013 1160 2056 Neptuni:
1186 2013 1258 2044 vide
1273 2013 1313 2044 ad
1329 2012 1352 2043 i.
1369 2014 1443 2044 333.

968 2064 1000 2095 9.
1022 2063 1187 2103 Proteaque
1211 2062 1411 2104 ambiguum]
1436 2062 1486 2092 De
1509 2061 1583 2091 Pro-

927 2118 971 2142 teo
992 2112 1078 2142 locus
1098 2111 1219 2143 classic.
1241 2117 1288 2142 est
1303 2110 1391 2151 Virg.
1407 2111 1521 2151 Georg.
1536 2109 1581 2140 iv.

927 2162 1109 2192 387—450.
1142 2161 1218 2191 Erat
1232 2166 1336 2191 autem
1356 2160 1482 2190 Proteus
1499 2165 1584 2190 vates

925 2220 1019 2243 senex
1034 2215 1065 2240 et
1081 2211 1169 2241 Deus
1183 2209 1330 2245 marinus,
1347 2208 1397 2240 cui
1417 2209 1584 2250 Neptunus

928 2269 1034 2290 curam
1043 2265 1249 2290 armentorum
1262 2269 1398 2294 suorum,
1410 2258 1441 2288 h.
1451 2268 1480 2288 e.
1494 2268 1583 2288 mon-

927 2314 1059 2339 strorum
1084 2308 1282 2344 marinorum,
1298 2307 1478 2338 tradiderat.
1516 2308 1586 2338 Am-

928 2357 1062 2399 biguum,
1097 2362 1269 2388 mutantem
1298 2357 1414 2392 vultus,
1443 2362 1478 2386 ut
1513 2366 1584 2386 eum

928 2412 1021 2436 vocat
1047 2406 1160 2437 Horat.
1187 2406 1214 2437 Ι.
1243 2407 1302 2447 Ep.
1328 2405 1349 2436 i.
1379 2406 1432 2437 90.
1476 2405 1589 2436 Varias

929 2454 1011 2485 enim
1025 2454 1138 2486 formas
1152 2454 1299 2485 inducere
1311 2454 1431 2485 solebat
1443 2455 1585 2490 Proteus,

929 2504 973 2534 ita
994 2509 1028 2534 ut
1048 2503 1140 2534 modo
1164 2514 1239 2545 aper
1261 2510 1353 2540 esset,
1372 2503 1463 2534 modo
1485 2503 1584 2540 arbor,

930 2563 1001 2584 mox
1030 2553 1062 2584 in
1090 2563 1204 2594 aquam
1233 2564 1266 2585 se
1294 2559 1490 2589 extenuaret,
1514 2563 1585 2584 mox

929 2601 1009 2643 ignis
1032 2603 1166 2644 speciem
1193 2609 1338 2640 sumeret,
1364 2603 1404 2634 cf.
1429 2601 1494 2633 viii.
1522 2603 1584 2633 732

927 2661 996 2692 sqq.
1016 2651 1069 2682 ubi
1089 2651 1156 2693 ejus
1177 2651 1308 2683 fictionis
1328 2661 1454 2684 causam
1475 2651 1582 2682 attuli-

927 2710 1005 2731 mus.
1061 2700 1259 2742 Trangformis
1287 2709 1414 2733 vvocatur
1441 2700 1526 2731 Fast.
1558 2699 1583 2730 i.

927 2748 1000 2779 373.
