1729 3207
195 185 250 226 88
586 184 635 224 Ρ.
666 181 877 224 OVlDIl
913 179 1191 222 NASONIS

198 300 343 353 Quod
371 307 537 346 tamen
567 298 854 352 admissum,
883 312 994 359 quae
1021 295 1085 342 sit
1110 294 1343 348 vindicta,
1372 295 1580 342 docebo.

198 376 488 438 Contigerat
513 382 704 422 nostras
729 372 930 421 infamia
952 372 1188 436 temporis
1214 387 1380 419 aures:

1487 375 1578 418 211

196 451 358 506 Quam
384 452 589 514 cupiens
614 450 803 505 falsam,
831 465 1024 497 summo
1050 449 1252 496 delabor
1279 449 1515 512 Olympo,

197 527 262 575 Et
289 528 426 575 Deus
452 529 666 575 humana
691 528 844 575 lustro
871 528 962 574 sub
988 526 1202 588 imagine
1227 533 1399 572 terras.

197 605 368 668 Longa
382 622 517 653 mora
528 613 618 661 est,
633 613 872 668 quantum
884 621 1026 652 noxae
1037 604 1102 651 sit
1112 604 1298 666 ubique
1314 609 1581 666 repertum,

194 682 498 730 Enumerare
518 700 527 729 ε
569 682 726 729 minor
749 682 841 729 fuit
865 681 974 745 ipsa
999 680 1199 727 infamia
1219 696 1347 727 vero.

1487 683 1583 727 215

197 759 413 806 Maenala
436 759 743 814 transieram,
771 759 974 805 latebris
1000 758 1244 805 horrenda
1266 757 1495 812 ferarum,

197 836 262 884 Et
286 853 399 884 cum
426 837 638 900 Cyllene
664 837 814 899 gelidi
839 837 1009 901 pineta
1034 835 1216 899 Lycaei.

197 913 420 961 Arcados
445 914 559 960 hinc
586 914 731 962 sedes
753 921 803 962 et
827 913 1076 976 inhospita
1099 919 1234 960 tecta
1257 911 1453 975 tyranni

198 990 472 1053 Ingredior‚
492 985 742 1038 traherent
763 1006 918 1053 quum
938 1006 1048 1038 sera
1062 989 1357 1052 crepuscula
1372 995 1583 1035 noctem.

199 1067 354 1130 Signa
377 1067 492 1115 dedi
516 1068 711 1115 venisse
738 1067 925 1123 Deum;
954 1067 1232 1129 vulgusque
1258 1065 1449 1128 precari
1491 1068 1588 1110 220

200 1143 462 1208 Coeperat:
502 1144 671 1191 irridet
695 1143 852 1207 primo
878 1143 960 1207 pia
983 1151 1097 1190 vota
1122 1142 1340 1206 Lycaon.

199 1220 341 1278 Mox,
368 1223 450 1278 ait,
479 1223 721 1286 experiar,
752 1221 888 1268 Deus
914 1221 1011 1276 hic,
1038 1220 1323 1267 discrimine
1349 1226 1535 1283 aperto,

196 1299 275 1346 An
301 1300 365 1346 sit
389 1300 633 1358 mortalis3
675 1316 766 1348 nec
793 1299 886 1347 erit
902 1298 1176 1346 dubitabile
1199 1314 1385 1344 verum.

199 1376 360 1425 Nocte
386 1394 585 1440 gravem
609 1394 782 1424 somno
807 1394 899 1425 nec
925 1377 1074 1441 opina
1098 1375 1304 1439 perdere
1330 1382 1486 1421 morte

197 1453 284 1502 Me
309 1462 477 1519 parat:
518 1456 623 1503 haec
649 1456 717 1502 illi
742 1456 908 1519 placet
933 1453 1242 1518 experientia
1265 1452 1384 1499 veri.

196 1589 272 1609 vero.
299 1578 422 1620 Majora
437 1589 571 1621 namque
589 1579 707 1610 scelera
721 1586 752 1610 et
766 1579 856 1621 plura

197 1628 236 1658 ab
252 1629 332 1659 Jove
347 1627 542 1669 deprehensa
557 1628 652 1664 fuere,
667 1638 762 1670 quam
777 1628 855 1659 sere-

195 1677 321 1707 bantur.

240 1727 314 1756 210.
341 1725 428 1760 Quod
452 1732 549 1756 tamen
574 1726 759 1767 admissum]
786 1726 858 1758 Duo

195 1774 319 1816 Jupiter
342 1773 452 1805 docere
475 1775 552 1810 vult,
571 1775 664 1815 quale
689 1775 858 1806 admissum

198 1829 228 1854 et
243 1823 345 1864 qualis
359 1833 465 1864 poena.

241 1873 315 1902 216.
333 1872 465 1902 Maenala
477 1872 683 1913 transieram]
702 1873 861 1903 Montium

198 1920 307 1951 horum
331 1921 458 1951 nomina
485 1931 724 1952 commemorare
749 1921 859 1958 voluit,

198 1970 273 2011 quia
285 1970 330 2000 illi
341 1969 373 2000 in
384 1970 522 2001 Arcadia
535 1970 740 2001 celeberrimi.
787 1971 860 2002 Μιε-

199 2020 288 2049 nalus
313 2018 450 2060 pinubus
475 2020 666 2056 abundabat,
695 2026 726 2050 et
751 2020 862 2062 plenus
884 2022 888 2025 ”

199 2073 266 2099 erat
289 2069 427 2109 lyncum,
449 2079 600 2105 ursorum,
617 2080 770 2111 aprorum,
785 2070 861 2101 alia-

200 2127 330 2159 rumque
346 2117 497 2148 ferarum:
524 2118 636 2159 Virgil.
653 2119 720 2149 Ecl.
736 2119 778 2149 X.
795 2118 860 2150 xiv.

203 2167 263 2204 15;
300 2166 362 2197 vid.
390 2167 558 2208 Spanhem.
595 2167 634 2198 ad
673 2167 797 2200 Callim.
827 2169 860 2200 h.

201 2217 297 2248 Dian.
313 2218 367 2248 89.
403 2217 515 2259 Neque
531 2224 634 2250 tamen
649 2218 728 2250 illud
743 2220 862 2250 latebris

201 2267 510 2308 horrendaferarum,
528 2279 610 2299 nunc
631 2268 671 2298 ad
687 2279 750 2299 rem
766 2268 860 2310 perti-

201 2317 309 2347 nebat.
357 2317 491 2357 Lycoeus,
506 2317 618 2359 pinifer
634 2324 664 2348 et
680 2317 765 2359 ipse;
788 2328 861 2348 nam

201 2365 292 2407 pinus
331 2365 478 2407 frequens
514 2367 544 2397 in
585 2367 724 2398 Arcadia
759 2368 859 2398 arbor.

203 2415 329 2445 Gelidus
353 2415 498 2456 frequens
520 2416 671 2447 montium
692 2416 861 2458 epitheton,

199 2463 312 2505 partim
333 2465 371 2494 ob
397 2464 604 2501 altitudinem,
619 2465 731 2507 partim
754 2466 793 2496 ob
815 2476 862 2497 ar-

200 2513 308 2543 borum
324 2512 475 2542 umbram.
517 2513 626 2554 Lyccri.
671 2513 791 2544 Montis
802 2513 860 2544 Ar-

201 2561 311 2597 cadiae,
326 2561 415 2603 cujus
428 2572 529 2602 regem
551 2562 720 2604 proleptice
742 2573 861 2593 nuncu-

201 2616 256 2651 pat
291 2616 384 2652 poeta
422 2611 558 2648 Arcada,
593 2623 689 2653 quum
725 2612 863 2642 Arcadia

201 2666 310 2701 postea
330 2659 415 2691 dicta
435 2660 485 2695 sit,
510 2661 549 2690 ab
570 2661 693 2692 Arcade
709 2661 771 2691 filio
787 2661 859 2692 Cal-

201 2708 300 2744 listfis,
330 2720 400 2750 quae
427 2709 491 2740 filia
519 2716 584 2741 erat
611 2710 772 2751 Lycaonis.
820 2711 859 2740 Et

200 2770 265 2789 enan
283 2759 417 2798 Cyllene,
433 2770 520 2790 mons
538 2759 679 2790 Arcadiae
700 2759 858 2790 Mercurio

1489 1454 1585 1498 225

922 1578 1065 1616 dicatus;
1089 1577 1172 1608 unde
1194 1577 1288 1608 etiarn
1302 1575 1466 1618 Cyllenius
1481 1576 1590 1618 appel-

924 1628 1020 1658 latur.

967 1677 1041 1707 218.
1065 1676 1151 1706 Sedes
1168 1675 1214 1706 vel
1227 1674 1247 1705 i.
1262 1686 1293 1716 q.
1310 1681 1396 1710 tecta,
1414 1675 1464 1705 vel
1480 1674 1587 1713 vicus3

924 1725 1052 1756 vicatim
1092 1725 1174 1756 enim
1217 1724 1403 1755 habitabant
1438 1724 1592 1756 Arcades.

928 1775 1093 1815 Inhospita,
1114 1774 1250 1816 hospites
1270 1773 1354 1804 enim
1378 1779 1472 1804 noctu
1493 1774 1588 1804 truci-

927 1824 999 1856 dare
1025 1831 1168 1860 conatur,
1193 1823 1276 1865 quod
1301 1834 1457 1854 summum
1482 1824 1588 1854 nefas:

929 1875 1040 1905 Horat.
1056 1874 1103 1904 ΙΙ.
1121 1873 1183 1904 Ο(1.
1197 1872 1249 1903 νἰἰ.
1266 1873 1296 1903 7.
1338 1872 1456 1903 Contra
1478 1874 1589 1913 hospita

931 1925 1029 1959 tellus,
1041 1924 1094 1954 ubi
1107 1923 1244 1964 hospites
1258 1921 1393 1963 benigne
1405 1927 1590 1959 tractantur,

929 1972 1008 2002 infra
1032 1971 1078 2002 iii.
1107 1972 1180 2002 637.
1224 1971 1314 2000 Alias
1337 1971 1481 2010 inhospita
1507 1971 1588 2007 loca,

931 2021 982 2051 ubi
1008 2030 1098 2051 nemo
1124 2019 1258 2055 habitat,
1286 2029 1388 2060 neque
1419 2019 1497 2050 adeo
1523 2021 1591 2050 cui-

930 2080 1024 2111 quam
1039 2069 1208 2111 hospitium
1223 2069 1393 2110 praebetur:
1418 2068 1591 2111 Virg.AEn.

928 2119 969 2149 iv.
986 2120 1046 2158 413
1071 2119 1179 2149 Horat.
1192 2118 1220 2148 I.
1237 2117 1298 2148 Od.
1315 2117 1398 2148 xxvi.
1415 2118 1447 2149 6.

969 2170 1046 2200 219.
1074 2168 1245 2198 Traherunt
1260 2179 1350 2208 quum
1366 2167 1457 2208 serm]
1482 2168 1589 2205 Quum

928 2228 987 2249 nox
1020 2218 1087 2260 jam
1122 2217 1290 2258 ingrueret.
1335 2218 1453 2248 Ornate
1488 2223 1589 2259 poetae

926 2267 1111 2309 plerumque
1148 2273 1270 2308 tempus
1306 2266 1494 2308 designant;
1534 2265 1589 2297 sed

927 2318 1041 2348 Noster
1050 2316 1160 2347 maluit
1173 2316 1317 2351 suaviter,
1325 2316 1486 2357 eleganter
1497 2317 1590 2347 verbo

929 2368 1081 2397 traherent
1096 2366 1206 2407 posito.

971 2417 1046 2446 221.
1092 2415 1192 2456 Vota]
1239 2415 1362 2446 Preces.
1406 2415 1592 2451 Dubitabile,

929 2465 1077 2504 dubium;
1101 2476 1172 2500 vox,
1185 2470 1220 2495 ut
1234 2464 1367 2500 videtur,
1379 2465 1418 2495 ab
1433 2464 1500 2506 ipso
1513 2464 1589 2496 Ovi-

929 2514 980 2545 dio
1003 2514 1136 2555 signata,
1152 2519 1186 2544 ut
1209 2513 1278 2544 aliae
1302 2514 1428 2544 multae:
1457 2513 1591 2544 occurrit

930 2569 961 2594 et
976 2563 1040 2594 xiii.
1055 2565 1107 2594 21.
1142 2563 1269 2594 Gravem
1285 2574 1391 2599 somno,
1407 2562 1493 2603 gravi
1509 2573 1589 2593 som—

930 2623 969 2644 no
991 2624 1181 2654 oppressum,
1203 2611 1434 2654 βεβαρημὲνον
1458 2612 1502 2649 εἰς
1526 2612 1588 2644 ὕπ-

929 2674 1001 2693 νον.

970 2712 1044 2742 225.
1067 2712 1127 2742 Pro
1145 2713 1208 2742 veri
1231 2710 1352 2741 Medic.
1376 2722 1487 2747 rerum,
1504 2711 1588 2752 quod

928 2759 1031 2801 placet
1047 2759 1157 2791 Heius.
1175 2760 1227 2801 qui
1251 2771 1310 2790 non
1333 2760 1439 2795 sensit,
1456 2759 1588 2790 voluisse
