1763 3181
406 176 1028 219 METAMORPHOSEON
1062 177 1181 218 LIB.
1205 177 1268 218 ΙΙ.

1443 180 1526 220 205

139 290 247 339 Nec
272 291 448 338 fruitur
473 309 661 347 somno,
689 292 980 355 vigilacibus
1004 293 1168 340 excita
1192 294 1322 340 curis
1343 311 1352 348 ;

141 367 242 414 Sed
265 368 400 416 videt
419 369 656 431 ingratos,
684 369 1054 432 intabescitque
1079 370 1307 425 videndo,

1428 374 1523 417 780

140 444 414 494 Successus
439 447 717 504 hominum3
758 447 1018 510 carpitque
1044 454 1094 493 et
1118 447 1337 510 carpitur
1363 463 1474 501 una,

139 522 554 587 Suppliciumque
583 540 727 570 suum
752 531 856 571 est:
898 523 1125 587 quamvis
1159 530 1325 570 tamen
1353 524 1524 571 oderat

135 598 338 647 Talibus
363 600 514 648 alfata
537 607 613 648 est
636 600 850 648 breviter
872 600 1093 664 Tritonia
1116 600 1284 648 dictis:
1327 601 1500 662 [illam‚

138 683 169 702 “
197 677 351 725 Infice
375 679 489 726 tabe
512 685 600 725 tua
624 685 849 726 natarum
878 679 1118 742 Cecropis
1143 695 1320 732 unam3

139 754 221 801 Sic
241 771 365 818 opus
386 762 484 803 est:
514 755 757 818 Aglauros
774 772 833 803 ea
847 756 974 803 est.'⁷
1013 755 1162 803 Haud
1184 756 1521 819 pluralocuta‚

138 830 302 894 Fugit,
331 839 381 879 et
404 832 646 896 impressa
669 833 898 880 tellurem
919 833 1137 897 reppulit
1162 833 1320 880 hasta.

1428 836 1521 879 786

136 907 231 956 Illa
257 909 417 957 Deam
441 909 646 973 obliquo
670 909 945 973 fugientem
970 910 1155 957 lumine
1180 926 1404 964 cernens,

135 984 394 1033 Murmura
417 1003 568 1050 parva
591 987 756 1041 dedit;
800 1003 1248 1050 successurumque
1276 986 1513 1033 Minervae

134 1061 382 1119 Indoluit;
424 1064 758 1127 baculumque
787 1064 947 1128 capit:
990 1065 1124 1127 quod
1163 1063 1337 1127 spinea
1360 1071 1519 1111 totum

133 1139 346 1188 Vincula
370 1141 664 1204 cingebant3
706 1141 1044 1204 adopertaque
1070 1141 1285 1188 nubibus
1311 1141 1446 1196 atris,

134 1217 447 1282 Quacunque
472 1219 760 1281 ingreditur,
788 1219 1014 1266 florentia
1039 1219 1246 1282 proterit
1270 1235 1412 1271 arva3

133 1361 191 1393 hoc
206 1363 332 1393 verbum
347 1362 504 1394 insolitum
521 1363 653 1405 irrepsit.
701 1364 792 1402 Carpi

132 1410 277 1442 dicuntur
306 1422 376 1453 quae
411 1411 525 1443 sensim
559 1418 792 1447 consumuntur,

133 1466 343 1498 attenuantur,
370 1461 554 1504 perduntur.
600 1462 689 1503 Virg.
719 1463 793 1493 jEn.
807 1497 811 1502 ¹

134 1509 175 1541 iv.
191 1511 220 1541 2.
236 1522 308 1542 caeco
332 1513 471 1551 carpitur
493 1513 574 1553 igue.
622 1511 690 1542 Hoc
712 1511 792 1542 bene

131 1559 171 1590 ad
187 1559 343 1591 Invidiam
359 1561 572 1591 tabescentem
591 1561 790 1591 translatum.

131 1608 192 1640 Sed
208 1609 318 1640 eadem
334 1615 365 1640 et
385 1611 495 1649 carpit,
509 1620 606 1651 quum
628 1610 666 1640 de
685 1610 791 1640 existi-

132 1657 267 1689 matione
299 1658 428 1689 aliorum
461 1658 607 1689 detrahit.
658 1658 737 1688 Plin.
766 1659 791 1689 Ι.

133 1708 191 1749 Ep.
206 1707 254 1737 ix.

175 1757 248 1787 782.
281 1757 478 1796 Supplicium,
516 1756 592 1797 etc.]
639 1756 792 1787 Isocrates

132 1807 291 1847 Evagorae,
313 1815 383 1847 cap.
404 1807 435 1836 2.
455 1804 580 1836 invidiae
606 1805 665 1835 hoc
696 1816 790 1836 unum

130 1856 229 1887 inesse
252 1856 296 1886 ait
312 1856 439 1891 bonurn,
456 1855 504 1887 ὅτι
524 1854 676 1897 μέγιστον
691 1855 792 1886 κακόν

129 1908 198 1944 τοῖς
213 1905 346 1948 ἔχουσίν
360 1905 458 1937 ἐστιν.
505 1907 615 1936 Odium
628 1904 705 1935 illud
718 1916 787 1935 mox

129 1956 276 1999 praeclare
293 1959 433 1985 notatum
449 1960 480 1985 et
494 1954 647 1985 brevitate
669 1959 700 1984 et
715 1964 788 1984 con-

128 2005 248 2037 fusione
259 2005 396 2047 quadam
407 2005 580 2039 verborum,
595 2014 657 2044 qua
673 2004 790 2045 Aglau-

131 2066 177 2086 ros
192 2067 226 2086 ea
240 2061 281 2086 est
295 2055 327 2085 in
339 2054 433 2084 finem
448 2053 612 2094 rejectum.
653 2052 790 2082 Τνὶιοηῐα

128 2104 178 2134 vel
203 2114 221 2135 a
242 2103 351 2146 τριτὼ,
366 2102 449 2144 quod
471 2102 579 2142 lingua
596 2101 723 2132 Cretum
737 2113 786 2132 ca-

128 2161 183 2195 put
198 2153 371 2195 significat3
396 2163 432 2184 eo
450 2151 532 2194 quod
552 2162 568 2182 e
585 2150 686 2192 capite
700 2150 789 2181 Jovis

130 2209 204 2235 nata
217 2203 274 2242 sit;
298 2203 347 2233 vel
363 2212 382 2233 a
395 2201 510 2244 palude
525 2200 650 2231 Tritone
663 2199 785 2241 Libyae,

124 2253 217 2295 juxta
228 2263 324 2294 quam
336 2257 410 2283 nata
425 2256 482 2287 est,
494 2250 547 2281 ubi
561 2251 787 2291 stagni—quie-

131 2310 161 2333 ta
180 2303 288 2333 Vultus
304 2303 379 2332 vidit
392 2312 481 2341 aqua,
491 2302 644 2340 posuitque
660 2301 691 2329 in
707 2310 786 2328 mar-

129 2355 199 2394 gine
218 2353 354 2392 plantas,
382 2351 422 2381 Et
444 2361 472 2381 se
492 2352 603 2381 dilecta
630 2348 788 2379 Tritonida

127 2403 205 2431 dixit
227 2402 264 2431 ab
286 2402 379 2431 unda.
423 2399 542 2430 Lucan.
567 2398 622 2429 lib.
642 2397 686 2428 ix.
711 2398 785 2428 352.

130 2449 181 2480 De
202 2451 278 2484 tabe,
295 2460 350 2480 seu
372 2459 500 2484 veneno,
517 2447 588 2479 vide
611 2447 650 2478 ad
672 2447 716 2477 iii.
733 2448 785 2477 49.

129 2499 180 2529 Sic
192 2509 263 2539 opus
278 2505 329 2535 est,
341 2504 375 2529 ut
389 2498 409 2529 i.
421 2499 494 2528 279.
530 2498 675 2537 Impressa
691 2498 786 2533 hasta,

130 2553 164 2579 ut
178 2548 240 2579 vim
258 2547 386 2579 adderet
407 2547 524 2590 corpori
540 2558 571 2578 se
587 2547 618 2578 in
634 2556 708 2577 aera
727 2547 786 2576 to]—

129 2597 217 2633 lenti,
233 2603 267 2628 ut
289 2598 331 2629 iv.
347 2599 429 2636 7103
454 2597 520 2628 viii.
541 2597 620 2628 366:
648 2598 787 2627 tellurem

129 2649 274 2687 reppulit,
307 2646 381 2687 quia
409 2646 477 2688 ipsa
504 2646 636 2687 aufugit.
684 2644 788 2675 Poetis

129 2696 197 2726 loca
229 2697 361 2727 recedere
386 2702 440 2726 aut
464 2697 568 2735 repelli
594 2695 739 2725 dicuntur
770 2704 789 2724 a

130 2745 243 2786 quibus
258 2745 316 2787 ipsi
332 2745 463 2776 abimus.
507 2745 587 2777 Vide
603 2745 642 2775 ad
659 2744 701 2775 xi.
716 2744 788 2774 466.

177 2795 276 2826 VOL.
299 2795 363 2826 ΙΙΙ.

906 1363 977 1393 788.
1001 1362 1080 1393 Cod.
1106 1362 1187 1402 Reg.
1208 1361 1247 1391 A.
1268 1371 1414 1391 successus
1436 1367 1523 1400 atque

864 1412 1027 1447 Minervam
1045 1411 1123 1442 Cod.
1136 1412 1175 1441 B.
1187 1412 1375 1441 successibus.
1409 1411 1521 1440 Emen-

862 1461 902 1492 da
924 1473 1118 1492 successorum
1140 1471 1194 1502 pro
1209 1471 1424 1495 successurum,
1438 1463 1522 1500 quod

862 1513 886 1542 si
916 1511 991 1553 quid
1017 1511 1184 1552 signifieat,
1213 1516 1386 1540 contortum
1412 1515 1468 1545 est,
1492 1517 1522 1540 et

860 1561 993 1603 ellipsim
1010 1560 1190 1591 inusitatam
1207 1559 1355 1601 postulat.
1401 1558 1521 1589 Succes-

859 1621 1019 1650 surumque
1036 1610 1192 1640 Minci-ree.
1238 1608 1388 1644 Indoluit,
1399 1618 1521 1638 succes-

859 1670 965 1689 surum
982 1658 1133 1689 Minervae
1151 1657 1313 1688 consilium
1331 1656 1368 1687 de
1383 1656 1522 1697 Aglauro

860 1708 985 1738 invidiae
1023 1718 1142 1737 veneno
1179 1705 1358 1737 inficienda.
1413 1706 1521 1744 Spiueu

860 1758 991 1792 vincula,
1021 1756 1138 1798 spinae3
1173 1765 1245 1785 nam
1275 1754 1428 1795 quidquid
1458 1765 1520 1784 rem

860 1806 967 1842 ambit,
985 1806 1093 1846 cingit,
1116 1806 1273 1836 vinculum
1297 1796 1422 1839 dicitur,
1439 1803 1521 1834 unde

860 1865 920 1885 non
936 1865 1004 1885 raro
1027 1855 1066 1885 de
1084 1854 1205 1884 coronis
1225 1852 1358 1895 ponitur.
1403 1852 1453 1882 Sic
1476 1853 1521 1882 fa-

857 1904 917 1934 cile
940 1914 1045 1934 carere
1067 1913 1230 1944 possumus
1251 1900 1522 1932 emendationibus

858 1953 1078 1994 Interpretum.
1126 1952 1223 1991 Spiuae
1250 1950 1424 1991 symbolum
1454 1961 1521 1980 cru-

858 2002 970 2038 ciatus,
982 2011 1075 2043 quem
1093 2006 1188 2031 creat.
1238 2000 1344 2030 Totum
1361 2010 1420 2030 non
1437 2006 1522 2030 caret

859 2053 902 2087 vi,
918 2062 1020 2092 neque
1042 2050 1119 2081 adeo
1141 2056 1255 2080 temere
1274 2049 1519 2079 sollicitandum.

858 2101 1013 2131 Caeterum
1033 2100 1128 2130 etiam
1151 2100 1291 2130 baculum
1316 2098 1348 2128 in
1370 2109 1427 2129 usu
1451 2099 1520 2134 fuit,

856 2156 890 2181 ut
905 2150 997 2180 docet
1013 2148 1122 2179 Heius.
1139 2148 1178 2178 all
1194 2148 1267 2178 687.

900 2200 971 2230 791.
1006 2199 1193 2238 Quacumque
1218 2197 1418 2238 ingreditur]
1468 2197 1520 2227 ln-

856 2248 940 2280 vidia
964 2248 1068 2279 omnia
1093 2246 1271 2288 corrumpit,
1294 2246 1451 2287 pestisque
1474 2251 1520 2276 est

856 2298 1026 2329 hominum.
1072 2297 1138 2327 Hoc
1164 2296 1220 2326 sub
1250 2305 1359 2325 sensus
1384 2295 1518 2325 vocavit.

857 2348 972 2378 Contra
992 2346 1075 2388 apud
1098 2345 1211 2376 Claud.
1229 2346 1280 2375 33.
1298 2345 1359 2374 185
1374 2354 1443 2384 sqq.
1464 2344 1518 2374 ubi

856 2397 951 2429 Ceres
966 2407 1058 2428 curru
1070 2395 1203 2429 vehitur,
1216 2395 1330 2429 onmia,
1341 2394 1518 2429 florescunt,

856 2453 921 2477 rota
941 2446 1093 2476 Sulcutum
1107 2444 1270 2486 faecumlat
1289 2444 1409 2473 humum
1425 2455 1435 2479 ‚·
1453 2444 1518 2483 ⁹slu-

853 2497 941 2525 vescit
957 2496 1057 2525 aristis
1074 2494 1201 2529 Orbita5
1218 2500 1373 2534 surgentes
1384 2494 1518 2522 condunt

855 2546 980 2586 vestigia
1012 2545 1127 2580 culmi,·
1170 2543 1262 2573 Vestir'
1292 2545 1348 2572 iter
1377 2544 1517 2571 comitata

854 2605 942 2635 segeS.
988 2593 1051 2623 Cur
1072 2604 1184 2623 summa
1205 2592 1384 2623 cucunzina?
1408 2600 1517 2632 nempe

856 2643 930 2684 quia
968 2641 1085 2672 invidia
1123 2651 1244 2671 summa
1273 2650 1393 2681 semper
1432 2639 1518 2681 petit.

857 2692 988 2723 Remed.
1016 2702 1104 2721 versu
1131 2691 1212 2728 3693
1245 2701 1355 2720 summa
1381 2691 1455 2728 petit
1480 2689 1515 2718 li-

860 2753 918 2771 1'02'.

992 2792 1015 2820 U
