1763 3181
367 167 985 212 METAMORPHOSEON
1018 168 1137 208 LIB.
1172 168 1261 209 III.

1407 170 1434 208 ἓ.)
1446 169 1499 208 15

121 286 480 334 Incustoditam
497 286 631 332 lente
658 284 792 331 videt
816 283 886 329 ire
906 285 1187 346 juvencam,
1442 287 1496 330 15

122 362 328 409 Nullum
352 362 535 409 servitii
561 362 756 423 signum
781 360 971 408 cervice
997 368 1268 423 gerentem.

123 438 469 502 Subsequitur,
497 453 770 502 pressoque
794 437 916 499 legit
939 437 1148 500 vestigia
1172 454 1372 500 gressu;

120 515 491 578 Auctoremque
515 515 605 562 viae
631 514 878 561 Phoebum
904 514 1178 561 taciturnus
1204 514 1393 562 adorat.

120 592 150 638 J
155 609 233 639 am
257 593 384 639 vada
410 591 631 655 Cephisi,
660 590 996 654 Panopesque
1021 599 1244 638 evaserat
1268 607 1409 648 arva3

124 669 225 716 Bos
249 670 415 726 stetit;
456 676 506 716 et
528 669 706 716 tollens
733 660 1260 731 spatiosam'cornibus
1286 669 1397 716 altis
1439 673 1503 715 20

123 746 201 794 Ad
225 747 404 794 coelum
428 746 656 802 frontem,
683 746 956 808 mugitibus
982 746 1177 810 impulit
1202 762 1361 793 auras.

122 824 289 887 Atque
310 824 395 879 ita,
412 822 682 887 respiciens
708 822 916 869 comites
943 838 1034 869 sua
1057 829 1198 885 terga
1218 830 1503 886 sequentes,

125 900 413 957 Procubuit,
441 907 711 963 teneraque
736 900 864 947 latus
892 900 1123 946 submisit
1147 900 1196 946 in
1222 901 1391 948 herba.

124 977 347 1025 Cadmus
373 978 475 1040 agit
498 984 678 1040 grates,
706 977 1081 1041 peregrinaeque
1106 978 1277 1024 oscula
1301 984 1443 1024 terrae

126 1054 285 1117 Figit3
325 1061 376 1102 et
400 1055 593 1118 ignotos
619 1061 829 1111 montes,
858 1071 1105 1118 agrosque
1131 1055 1330 1102 salutat.

1445 1058 1508 1102 25

129 1132 282 1180 Sacra
304 1131 333 1178 J
339 1132 416 1179 ovi
440 1132 661 1180 facturus
688 1139 822 1180 erat:
857 1133 1004 1196 jubet
1027 1133 1096 1180 ire
1122 1132 1387 1187 ministros,

123 1296 182 1339 giis
198 1307 315 1328 vaccae.
352 1297 498 1328 Adai-atio
513 1297 591 1328 alias
610 1297 706 1328 fiebat
724 1298 782 1328 sor-

126 1345 217 1377 mulis
239 1356 291 1377 ore
316 1345 445 1388 prolatis
471 1345 625 1388 certisque
654 1346 785 1385 ritibus;

125 1394 267 1427 Cadmus
280 1406 351 1427 vero
366 1395 445 1427 inter
458 1395 597 1427 eundum
612 1398 786 1427 taciturnus

125 1444 242 1486 gratias
256 1445 371 1487 agebat
383 1445 536 1487 Apollini.

173 1495 222 1526 19.
245 1495 315 1525 Jam
335 1496 416 1526 vada
432 1495 579 1535 Cephisi.]
598 1494 649 1526 De
666 1495 789 1534 Cephiso

127 1543 199 1575 vide
222 1543 262 1575 ad
286 1543 307 1574 i.
321 1544 397 1574 369.
442 1544 632 1584 Panopesque
656 1551 788 1575 evaserat

126 1604 211 1624 arva.
270 1593 392 1632 Panope
429 1598 484 1624 aut
521 1593 688 1632 Panopeus,
717 1593 790 1623 urbs

128 1641 292 1673 Phocidis.
337 1642 537 1673 Burmannus
565 1642 696 1684 putabat
725 1652 789 1672 rec-

129 1689 190 1722 tius
223 1691 315 1722 scribi
348 1692 500 1731 Panopen,
528 1691 678 1733 oppidum
707 1691 789 1722 enim

132 1742 290 1780 Panopeus
312 1752 331 1772 a
354 1742 515 1777 Strabone,
530 1740 573 1771 ix.
587 1752 619 1782 p.
636 1741 710 1771 416.
728 1740 791 1771 dici

130 1795 162 1821 et
177 1801 197 1821 a
218 1790 385 1826 Pausania,
400 1802 433 1821 x.
451 1791 481 1821 4.
498 1790 573 1821 licet
594 1801 613 1821 a
633 1790 791 1832 Stephano

132 1840 276 1879 Πανόπη
293 1846 429 1876 vocetur,
441 1840 594 1871 salmasio
608 1846 639 1871 et
649 1840 793 1871 Berkelio

132 1888 384 1920 defendentibus.

175 1939 228 1970 20.
251 1938 336 1969 Illud
357 1940 402 1969 bos
422 1941 503 1969 stetit
519 1946 550 1969 et
563 1939 721 1979 procubuit
739 1948 791 1968 ex-

131 1988 265 2024 ornavit,
277 1998 376 2019 mores
391 1988 484 2018 boum
499 1987 668 2019 errantium
679 1988 793 2018 descri-

133 2037 248 2069 bendo.
285 2038 461 2078 Spahosam,
474 2038 581 2069 latam.
612 2038 690 2068 Mox
706 2046 794 2067 versu

133 2087 186 2118 56.
200 2088 359 2127 spatiosum
377 2098 493 2127 corpus,
509 2092 540 2117 et
555 2096 643 2117 versu
658 2086 712 2116 95.
728 2096 794 2125 spa-

135 2137 212 2166 tium
240 2137 340 2167 hostis.
397 2136 500 2167 Boves
529 2134 667 2177 spatiosa
696 2134 794 2165 fronte

134 2183 254 2216 Graecis
265 2184 412 2216 dicuntur
424 2183 652 2227 εὐρυμέτωποι,
664 2188 696 2213 et
708 2183 791 2213 πλα-

134 2231 327 2275 τυμέτωποι·
374 2234 501 2264 Homer.
528 2232 560 2263 h.
589 2233 689 2263 Merc.
718 2233 794 2263 355.

135 2282 178 2313 Ηί
193 2281 302 2325 optimi
318 2282 534 2313 habebantur:
561 2283 672 2313 Varro.
690 2281 732 2312 R.
750 2282 795 2312 R.

136 2331 168 2362 ii.
184 2334 203 2363 5
212 2343 222 2370 3
246 2332 373 2363 Colum.
391 2332 448 2363 VI.
460 2332 481 2363 i.
496 2331 550 2363 ubi
571 2331 666 2363 etiam
683 2342 798 2362 cornua

131 2393 256 2422 procera
266 2387 298 2412 et
310 2383 429 2413 robusta
443 2382 620 2413 laudantur.
666 2382 797 2423 Magici-

137 2433 200 2468 bus,
215 2431 247 2462 in
270 2432 396 2463 oraculo
411 2431 568 2473 Apollinis
583 2436 722 2467 vocatur,
737 2429 799 2472 ἐρὶ-

134 2493 244 2523 μυκος,
256 2482 340 2512 valde
355 2483 501 2523 mugiens.
538 2481 658 2520 Impelzi
670 2480 800 2511 clamor-

137 2529 208 2560 ibus
230 2540 249 2561 a
270 2529 369 2572 poetis
388 2530 535 2561 dicuntur
550 2540 612 2560 non
632 2529 724 2560 modo
747 2540 801 2560 au-

139 2589 197 2614 res,
214 2577 270 2607 sed
283 2583 316 2610 et
330 2588 426 2615 auree,
441 2583 575 2615 montes,
590 2583 652 2610 etc.

182 2628 237 2658 22.
263 2628 359 2668 Atque
374 2630 431 2664 ita,
447 2639 508 2669 quo
524 2627 619 2664 sacto,
634 2632 669 2658 ut
690 2627 712 2657 i.
731 2627 806 2657 377.

143 2677 284 2707 Comites.
319 2677 455 2709 Pausan.
463 2678 522 2709 τὸν
533 2678 594 2709 σὺν
607 2676 698 2718 αὐτῷ
708 2687 803 2717 στρα-

140 2725 211 2757 τόν.
257 2726 362 2763 Latus,
390 2737 514 2769 corpus,
537 2728 720 2763 submittere,
741 2730 805 2761 aut,

852 1303 885 1329 ut
908 1298 929 1328 ii
973 1299 1049 1330 865.
1072 1301 1227 1338 deponere,
1248 1298 1387 1329 formulae
1413 1298 1514 1328 solen-

851 1357 906 1378 nes
921 1347 959 1378 de
974 1347 1213 1390 procumbente.
1245 1347 1282 1377 ln
1298 1356 1379 1377 orac.
1391 1345 1513 1378 κλίνειν

853 1396 946 1438 γόνυ.
988 1396 1093 1428 Schol.
1118 1396 1215 1428 Hom.
1244 1396 1284 1426 ad
1315 1396 1354 1426 Il.
1381 1399 1417 1426 Β.
1441 1396 1516 1426 494.

854 1445 1025 1485 ὀκλὴσασα
1047 1445 1215 1484 α’νεκλὶθη.
1252 1446 1389 1476 Pausan.
1404 1445 1515 1486 ἔμελλε

855 1497 1001 1537 καμοῦσα
1028 1494 1187 1528 ὀκλάσειν.
1233 1496 1372 1526 Pausan.
1389 1504 1420 1535 p.
1444 1494 1519 1524 733.

858 1550 972 1580 narrat,
987 1555 1043 1575 suo
1060 1544 1162 1575 adhuc
1178 1549 1316 1585 tempore
1337 1542 1458 1573 ostendi
1473 1543 1517 1573 lo-

858 1604 929 1624 cum
957 1593 1010 1624 ubi
1039 1594 1093 1624 bos
1121 1592 1331 1634 procubuerit,
1359 1591 1391 1624 iu
1419 1602 1518 1633 eoque

858 1653 924 1674 esse
948 1653 1034 1674 aram
1057 1652 1129 1673 cum
1145 1642 1233 1683 signo
1248 1641 1413 1677 Minervae,
1430 1640 1518 1672 dedi-

859 1698 962 1723 catam
978 1702 995 1722 a
1013 1691 1145 1723 Cadmo.

902 1742 954 1772 24.
979 1742 1207 1783 Peregrinaeque
1217 1741 1317 1771 oscula
1328 1739 1443 1780 terrm]
1470 1740 1521 1770 De

860 1790 917 1821 hoc
932 1801 1015 1821 more
1037 1790 1195 1821 salutandi
1214 1795 1312 1820 terras
1333 1788 1521 1831 peregrinas,

861 1851 954 1881 quem
975 1840 1059 1882 apud
1080 1845 1188 1881 poetas
1210 1839 1306 1881 prisci
1320 1838 1460 1869 homines
1476 1849 1522 1869 re-

860 1889 968 1930 ligiose
991 1890 1111 1924 colunt,
1129 1888 1200 1918 vide
1217 1888 1297 1918 Ciof.
1309 1887 1350 1918 ad
1374 1887 1457 1918 hunc
1478 1886 1522 1917 lo-

862 1950 945 1970 cum.
990 1939 1062 1970 Fuit
1085 1938 1160 1969 satis
1189 1937 1348 1979 antiquus.
1394 1937 1522 1967 Homer.

863 1989 925 2020 Od.
941 1993 978 2020 E.
991 1990 1065 2020 354.

905 2039 958 2068 ⁶26.
981 2038 1074 2069 Sacra
1097 2037 1177 2073 Jovi,
1200 2036 1278 2076 etc.]
1305 2035 1399 2066 Illam
1422 2035 1523 2077 ipsam

858 2088 1039 2130 juvencam,
1069 2086 1127 2118 viae
1157 2087 1280 2121 ducem,
1311 2085 1526 2116 immolaturus

861 2143 940 2173 erat,
957 2137 1006 2167 vel
1017 2135 1146 2171 Telluri,
1161 2134 1333 2166 secundum
1350 2133 1523 2169 oraculum,

863 2187 911 2218 vel
934 2186 1101 2221 Minervae,
1125 2191 1252 2216 auctore
1270 2183 1420 2225 Apollod.
1436 2184 1525 2219 forte,

863 2236 937 2277 quia
959 2235 1015 2266 illa
1028 2236 1157 2277 jurati-ir
1177 2235 1247 2269 viri,
1263 2243 1326 2263 ver.
1346 2233 1415 2262 101.
1461 2232 1526 2262 No-

862 2291 924 2316 ster
935 2285 1038 2316 Jovem
1053 2282 1223 2314 substituit.
1254 2282 1422 2316 Ministros,
1433 2281 1528 2311 comi-

866 2342 924 2370 tes,
939 2345 1016 2376 quos
1027 2343 1183 2365 sacrorum
1198 2331 1404 2374 parandorum
1421 2329 1528 2360 minis—

867 2391 928 2415 tros
953 2394 1020 2414 esse
1037 2382 1174 2413 volebat.
1220 2382 1298 2411 Mox
1323 2382 1393 2411 socii
1414 2390 1528 2410 vocan-

868 2439 932 2470 tur3
967 2431 1072 2462 Schol.
1098 2432 1227 2461 Homer.
1256 2430 1350 2466 τινὰς
1371 2431 1437 2459 τῶν
1461 2429 1530 2469 μεθ’

869 2481 995 2513 ἑαυτοῦ.
1032 2479 1128 2522 Apud
1148 2478 1289 2520 Euripid.
1303 2479 1370 2519 ipse
1391 2476 1532 2508 Cadmus

870 2530 936 2561 abit
951 2530 1005 2560 ἐπὶ
1019 2528 1188 2571 χέρνιβας,
1199 2527 1239 2558 ad
1255 2537 1365 2558 manus
1379 2525 1532 2557 lavandas

873 2589 956 2620 aqua
969 2577 1103 2609 lustrali.
1147 2578 1185 2608 In
1200 2587 1270 2607 earn
1285 2585 1348 2606 rem
1365 2576 1433 2605 viva
1449 2584 1532 2615 aqua

874 2628 1091 2659 adhibebatur.
1141 2626 1210 2657 Liv.
1238 2625 1259 2656 i.
1287 2625 1347 2656 45:
1388 2624 1472 2658 Quin
1497 2629 1531 2653 tu

875 2684 945 2708 ante
965 2680 1030 2708 υἱυο
1041 2676 1236 2718 perfunderis
1248 2675 1401 2715 flumine?
1425 2673 1531 2715 Ipsum

874 2727 1035 2759 oraculum
1051 2726 1188 2767 jusserat
1206 2734 1328 2756 sacrum
1344 2722 1410 2754 fieri
1423 2720 1533 2764 ἁγνῶς
