1729 3207
219 202 375 244 xxxviii
737 197 1076 239 PRAEFATIO

217 317 305 357 sine
333 314 507 355 aliorum
535 321 753 354 auctorum
779 312 1025 366 adjumento
1044 310 1263 366 intelliget.
1328 311 1469 351 Etiam
1496 309 1595 351 alibi

219 394 389 435 festinat
415 392 548 440 nimis,
570 390 809 443 omittitque
837 404 920 430 non
948 389 1196 438 omittenda,
1219 389 1332 429 unde
1360 388 1595 429 obscuritas

218 472 480 513 oritur.—ix.
511 471 600 518 165,
628 484 712 509 non
739 477 931 523 apparet,
953 483 1039 523 quo
1068 469 1194 510 modo
1222 467 1448 516 Hercules,
1476 467 1596 508 factis

219 552 262 592 in
284 551 467 591 Euboeae
498 548 787 602 promontorio
814 548 956 596 sacris,
983 548 1113 588 OEten
1133 548 1304 589 vocibus
1338 548 1422 588 suis
1453 545 1598 600 imple-

219 630 339 671 verit.
401 627 621 668 Interdum
659 640 743 666 non
783 625 882 666 satis
917 625 1158 679 perpendit,
1190 640 1287 679 quae
1321 625 1599 666 scriberet.—

220 709 246 749 i.
278 708 376 755 270,
411 721 542 761 quum
577 712 690 745 terra
724 703 880 744 diluvio
907 704 1112 744 vastanda
1141 711 1267 752 esset,
1303 703 1381 744 Iris
1411 717 1543 756 aquas
1574 717 1599 743 a

220 794 332 828 terra
351 785 507 833 haurit,
525 798 630 838 quas
651 784 693 823 in
714 790 868 823 terram
889 783 1214 823 demittat.—iii.
1233 783 1282 822 41
1309 797 1400 836 sqq.
1421 796 1596 836 serpens

220 864 430 906 immensis
458 861 634 903 saltibus
660 861 767 915 petit
796 875 883 910 eos,
912 861 984 915 qui
1011 862 1202 915 proxime
1234 861 1417 901 stabant.
1480 860 1600 901 Idem

219 957 342 984 versu
361 942 431 990 43,
453 941 588 981 media
603 940 700 994 plus
722 946 849 994 parte
871 945 1031 980 erectus
1052 939 1092 979 in
1114 954 1243 979 auras
1263 939 1461 994 Despicit
1485 954 1600 980 omne

219 1035 356 1062 nemus
371 1038 385 1068 ‚·
417 1019 491 1059 sed
522 1033 645 1059 versu
678 1019 747 1067 94,
784 1025 897 1059 totus
933 1018 1093 1072 pendet
1127 1018 1169 1058 in
1205 1017 1468 1059 arbore—v.
1500 1018 1598 1067 228,

220 1100 403 1141 Perseus
424 1094 590 1138 Phinea
617 1111 790 1137 saxeum
814 1111 980 1150 semper
1000 1096 1112 1137 domi
1133 1096 1316 1150 spectari
1337 1095 1427 1136 vult
1449 1111 1472 1137 a
1502 1110 1600 1138 con-

214 1181 335 1235 juge,
367 1193 463 1233 quae
495 1190 594 1217 vero
623 1189 722 1215 mox
756 1173 954 1216 relictura
983 1182 1075 1216 erat
1102 1175 1273 1216 domum
1306 1183 1601 1230 paternam.—

220 1258 292 1299 xii.
316 1257 413 1305 620,
437 1255 616 1296 Somnus
643 1254 686 1293 in
709 1251 819 1293 lecto
848 1253 1106 1294 decumbens
1120 1260 1298 1308 pectora
1317 1255 1506 1309 percutit
1530 1269 1602 1294 nec-

220 1337 326 1378 tantz'
360 1341 504 1376 mento.
578 1333 707 1374 Mitto
743 1332 949 1374 dictiones
983 1333 1299 1387 improbandas,
1335 1341 1396 1381 ut,
1427 1348 1463 1373 v,
1501 1333 1597 1382 426,

219 1414 512 1458 inconsolabile
544 1413 699 1461 vulnus,
727 1413 1023 1467 repetitionem
1049 1412 1240 1466 ejusdem
1266 1411 1460 1453 vocabuli
1492 1412 1601 1454 inter

219 1507 452 1550 paucorum
476 1505 672 1532 versuum
703 1491 919 1540 ambitum,
948 1498 990 1532 et
1020 1489 1152 1531 multa
1179 1489 1271 1530 alia.
1334 1489 1460 1530 Talia
1488 1490 1603 1532 exci-

219 1573 327 1613 dunt
353 1571 415 1619 iis,
441 1570 514 1624 qui
545 1583 621 1610 sua
652 1583 735 1609 non
768 1568 915 1609 sedulo
946 1568 1214 1622 conquirunt,
1246 1568 1319 1609 sed
1347 1583 1370 1609 e
1402 1567 1514 1608 felici
1541 1569 1602 1608 in·

219 1650 331 1706 genii
352 1649 415 1690 sui
436 1663 556 1696 vena,
579 1647 699 1702 quasi
720 1654 878 1688 stantes
899 1647 1009 1701 pede
1030 1647 1072 1687 in
1093 1661 1192 1696 uno,
1215 1646 1413 1687 fundunt.

276 1726 445 1783 Ingenii
475 1740 574 1780 pars
606 1739 669 1774 ea,
696 1740 822 1778 quam
853 1724 981 1779 paulo
1008 1732 1106 1766 ante
1138 1725 1360 1779 descripsi,
1386 1724 1528 1765 statim
1558 1725 1601 1765 in

219 1806 429 1861 principio
457 1804 649 1845 carminis
671 1804 834 1845 emicat.
896 1803 962 1844 Ibi
983 1819 1067 1845 non
1088 1818 1229 1844 veram
1249 1803 1367 1844 rudis
1388 1802 1507 1844 molis
1528 1818 1601 1844 na-

219 1892 356 1926 turam
382 1883 504 1923 nobis
531 1880 729 1936 explicat,
753 1882 827 1922 sed
854 1888 1071 1922 externam
1097 1896 1238 1922 rerum
1265 1889 1308 1922 et
1331 1880 1601 1922 confusarum

218 1969 261 2003 et
292 1968 441 2016 postea
472 1959 771 2013 dispositarum
795 1958 971 1999 formam
1004 1959 1204 2008 ostendit,
1238 1960 1476 2014 acriterque
1507 1973 1602 1999 sen—

219 2040 402 2082 tiendam
424 2038 636 2092 proponit.

322 2178 466 2216 Nullus
483 2177 606 2215 adhuc
622 2175 763 2214 mundo
781 2177 970 2227 praebebat
988 2177 1133 2215 lumina
1155 2177 1284 2221 Titan,

321 2242 363 2279 N
365 2255 407 2279 ec
425 2254 519 2278 nova
537 2239 735 2278 crescendo
753 2241 949 2290 reparabat
968 2254 1105 2278 cornua
1125 2240 1276 2284 Phaebe,

323 2304 408 2341 Nec
424 2303 650 2341 circumfuso
666 2302 856 2353 pendebat
874 2302 914 2339 in
933 2316 1017 2340 aere
1035 2303 1150 2340 tellus

323 2366 558 2404 Ponderibus
576 2366 712 2404 librata
729 2366 828 2403 suis:
858 2379 927 2403 nec
946 2366 1097 2403 brachia
1115 2366 1225 2415 longo

323 2428 502 2478 Margine
519 2435 705 2466 terrarum
724 2435 940 2478 porrexerat
959 2427 1210 2478 Amphitrite.

222 2589 309 2632 Sed
336 2596 485 2644 postea
516 2589 637 2630 Deus
667 2590 794 2644 jussit
810 2589 936 2644 freta
962 2590 1154 2645 diffundes,
1186 2591 1427 2646 rabidisque
1456 2598 1602 2633 teones-

223 2683 315 2709 eere
353 2667 498 2716 ventis,
534 2668 701 2708 extendi
741 2682 924 2723 campos,
959 2669 1172 2709 subsidere
1210 2670 1353 2719 valles,
1389 2671 1602 2726 lapidosos

221 2760 393 2801 surgere
426 2751 592 2786 montes.
655 2745 795 2786 Multa
835 2761 888 2787 ex
925 2747 1006 2788 hoc
1042 2762 1197 2802 genere
1233 2749 1425 2803 insignia,
1459 2764 1526 2790 xv.
1558 2749 1600 2789 in
