1729 3207
224 215 307 257 118

614 216 664 256 Ρ.
698 213 909 256 OVIDII
945 212 1223 254 NASONIS

227 331 325 378 Vix
351 347 495 394 prece
522 330 675 383 finita,
705 337 871 392 torpor
891 328 1050 390 gravis
1080 327 1250 389 alligat
1275 335 1435 373 artus:

230 409 404 457 Mollia
428 409 692 470 cinguntur
718 407 854 454 tenui
881 405 1153 469 praecordia
1176 406 1299 451 libro
1319 422 1327 451 :

228 486 286 533 In
308 486 530 533 frondem
546 485 725 540 crines,
744 485 793 530 in
814 500 976 531 ramos
991 483 1194 530 brachia
1212 488 1443 529 crescunt
1461 498 1470 527 :
1511 483 1608 527 550

229 563 344 616 Pes,
373 563 519 609 modo
544 569 645 608 tam
670 561 831 616 velox,
860 559 1012 623 pigris
1038 558 1287 606 radicibus
1313 558 1467 604 haeret
1489 574 1498 604 :

229 640 331 686 Ora
354 655 595 687 cacumen
620 638 749 685 obit:
792 645 1014 686 remanet
1038 638 1165 684 nitor
1185 653 1312 683 unus
1338 636 1384 681 in
1408 635 1505 681 illa.

227 715 371 764 Hanc
397 731 598 779 quoque
626 713 847 761 Phoebus
877 722 1037 768 amat3
1078 713 1341 777 positaque
1368 712 1415 757 in
1442 711 1608 774 stipite

423 793 601 840 dextra

229 871 393 918 Sentit
416 870 578 917 adhuc
605 869 854 932 trepidare
880 886 1006 916 novo
1032 869 1124 915 sub
1150 868 1332 914 cortice
1359 874 1550 931 pectus,

227 947 639 1011 Complexusque
657 946 758 992 suis
775 962 952 1002 ramos,
966 953 1021 993 ut
1035 946 1272 999 membra,
1288 943 1500 997 lacertis,
1514 945 1610 989 555

228 1024 416 1071 Oscula
439 1024 526 1071 dat
549 1023 682 1085 ligno
701 1040 710 1070 :
753 1023 934 1087 refugit
957 1030 1122 1070 tamen
1149 1023 1320 1069 oscula
1344 1022 1550 1083 lignum.

226 1100 322 1148 Cui
355 1101 511 1156 Deus,
541 1106 571 1124 “
595 1099 663 1146 At
700 1101 882 1162 conjux
920 1099 1154 1163 quoniam
1193 1114 1303 1145 mea
1336 1114 1432 1145 non
1466 1104 1607 1160 potes

425 1194 551 1231 6889,

226 1338 299 1380 quia
310 1343 341 1369 et
351 1338 426 1369 alibi
442 1339 700 1380 laudatajimna:
717 1338 793 1369 etin
808 1349 886 1380 qua-

224 1394 293 1419 tuor
318 1388 412 1419 MSS.
435 1398 452 1419 e
473 1388 576 1429 glossa
596 1398 663 1418 esse
685 1395 721 1418 ut
742 1389 885 1428 placeam.

223 1436 284 1467 Sed
302 1437 346 1467 ita
366 1437 411 1467 bis
428 1436 512 1467 idem
532 1436 673 1472 dixisset,
690 1447 747 1467 nec
767 1436 885 1467 exhau-

222 1485 312 1517 sisset
333 1486 396 1516 vim
419 1485 606 1517 calamitatis
631 1496 708 1516 suae.
754 1485 885 1516 Seiden-

223 1537 365 1566 stuecker
389 1535 457 1570 Qua
480 1535 618 1577 explicat
647 1538 678 1565 in
703 1547 772 1575 qna,
796 1547 883 1574 super

223 1596 292 1625 qua,
322 1590 416 1626 atque
444 1585 512 1615 haec
539 1596 596 1625 qua
624 1587 752 1615 nimium
778 1586 882 1624 placui

223 1633 330 1664 addita
354 1639 456 1675 putat,
474 1633 549 1674 quia
565 1633 681 1664 Peneia
695 1634 762 1675 jam
785 1633 879 1664 devo-

223 1682 281 1713 rari
301 1694 319 1713 a
341 1690 424 1714 terra
442 1682 538 1725 cupit.
583 1682 701 1714 Melius
721 1688 838 1718 tamen,
857 1684 882 1713 si

223 1731 288 1763 fieri
311 1731 472 1762 commode
498 1736 613 1773 posset,
637 1743 696 1772 qua
721 1731 882 1762 referretur

224 1780 264 1811 ad
277 1782 429 1822 figuram,
451 1786 486 1811 ut
509 1780 542 1811 ii.
561 1780 641 1810 474:
669 1781 807 1811 Adimam
829 1783 882 1811 tibi

221 1830 399 1870 nempefigu
406 1841 479 1865 ram,
498 1829 565 1863 Qua
579 1830 645 1865 tibi,
660 1840 773 1869 quaque
785 1831 882 1869 places

223 1884 333 1913 nostro,
363 1879 543 1917 importuna,
569 1880 688 1908 marito.
726 1878 766 1908 Et
794 1878 882 1909 Peri-

223 1937 290 1957 zon.
314 1926 354 1957 ad
375 1927 481 1957 Sanct.
500 1925 581 1956 Min.
604 1937 638 1967 p.
656 1927 718 1957 543
739 1937 807 1967 sqq.
828 1937 882 1958 ex-

222 1975 333 2017 emplis
358 1975 478 2006 idoneis
507 1975 624 2010 docuit,
652 1976 698 2005 ita
726 1975 882 2006 interdum

224 2024 365 2066 abrumpi
385 2024 657 2060 constructionem,
677 2030 712 2055 ut
730 2024 882 2056 divellan-

223 2079 283 2110 tur,
307 2074 448 2115 pluribus
468 2074 570 2104 verbis
592 2074 789 2116 interpositis,
812 2086 881 2116 quae

224 2122 413 2153 cohaereant.
451 2122 490 2153 Id
517 2122 599 2163 quod
629 2122 660 2153 in
690 2123 726 2154 iis
748 2123 883 2154 maxime

225 2170 352 2201 vocibus
375 2171 477 2201 locum
499 2170 605 2207 habet,
622 2172 718 2202 virtus
742 2172 821 2203 adeo
837 2173 882 2203 vi-

224 2219 289 2250 deri
313 2219 421 2261 possit,
444 2230 525 2260 quae,
550 2225 585 2250 ut
611 2220 677 2250 haec
702 2220 734 2250 in
760 2231 882 2252 summa

224 2269 337 2299 mentis
348 2269 578 2311 perturbatione
589 2270 796 2311 proferuntur.
819 2270 881 2300 Sed

223 2316 370 2358 quoniam
390 2317 493 2359 plures
508 2318 599 2348 MSS.
615 2317 664 2348 hic
686 2318 776 2360 plura
792 2319 881 2349 omit-

224 2371 305 2402 tunt,
331 2366 478 2407 quoniam
498 2366 609 2398 mirum
631 2372 689 2403 est,
712 2367 881 2409 nympham

223 2420 293 2456 post
317 2421 435 2457 patrem
458 2415 542 2446 illico
563 2422 594 2447 et
612 2416 769 2447 Tellurem
796 2417 881 2447 invo-

226 2474 307 2500 care,
334 2474 435 2505 neque
459 2465 536 2496 adeo
563 2471 703 2507 apparet,
720 2472 788 2497 uter
811 2477 880 2497 eam

225 2512 400 2548 mutaverit.
430 2514 577 2554 quoniam
605 2513 740 2556 denique
764 2515 796 2545 in
821 2515 880 2545 Ar-

224 2573 309 2603 gum.
331 2562 485 2593 Lactantii
506 2574 586 2594 unus
605 2568 692 2605 pater
710 2563 881 2600 invocatur,

223 2616 385 2652 propterea
408 2611 514 2641 malim
535 2611 591 2642 hos
614 2612 691 2643 duos
710 2622 816 2643 versus
837 2612 882 2643 ita

225 2659 421 2690 contrahere:
449 2660 517 2694 Qua
538 2661 661 2690 nimium
684 2661 798 2699 placui,
815 2673 880 2692 mu-

225 2710 314 2738 tando
334 2710 423 2748 perde
435 2710 586 2751 figuram,
607 2709 733 2751 reliquis
755 2710 879 2741 deletis.

225 2757 377 2793 Quoniam
394 2757 496 2788 miseri
511 2768 593 2799 saepe
612 2763 731 2800 optant,
749 2765 782 2789 ut
798 2765 879 2789 terra

953 1340 1058 1374 hiscat,
1084 1338 1253 1379 (Heroidd.
1278 1337 1319 1368 vi.
1348 1338 1426 1374 1443
1458 1337 1544 1367 Fast.
1568 1335 1612 1366 iii.

954 1388 1036 1425 609;
1060 1387 1165 1423 Silius,
1189 1386 1229 1417 iv,
1255 1387 1328 1417 332.
1347 1387 1463 1427 jugere
1489 1386 1611 1425 infixum

953 1443 1007 1471 est,
1031 1444 1173 1476 terroeque
1196 1441 1341 1475 optantur
1367 1433 1494 1471 hiatus)
1519 1433 1612 1464 etiam

954 1485 1004 1515 hic
1020 1486 1078 1515 hoc
1091 1490 1196 1515 votum
1212 1483 1355 1514 infarcire
1373 1483 1486 1525 aliquis
1500 1482 1612 1525 potuit.

950 1533 1098 1565 Similiter
1122 1535 1183 1564 700
1208 1544 1278 1574 sqq.
1301 1533 1400 1564 verbis
1425 1532 1611 1574 quibusdam

950 1584 1072 1620 deletis,
1088 1584 1272 1624 interpretes
1287 1583 1396 1613 merito
1413 1582 1491 1612 duos
1508 1592 1613 1613 versus

951 1634 982 1664 in
1009 1644 1104 1664 unum
1130 1633 1316 1664 conflarunt.
1357 1633 1445 1663 Alias
1467 1631 1612 1663 emendd.

951 1683 1021 1713 vide
1044 1683 1076 1713 in
1103 1682 1221 1713 Variet.
1250 1682 1324 1712 lect.
1372 1682 1421 1712 De
1444 1681 1536 1711 verbo
1562 1682 1609 1711 ltr-

950 1733 1030 1767 dere,
1048 1731 1111 1762 vid.
1125 1730 1164 1761 ad
1181 1731 1254 1761 608.

993 1782 1067 1812 548.
1084 1781 1195 1811 Gravis
1209 1780 1249 1810 ab
1275 1779 1399 1815 effectu,
1416 1778 1471 1820 qui
1490 1780 1612 1820 alligat,

949 1829 1064 1871 rigidos
1100 1837 1132 1860 et
1167 1828 1342 1860 immobiles
1379 1828 1482 1859 reddit
1519 1834 1614 1859 artus.

952 1879 1094 1909 Gravitas
1117 1889 1152 1909 eo
1175 1889 1266 1909 sensu
1283 1877 1321 1908 de
1342 1879 1461 1913 arbore,
1478 1877 1520 1908 xi.
1538 1879 1613 1909 244.

950 1929 1088 1970 [illigare
1116 1934 1202 1958 artus
1229 1927 1267 1958 de
1306 1933 1440 1969 torpore,
1470 1933 1611 1963 tremore,

950 1987 1062 2019 pavore
1076 1976 1190 2019 passim
1204 1989 1209 2006 ι
1236 1976 1306 2006 vide
1322 1976 1432 2006 Heius.

993 2028 1066 2057 549.
1092 2025 1243 2065 Librum]
1270 2025 1330 2056 Hic
1360 2025 1470 2056 melius
1498 2026 1611 2067 posuit,

952 2086 1045 2117 quam
1062 2075 1215 2106 duriorem
1231 2075 1387 2105 corticem.

993 2126 1066 2156 550.
1098 2125 1272 2165 Crescunt]
1315 2124 1502 2155 Mutationis
1532 2125 1613 2155 notio

950 2174 1070 2206 variata
1091 2174 1191 2205 verbis
1215 2185 1353 2209 crescere,
1380 2175 1498 2211 haerere,
1521 2177 1612 2206 obire.

953 2224 1146 2254 Postremum
1160 2223 1203 2254 sic
1219 2229 1250 2254 et
1264 2223 1316 2254 vii.
1332 2224 1394 2254 775
1412 2235 1420 2261 ;
1443 2223 1486 2254 ix.
1501 2225 1576 2255 290.

991 2273 1065 2303 551.
1088 2273 1200 2313 Pigris,
1216 2271 1440 2308 immobilibus,
1458 2273 1497 2303 ab
1514 2273 1612 2303 homi-

949 2331 987 2351 ne
1005 2326 1176 2364 sumptum.

991 2371 1065 2401 552.
1090 2371 1233 2401 Remanet
1249 2370 1358 2411 nilon]
1381 2370 1488 2401 Nitida
1504 2372 1609 2402 laurus

948 2418 1042 2449 etiam
1067 2417 1129 2449 xiv.
1147 2419 1233 2457 720;
1257 2418 1340 2450 Plin.
1364 2420 1403 2450 V.
1430 2420 1490 2461 Ep.
1515 2419 1557 2450 vi.
1581 2421 1611 2451 4.

949 2468 1055 2509 Atque
1085 2467 1179 2499 etiam
1206 2468 1319 2509 puellis
1347 2470 1428 2499 nitor
1456 2468 1610 2506 tribuitur,

949 2516 968 2546 i.
984 2527 1012 2547 e.
1038 2515 1246 2558 pulchritudo,
1262 2517 1304 2548 xi.
1319 2518 1393 2549 272.
1437 2518 1504 2548 Hoc
1520 2529 1609 2549 suum

948 2565 1043 2596 decus
1069 2566 1206 2607 Daphne
1231 2572 1333 2597 servat
1357 2572 1488 2603 mutata,
1513 2573 1547 2598 ut
1570 2567 1609 2599 ad

949 2615 1010 2645 237
1027 2614 1230 2646 admonitum.

991 2664 1065 2694 554.
1091 2663 1279 2704 Trepidam]
1315 2663 1457 2705 Palpare,
1485 2664 1609 2698 micare.

949 2712 987 2743 de
1003 2717 1088 2743 motu
1101 2713 1212 2744 cordis.
1236 2713 1285 2744 Cf.
1299 2713 1364 2743 viii.
1378 2714 1451 2744 606.

991 2761 1063 2792 557.
1090 2762 1238 2802 Coniux]
1266 2762 1348 2793 Vide
1363 2761 1402 2793 ad
1420 2763 1494 2793 490.
