1763 3181
433 167 1055 212 METAMORPHOSEON
1088 166 1209 208 LIB.
1241 165 1325 207 IV.

1482 168 1564 210 291

175 285 456 348 Ambiguus
476 283 622 332 fuerit
636 284 782 331 modo
800 283 887 339 vir,
905 283 1052 330 modo
1067 282 1265 338 femina,
1287 282 1528 346 Scython.

242 364 314 411 Te
352 378 568 426 quoque,
609 377 740 408 nunc
780 360 998 414 adamaS,
1038 360 1289 423 quondam
1326 359 1564 408 fidissime

376 456 541 504 parvo,

1467 441 1558 484 281

178 518 357 574 Celmi,
383 517 413 564 J
418 517 522 574 ovi;
561 516 800 578 largoque
826 521 961 561 satos
989 513 1200 561 Curetas
1226 514 1287 560 ab
1314 514 1474 569 imbri,

175 595 241 642 Et
267 596 462 642 Crocon
486 594 535 641 in
561 609 738 658 parvos
764 609 960 639 versum
985 608 1098 639 cum
1127 591 1342 639 Smilace
1368 592 1530 648 flores,

175 672 456 729 Praetereo;
496 671 732 733 dulcique
756 670 945 717 animos
970 669 1187 716 novitate
1211 670 1408 717 tenebo.

243 749 391 796 Unde
417 748 481 795 sit
504 747 728 805 infamis;
771 764 924 810 quare
950 748 1079 794 male
1104 747 1314 794 fortibus
1341 747 1486 794 undis

177 825 420 873 Salmacis
445 831 662 880 enervet,
690 831 953 887 tactosque
978 824 1222 871 remolliat
1245 831 1396 881 artus,

1468 829 1563 872 286

178 902 397 951 Discite:
437 918 589 950 causa
610 902 733 949 latet
756 919 765 949 ε
805 901 877 948 vis
904 907 980 949 est
1005 901 1263 949 notissima
1285 900 1450 949 fontis.

180 979 430 1029 Mercurio
455 995 663 1045 puerum
688 979 802 1027 diva
828 979 1132 1043 Cythereide
1158 986 1328 1025 natum

171 1102 204 1134 ii.
221 1104 253 1134 8.
300 1103 449 1144 Scython:
483 1103 534 1134 De
558 1104 705 1144 Scythone
730 1102 837 1133 fabula

172 1153 323 1194 ignorata.

217 1203 292 1233 282.
317 1201 445 1238 camus,
472 1207 526 1232 aut
553 1202 670 1238 Celmis,
692 1200 837 1233 nutritius

173 1253 192 1284 J
196 1251 272 1287 ovis,
288 1250 350 1288 eui,
366 1251 440 1282 dum
454 1262 566 1291 parvus
579 1256 656 1287 erat,
672 1256 703 1281 et
708 1252 796 1291 fidus
807 1256 838 1281 et

172 1301 340 1332 admodum
355 1306 461 1342 gratus
476 1300 546 1332 fuit.
582 1300 643 1331 Sed
657 1311 752 1342 quum
766 1311 836 1341 pos-

173 1355 224 1382 tea
247 1349 415 1392 vulgasset,
435 1350 547 1381 Jovem
569 1360 635 1381 esse
661 1348 835 1386 mortalem,

173 1399 205 1430 in
227 1401 415 1430 ‹idamautem
435 1399 474 1430 ab
496 1409 532 1430 eo
547 1409 654 1429 versus
669 1404 727 1429 est.
774 1398 834 1429 Cu—

173 1455 248 1480 retes
262 1448 368 1484 iidem,
385 1448 439 1489 qui
458 1448 660 1489 Corybantes.-
679 1446 751 1478 vide
767 1447 833 1489 Hy-

172 1498 236 1540 gini
252 1498 315 1528 fab.
334 1499 404 1529 139.
419 1498 526 1539 ibique
546 1498 693 1529 Munker.
738 1498 836 1528 Erant

172 1547 380 1589 antiquissimi
405 1547 507 1579 Cretae
535 1547 658 1578 incolae.
703 1547 750 1578 Ex
777 1547 834 1577 im-

169 1597 277 1628 bribus
292 1597 444 1639 procreati
460 1597 654 1628 dicebantur.
691 1597 753 1628 Sed
769 1597 834 1638 ple-

172 1657 268 1688 raque
284 1646 322 1677 de
338 1646 375 1676 iis
387 1646 495 1688 ignota
510 1652 593 1678 sunt.
637 1649 693 1683 Ab,
709 1657 760 1677 ex.

215 1697 290 1727 283.
308 1696 423 1732 Crocos,
435 1695 626 1731 adolescens,
640 1706 733 1737 quem
750 1706 834 1726 ama-

172 1747 227 1777 bat
251 1745 376 1776 Smilaae.
420 1745 525 1776 Ambo
550 1745 581 1775 in
606 1745 697 1775 flores
721 1755 834 1785 cogno-

172 1794 311 1826 nomines
336 1794 448 1825 mutati
472 1799 556 1825 sunt.
602 1794 699 1825 Multi
726 1794 835 1835 legunt

174 1845 299 1875 Milace.
356 1844 536 1878 Salmasius.
573 1843 605 1874 in
638 1844 767 1874 exercit.
795 1843 835 1874 ad

172 1894 254 1925 Plin.
276 1894 349 1925 733.
370 1893 462 1924 docet
481 1892 604 1924 differre
626 1894 782 1924 Smilacem
805 1899 837 1924 et

175 1944 330 1974 Milacem.
376 1942 459 1974 Vide
489 1948 594 1974 tamen
622 1944 769 1974 Munker.
796 1943 834 1974 ad

173 1995 318 2025 Laetant.
334 1992 468 2034 Argum.
518 1993 641 2028 Tenebo,
659 1993 835 2024 oblectabo.

175 2042 313 2078 Novitas,
331 2041 469 2072 nondum
485 2042 614 2083 vulgata
629 2042 758 2081 fabiila3
782 2053 836 2073 no—

174 2102 220 2122 vae
244 2096 349 2123 autem
372 2091 486 2122 fabulae
508 2093 611 2123 dulces
632 2097 715 2127 sunt,
734 2092 836 2122 liben-

174 2141 292 2172 tissime
311 2140 492 2172 audiuntur.
526 2142 637 2172 Horat.
649 2141 691 2172 A.
708 2142 746 2173 P.
761 2143 837 2173 223.

174 2198 264 2233 grata
278 2193 410 2222 novitate
425 2193 537 2222 morari
551 2198 736 2231 spectatores.

216 2241 291 2271 285.
306 2239 436 2280 Infamis
447 2239 533 2281 apud
542 2241 673 2270 Veteres
683 2240 838 2276 Salmacis,

174 2289 242 2320 fons
264 2289 376 2325 Cariae,
392 2289 450 2319 hoc
477 2288 612 2324 nomine,
629 2288 713 2330 quod
738 2299 776 2319 ex
800 2299 837 2319 eo

172 2338 328 2374 bibentes,
346 2348 446 2380 eoque
461 2348 493 2369 se
508 2338 652 2368 lavantes
669 2336 837 2374 effeminet,

175 2386 379 2428 molliatque:
410 2386 493 2418 conf.
510 2398 564 2417 xv.
580 2388 654 2417 319.
700 2386 837 2417 Causam

173 2435 264 2478 hujus
278 2435 414 2466 infamia-2
430 2435 640 2477 quaesiverunt
653 2435 754 2466 multi.
778 2436 835 2466 Vi-

174 2485 287 2521 truvio,
304 2485 337 2516 ii.
353 2486 384 2517 8.
408 2484 558 2516 credibile
580 2485 714 2521 videtur,
738 2485 837 2516 Caras

173 2533 323 2564 barbaros
337 2539 368 2564 et
390 2534 531 2565 efferatos
555 2534 722 2565 dulcedine
744 2534 838 2576 hujus

175 2582 270 2613 fontis
283 2583 411 2614 allectos
427 2594 505 2620 esse,
521 2589 556 2614 ut
570 2594 608 2614 ex
624 2584 782 2614 montibus
798 2583 838 2614 ad

177 2643 250 2663 eum
285 2632 494 2670 decurrerent,
524 2633 641 2675 ibique,
676 2644 773 2674 quum
807 2633 837 2663 in

178 2692 271 2713 unam
299 2682 480 2714 societatem
506 2683 704 2718 coaluissent,
729 2682 838 2724 paula-

177 2730 233 2761 tim
248 2731 402 2763 molliores
423 2743 523 2763 mores
544 2739 746 2763 assumerent.
792 2733 837 2761 Ex

905 1107 1008 1132 mente
1028 1107 1133 1132 autem
1156 1101 1241 1132 Sexti
1265 1100 1405 1142 Pompeii
1428 1102 1568 1143 nequitia

905 1161 1069 1192 puerorum
1084 1150 1334 1192 puellarumque,
1348 1150 1521 1192 promiscue
1537 1152 1569 1183 in

905 1200 963 1231 hoc
979 1211 1011 1231 se
1026 1202 1110 1231 fonte
1124 1200 1309 1235 lavantium,
1321 1199 1471 1241 originem
1487 1202 1567 1232 infa-

905 1249 974 1280 miae
992 1249 1133 1280 dederat.
1177 1250 1230 1280 Ab
1245 1249 1431 1280 effeminatis
1446 1252 1567 1283 accola-

905 1310 972 1330 rum
1002 1299 1139 1330 moribus
1164 1299 1246 1329 hanc
1274 1298 1434 1330 infamiam
1460 1307 1568 1342 poetas

906 1348 1099 1379 transtulisse
1115 1348 1154 1378 ad
1172 1347 1301 1384 fontem,
1318 1354 1424 1378 monet
1445 1350 1566 1386 Strabo,

903 1398 959 1430 lib.
976 1398 1040 1429 xiv.
1087 1399 1192 1428 Aucta
1214 1403 1261 1428 est
1285 1398 1392 1429 fabula
1411 1409 1458 1435 eo,
1481 1400 1566 1441 quod

903 1447 1007 1478 vicina
1021 1452 1110 1478 erant
1126 1447 1258 1478 Veneris
1273 1452 1305 1477 et
1320 1447 1471 1478 Mercurii
1486 1453 1566 1479 tem-

902 1496 966 1538 pla,
982 1507 1052 1538 quae
1070 1496 1358 1536 Hermaphroditum
1379 1504 1566 1537 genuerunt.

903 1546 941 1576 In
964 1545 1097 1575 Anthol.
1120 1556 1151 1586 p.
1171 1546 1244 1576 130.
1263 1550 1351 1576 extat
1373 1545 1567 1587 epigramma

903 1594 1040 1636 elegans,
1053 1594 1137 1635 quod
1152 1605 1274 1624 omnem
1291 1594 1330 1624 ab
1347 1594 1405 1624 hoc
1422 1595 1504 1626 fonte
1520 1596 1567 1627 in-

902 1643 1029 1674 famiam
1039 1642 1194 1674 amolitur.
1217 1644 1332 1674 Noster
1340 1654 1405 1674 rem
1415 1655 1519 1676 rursus
1529 1656 1567 1677 ex

901 1691 1018 1723 fabulis
1040 1691 1165 1734 repetit.
1211 1693 1296 1723 Male
1311 1693 1412 1734 jorres
1435 1693 1567 1731 dietum,

902 1747 936 1772 ut
952 1743 1022 1773 187.
1046 1754 1106 1772 nnn
1129 1743 1244 1779 tristis;
1276 1743 1353 1772 mole
1376 1742 1459 1772 enim
1483 1754 1566 1786 saepe

903 1796 1008 1832 negat,
1038 1796 1072 1821 ut
1101 1792 1179 1821 male
1208 1802 1308 1827 scmus,
1339 1793 1414 1822 mole
1440 1794 1566 1825 sobrius.

904 1841 1078 1877 Remolliat,
1100 1841 1232 1872 molliat.
1277 1841 1339 1872 Vix
1362 1841 1419 1871 hoc
1443 1852 1568 1884 compo-

903 1889 996 1920 situm
1011 1890 1056 1921 sic
1072 1890 1155 1932 apud
1171 1890 1377 1932 antiquiorem
1388 1891 1567 1933 scriptorem

902 1940 1047 1971 occurrit.
1091 1940 1271 1971 Secundum
1296 1940 1420 1971 Vitruv.
1446 1952 1568 1973 venereo

903 1992 999 2021 morbo
1009 1991 1181 2031 implicabat
1196 1991 1245 2032 (in
1258 2001 1401 2022 venerem
1416 1992 1567 2033 proclives

901 2039 1072 2079 reddebat)
1085 2051 1148 2077 eos,
1162 2041 1215 2082 qui
1230 2040 1302 2071 inde
1317 2040 1472 2071 biberant.
1505 2042 1566 2072 Pro

904 2099 940 2119 eo
967 2100 1053 2125 mox,
1070 2090 1169 2120 molles
1195 2096 1223 2119 et
1247 2091 1410 2129 impudicos
1434 2092 1568 2121 reddere.

903 2137 953 2169 Sic
965 2144 996 2169 et
1008 2138 1091 2180 apud
1102 2139 1285 2169 Strabonem
1302 2137 1362 2168 d.l.
1377 2138 1567 2180 μαλακίζειν

903 2187 1019 2230 capies,
1056 2189 1159 2225 Quam
1170 2186 1233 2217 vim
1249 2192 1353 2217 autem
1368 2187 1483 2218 Noster
1496 2188 1527 2218 h.
1540 2200 1567 2219 v.

903 2236 1082 2279 subjecerit,
1101 2248 1139 2267 ex
1160 2247 1249 2267 versu
1271 2237 1346 2267 385.
1361 2243 1503 2278 apparet,
1521 2238 1565 2268 fa.-

904 2296 974 2316 cere
990 2285 1180 2317 semivirum.
1219 2285 1319 2321 Latet,
1335 2296 1447 2326 nempe
1463 2286 1568 2327 vulgo.

903 2337 985 2377 Ergo
996 2335 1143 2366 Alcithoe
1154 2345 1223 2365 eam
1235 2335 1301 2366 vult
1313 2334 1480 2376 explicare.
1509 2336 1567 2371 I'is,

905 2391 1016 2416 natura
1032 2384 1193 2415 mirabilis.

946 2435 1020 2465 288.
1037 2435 1190 2465 Mercurio
1201 2435 1357 2475 puerum]
1385 2434 1479 2465 Hunc
1492 2446 1567 2476 pue-

904 2495 982 2519 rum,
1009 2494 1028 2514 a
1056 2483 1240 2525 parentibus
1269 2483 1567 2525 Hermaphroditum

905 2532 1036 2568 dictum,
1052 2533 1208 2573 Hyginus,
1224 2532 1289 2562 fab.
1303 2533 1376 2562 271.
1392 2532 1424 2561 in
1440 2532 1568 2573 ephebis

907 2581 1133 2612 formosissimis
1157 2586 1309 2612 recenset.
1355 2581 1393 2611 In
1417 2592 1485 2621 qun,
1507 2587 1568 2612 etc.

908 2631 989 2661 Plin.
1006 2631 1046 2661 V.
1060 2631 1117 2673 Ep.
1131 2631 1194 2661 xvi.
1207 2630 1271 2660 filia
1284 2637 1399 2670 patrem
1412 2633 1567 2671 exscripse-

907 2687 968 2715 rat,
984 2679 1079 2710 veluti
1104 2680 1143 2710 ad
1170 2679 1337 2720 imaginem
1362 2679 1457 2722 patris
1483 2680 1568 2722 picta

907 2736 983 2760 erat.
