1763 3181
199 189 283 230 336
586 188 635 227 P.
670 186 880 227 OVIDII
916 186 1194 227 NASONIS

205 303 366 358 Quem
395 302 555 348 fecisti
591 302 810 357 hostem,
852 317 1106 364 pensaque
1141 301 1234 346 hoc
1260 300 1459 347 vulnere
1485 299 1586 345 vul-

401 378 544 425 nus.''

204 457 420 519 Jamque
445 456 739 503 remissurus
765 462 978 502 tractum
1003 455 1065 502 de
1091 470 1294 518 corpore
1319 454 1488 509 telum,
1528 456 1590 500 95

208 534 460 596 Sanguine
486 532 706 580 defectos
733 532 916 580 cecidit
940 532 1190 597 collapsus
1216 531 1266 577 in
1291 538 1440 578 artus.

273 610 369 658 Hic
381 626 581 674 quoque
594 610 889 674 Cephenum
905 616 1019 672 post
1034 623 1199 671 regern
1216 608 1402 671 primus
1415 606 1593 653 Odites

207 686 342 734 Ense
360 689 496 750 Jacet
512 687 772 751 Clymeni;
804 687 1078 734 Protenora
1102 685 1312 749 perculit
1327 684 1588 748 Hypseus;

207 763 417 827 Hypsea
442 763 718 826 Lyncides:
758 763 849 810 fuit
873 770 924 811 et
946 763 1237 825 grandaevus
1262 762 1311 808 in
1331 762 1428 808 illis

209 840 490 895 Emathion,
518 841 649 903 aequi
674 840 850 894 cultor,
879 840 1182 902 timidusque
1209 838 1429 886 Deorum
1446 841 1593 895 5‘100

208 917 369 972 Quem
396 917 631 981 quoniam
655 917 919 981 prohibent
942 917 1056 964 anni
1080 917 1283 973 bellare,
1309 916 1560 979 loquendo

209 994 424 1057 Pugnat,
452 1002 502 1042 et
526 994 745 1050 incessit,
774 995 1116 1057 scelerataque
1140 994 1351 1040 devovet
1373 1009 1524 1040 arma.

208 1069 337 1118 Huic
361 1071 592 1118 Chromis
617 1072 848 1135 amplexo
872 1071 1095 1120 tremulis
1121 1070 1294 1119 altaria
1317 1071 1495 1134 palmis

209 1148 432 1196 Demetit
456 1165 575 1196 ense
597 1155 763 1212 caput,
792 1149 926 1211 quod
951 1148 1175 1212 protinus
1201 1147 1376 1195 incidit
1399 1164 1522 1204 arae3

208 1225 377 1288 Atque
396 1225 463 1272 ibi
489 1225 747 1273 semanimi
771 1226 923 1272 verba
946 1225 1233 1273 execrantia
1256 1225 1426 1287 lingua
1503 1227 1593 1271 105

210 1301 396 1359 Edidit,
424 1309 475 1350 et
497 1302 688 1350 medios
714 1301 927 1349 animam
952 1302 1196 1365 expiravit
1214 1301 1264 1348 in
1289 1301 1448 1364 ignes.

210 1378 342 1426 Hinc
367 1379 551 1442 gemini
575 1379 765 1436 fratres,
795 1379 1107 1442 Broteasque
1139 1387 1190 1426 et
1219 1379 1452 1426 caestibus
1476 1377 1596 1425 Am-

209 1455 404 1512 Invicti,
423 1456 552 1503 vinci
577 1457 617 1503 si
642 1465 848 1520 possent
867 1457 1100 1504 caestibus
1127 1473 1289 1512 enses,
1460 1457 1598 1518 [mon

208 1532 403 1581 Phinea
426 1533 651 1581 cecidere
677 1550 854 1592 manu3
898 1534 1198 1597 Cererisque
1222 1533 1453 1581 sacerdos

210 1611 484 1675 Ampucus‚
508 1612 694 1660 albenti
718 1613 908 1660 velatus
933 1619 1159 1676 tempora
1180 1611 1320 1658 vitta.
1507 1613 1599 1657 110

209 1689 286 1736 Tu
311 1706 527 1753 quoque,
553 1690 794 1755 Iapetide,
817 1707 916 1738 non
934 1691 1023 1737 hos
1043 1689 1353 1737 adhibendus
1371 1688 1422 1735 in
1447 1704 1595 1744 usus3

213 1765 314 1815 Sed
336 1767 438 1830 qui,
464 1767 602 1830 pacis
627 1783 770 1831 opus,
795 1767 1036 1815 citharam
1063 1782 1176 1814 curn
1199 1782 1320 1813 voce
1343 1780 1594 1822 moveres3

253 1907 307 1938 97.
340 1906 402 1936 Hic
434 1918 544 1947 quoque
576 1908 758 1947 Cephenum,
790 1907 868 1948 εἴα]

212 1957 376 1987 Hactenus
406 1966 477 1986 cum
512 1967 574 1987 uno
602 1957 714 1987 Perseo
740 1967 870 1998 pugna;

937 1913 1104 1938 resectum.
1137 1907 1255 1938 Verum
1272 1905 1304 1936 h.
1321 1905 1344 1936 1.
1362 1910 1458 1947 caput
1470 1904 1537 1946 jam
1551 1914 1599 1935 re-

937 1962 1056 1987 sectum
1071 1956 1167 1986 verba
1188 1955 1266 1991 edit,
1284 1961 1319 1985 ut
1334 1954 1374 1985 vi.
1393 1955 1468 1985 558.
1491 1953 1600 1994 lingua

210 2006 283 2036 hinc
306 2015 392 2036 arma
407 2011 565 2036 vertuntur
587 2012 618 2036 et
639 2006 671 2036 in
687 2005 870 2048 Cephenum

210 2064 361 2097 proceres.
408 2054 479 2085 Post
507 2066 602 2096 regem
628 2057 755 2094 primus.
788 2054 871 2096 Regi

210 2103 363 2145 dignitate
379 2109 410 2133 et
426 2103 610 2134 auctoritate
627 2103 794 2134 secundus.

258 2154 329 2183 103.
346 2153 487 2193 Amplezo
502 2155 627 2189 altaria,
641 2159 702 2184 etc.
720 2153 808 2194 quasi
831 2154 870 2184 ad

211 2203 350 2233 Deorum
377 2202 556 2243 praesidium
585 2201 787 2243 confugienti.
832 2202 870 2232 In

212 2251 323 2293 capitis
352 2250 530 2281 discrimine
567 2251 709 2282 solebant
736 2250 776 2281 ad
802 2261 871 2282 aras

212 2299 391 2341 confugere,
414 2299 546 2341 illasque
572 2310 728 2340 prensare,
753 2305 785 2331 et
806 2301 872 2332 De—

212 2359 299 2379 orum
326 2359 451 2390 quoque
489 2354 607 2380 statuas
642 2359 678 2380 ac
707 2348 872 2380 simulacra

212 2397 390 2439 complecti.
434 2398 599 2434 Demeter-e,
626 2404 661 2429 ut
689 2397 822 2440 θερίζειν
842 2405 874 2430 et

213 2445 315 2489 ἀμᾷν,
328 2447 505 2488 frequenter
519 2459 573 2489 pro
588 2447 743 2478 trucidare
758 2454 790 2479 et
805 2458 870 2479 am-

212 2503 331 2538 putare.
377 2497 460 2528 Vide
476 2497 639 2528 Heinsium
662 2497 701 2528 ad
723 2497 807 2528 hunc
825 2499 870 2529 lo-

213 2556 296 2582 cum,
316 2552 347 2576 et
372 2545 506 2578 Valken.
535 2547 672 2577 Diatrib.
701 2547 732 2577 in
761 2547 870 2589 Eurip.

213 2595 323 2637 Reliq.
347 2607 379 2637 p.
402 2596 484 2626 225.Υ
507 2596 710 2638 Vituperatus
736 2602 784 2627 est
806 2597 872 2627 Ho-

214 2655 289 2675 mer.
305 2645 344 2676 11.
362 2648 403 2676 K.
419 2646 492 2676 457.
508 2646 592 2687 quod
608 2646 763 2687 loquentis
779 2652 873 2687 caput

214 2694 334 2734 pulveri
350 2694 507 2725 miscetur.
554 2700 596 2724 At
612 2694 664 2724 ille
686 2695 763 2725 nihil
787 2695 873 2725 aliud

216 2741 293 2778 vult,
310 2741 367 2772 nisi
383 2741 463 2772 inter
476 2742 669 2783 loquendum
691 2750 785 2784 caput
807 2754 872 2774 esse

937 2012 1056 2041 execta,
1076 2011 1107 2036 et
1122 2005 1165 2035 xi.
1181 2005 1235 2035 53.

985 2055 1057 2086 107.
1097 2053 1268 2094 Caescibus]
1305 2052 1464 2084 Caestuum
1496 2062 1602 2093 pugna

939 2110 1004 2135 erat
1026 2114 1042 2134 e
1065 2103 1238 2146 pugillatus
1263 2113 1387 2145 genere,
1408 2102 1462 2132 ubi
1485 2100 1600 2143 pugnis

938 2165 987 2185 res
1010 2155 1172 2196 agebatur,
1192 2153 1245 2184 sed
1269 2152 1406 2188 armatis,
1422 2162 1519 2193 quum
1534 2151 1600 2182 chi-

938 2203 1083 2240 rothecis,
1103 2213 1120 2234 e
1141 2203 1223 2234 corio
1244 2202 1374 2238 bubulo,
1394 2201 1495 2242 iisque
1520 2201 1599 2232 ferro

939 2258 993 2282 aut
1028 2252 1155 2294 plumbo
1187 2252 1280 2282 affixo
1314 2250 1460 2293 gravibus
1489 2250 1600 2281 armati

938 2301 1019 2332 inter
1037 2312 1069 2332 se
1089 2301 1295 2337 decertarent,
1312 2311 1382 2342 quae
1399 2299 1472 2330 loris
1487 2299 1597 2341 alliga-

939 2351 1052 2381 bantur
1066 2349 1200 2382 brachiis
1215 2361 1254 2381 ne
1267 2349 1456 2381 exciderent.

987 2401 1059 2430 110.
1084 2401 1193 2431 Albens
1214 2402 1289 2431 vitta
1313 2399 1433 2441 insigne
1455 2398 1598 2430 sacerdo-

938 2455 1004 2479 tum
1022 2461 1028 2477 :
1067 2448 1171 2480 confer
1207 2448 1273 2479 xiii.
1311 2449 1384 2479 643.
1453 2447 1599 2487 Iapetide,

939 2498 1117 2528 Hemsterh.
1136 2497 1175 2528 ad
1196 2497 1399 2539 Aristophani
1422 2497 1506 2527 Plut.
1525 2497 1599 2528 207.

940 2546 1072 2588 intellig.
1095 2547 1326 2582 Prometheum,
1353 2545 1455 2588 Iapeti
1479 2545 1599 2583 filium;

941 2595 1024 2637 quod
1046 2607 1148 2633 nemo,
1174 2596 1292 2638 opinor,
1306 2594 1460 2637 probabit.
1509 2595 1597 2631 Usus,

943 2652 1079 2686 negotia.

987 2695 1057 2724 112.
1075 2695 1232 2725 Citharum
1254 2706 1319 2724 curn
1342 2706 1407 2724 soce
1426 2693 1478 2734 qui
1495 2700 1598 2728 moret,

942 2744 995 2784 qui
1012 2754 1085 2774 voce
1110 2743 1224 2774 accinit
1249 2743 1387 2779 citharae,
1408 2742 1601 2773 citharoedus
