1763 3181
406 178 1024 221 METAMORPHOSEON
1057 179 1177 221 LIB.
1207 179 1263 221 V.

1443 181 1528 224 359

211 292 408 342 Interea
431 294 620 358 pavidae
645 294 979 359 nequicquam
1003 294 1104 343 filia
1127 295 1272 342 matri

146 370 391 419 Omnibus
417 378 493 419 est
516 371 676 427 terris,
703 373 837 419 omni
863 371 1073 435 quaesita
1097 371 1357 436 profundo.

142 446 287 495 Illam
312 465 410 495 non
435 448 593 495 rutilis
616 449 821 496 veniens
843 448 1033 495 Aurora
1057 448 1249 512 capillis

1428 451 1526 496 440

146 524 441 573 Cessantem
464 525 601 581 vidit,
624 542 723 573 non
748 525 1032 590 Hesperus3
1073 525 1157 573 illa
1180 526 1374 573 duabus

147 602 460 651 Flammifera
483 603 629 667 pinus
654 604 882 651 manibus
908 603 1169 665 succendit
1196 603 1257 650 ab
1283 602 1458 660 AEtna3

145 678 345 743 Perque
369 679 629 744 pruinosas
653 681 768 727 tulit
791 679 1061 743 irrequieta
1082 680 1329 727 tenebras.

148 756 359 812 Rursus,
381 763 436 803 ut
459 756 589 804 alma
611 756 718 805 dies
743 757 1008 804 hebetarat
1032 756 1209 814 sidera,
1232 763 1399 805 natam

147 832 277 880 Solis
303 833 365 881 ad
389 850 638 890 occasum,
668 833 798 881 Solis
824 834 1080 897 quaerebat
1101 834 1162 880 ab
1188 840 1315 882 ortu.

1433 835 1529 880 445

149 910 303 958 Fessa
325 911 493 959 labore
518 912 652 959 sitim
676 912 960 974 collegerat,
988 927 1174 975 oraque
1199 911 1321 958 nulli

148 987 438 1036 Colluerant
460 989 620 1037 fontes
639 1008 650 1047 ;
691 1005 846 1052 quum
871 995 1058 1035 tectam
1079 988 1314 1035 stramine
1332 987 1454 1034 vidit

149 1064 294 1112 Forte
319 1081 503 1123 casam,
529 1081 808 1130 parvasque
832 1064 961 1112 fores
988 1065 1228 1129 pulsavit:
1269 1071 1319 1112 at
1344 1065 1457 1111 inde

149 1140 324 1189 Prodit
361 1159 513 1201 anus;
557 1132 839 1205 Divanique
877 1141 1028 1197 videt,
1063 1142 1422 1205 lymphamque
1460 1157 1532 1188 ro-

347 1219 485 1282 ganti

190 1363 372 1395 438—461.
398 1364 494 1401 Ceres,
510 1365 719 1404 Proserpinam
731 1376 807 1405 quae-

149 1424 227 1449 rens,
240 1425 367 1453 puerum
384 1416 532 1454 quendam
551 1421 649 1446 mutat
667 1416 699 1444 in
715 1416 809 1445 stelli-

149 1474 232 1493 onem
246 1473 300 1494 seu
317 1464 470 1494 lacertam.
492 1464 570 1494 Haec
584 1463 679 1494 etiam
691 1463 808 1495 Anton.

148 1512 235 1543 xxiv.
250 1523 267 1543 e
280 1512 440 1544 Nicandro
454 1513 557 1549 refert,
570 1524 663 1555 quem
675 1513 809 1544 eundem
821 1548 823 1550 ,

150 1560 256 1591 confer
285 1561 381 1592 etiam
409 1561 442 1592 in
469 1562 614 1592 Theriac.
644 1562 707 1592 484
737 1572 808 1603 sqq.

150 1611 251 1641 Paulo
266 1610 356 1642 aliter
367 1617 398 1642 et
413 1611 604 1653 turpiuscule
621 1622 659 1641 ex
671 1611 809 1653 Orpheo,

151 1659 261 1701 fragm.
276 1661 325 1691 16.
340 1671 404 1691 rem
420 1667 546 1691 narrant
561 1660 707 1691 Clemens
718 1660 810 1691 Alex.

154 1710 269 1740 Paran.
286 1721 317 1752 p.
337 1711 387 1741 13.
402 1715 434 1741 et
448 1710 567 1741 Arnob.
583 1710 654 1740 adv.
671 1709 766 1740 Gent.
782 1720 811 1739 v.

152 1769 186 1800 p.
202 1760 273 1790 174.
319 1759 419 1790 Pavor
433 1759 487 1790 ille
511 1759 630 1795 matris,
648 1759 733 1789 Fast.
748 1757 778 1788 d.
790 1758 812 1789 l.

152 1808 215 1839 455
231 1819 299 1849 sqq.
314 1808 511 1840 describitur.
558 1809 602 1839 Ut
616 1807 666 1838 hie
684 1814 767 1837 terror
783 1815 814 1838 et

150 1858 348 1899 profundum,
363 1856 407 1888 sic
421 1868 440 1888 a
455 1857 641 1889 Callimach.
656 1862 721 1887 tota
735 1862 815 1887 terra

152 1914 184 1938 et
197 1918 304 1939 omnes
318 1907 403 1938 fluvii
418 1912 710 1938 commemorantur.
756 1907 810 1936 Se-

152 1956 291 1987 cundum
301 1956 408 1997 hymn.
418 1957 513 1986 Hom.
525 1961 606 1986 errat
615 1965 725 1986 novem
736 1953 813 1985 dies.

154 2006 253 2036 Pinus
266 2010 392 2047 possent
405 2015 473 2036 esse
488 2005 581 2039 faces,
598 2009 633 2034 ut
648 2014 743 2045 saepe.
773 2004 814 2034 Et

152 2054 300 2096 Apollod.
333 2055 413 2096 μετὰ
450 2052 656 2096 λαμπάδων;
692 2053 812 2084 Arnob.

144 2104 235 2145 faces
246 2106 393 2145 geminas.
430 2103 492 2134 Sed
508 2104 602 2134 Ceres
616 2103 751 2144 integras
766 2113 814 2133 ar-

154 2154 243 2185 bores
257 2154 401 2195 gestavit.
424 2153 509 2184 Fast.
523 2153 597 2184 493.
612 2154 749 2183 accendit
764 2163 815 2193 ge-

153 2205 249 2234 minas
274 2214 329 2243 pro
359 2204 494 2243 lampade
520 2205 623 2242 pinus.
678 2201 815 2232 Auctore

155 2252 271 2284 Claud.
294 2252 339 2284 iii.
361 2253 434 2283 376.
453 2252 532 2282 duas
557 2261 721 2292 cupressus
745 2261 816 2281 eum

155 2302 188 2332 in
199 2312 289 2332 usum
301 2301 445 2337 succidit,
460 2310 575 2342 easque
587 2299 815 2340 complectitur,

156 2351 237 2382 sicut
252 2356 336 2382 sunt.
353 2350 422 2381 Cic.
433 2351 524 2380 Verr.
536 2349 578 2380 iv.
592 2350 644 2380 48.
660 2350 749 2379 taedas
763 2360 816 2379 vo-

157 2406 222 2431 cat.
274 2400 336 2431 Sed
363 2401 439 2430 taeda
463 2399 558 2429 etiam
588 2398 679 2429 hodie
705 2398 817 2428 Siculis

156 2454 285 2480 vocatur
303 2459 401 2490 genus
423 2448 576 2484 arborum,
592 2457 661 2488 quae
678 2457 739 2477 non
758 2446 817 2477 nisi

158 2498 191 2529 in
206 2499 306 2529 AEtna
320 2503 498 2534 nascuntur,
513 2503 544 2528 et
556 2507 686 2538 quarum
699 2496 819 2537 lignum

158 2548 327 2579 resinosum
343 2547 482 2589 egregias
497 2547 615 2589 praebet
629 2546 730 2576 faces:
754 2545 819 2575 vid.

159 2596 300 2637 Brydon.
316 2596 348 2627 d.
361 2596 383 2627 l.
398 2607 428 2638 p.
446 2597 516 2627 189.
560 2596 634 2636 Ipsa
655 2595 727 2625 Dea
746 2594 819 2625 inde

160 2646 307 2687 taetlg'fera.
352 2647 397 2676 Ab
424 2646 530 2681 AEtna,
556 2646 662 2675 AEtnae
684 2643 819 2685 ignibus.

160 2695 286 2726 Petron.
314 2696 367 2726 89.
400 2696 436 2724 ab
465 2696 525 2724 aris
560 2694 697 2724 accendit
721 2692 820 2732 jaces.

162 2743 324 2780 Quomodo
340 2744 379 2774 ab
397 2744 493 2773 .Etna
508 2741 696 2777 accenderit,
712 2751 749 2770 ex
766 2751 820 2770 suo

877 1369 1051 1395 commento
1067 1370 1172 1395 narrat
1186 1362 1355 1395 Claudian.
1370 1363 1415 1394 iii.
1433 1364 1504 1394 inde
1521 1374 1539 1394 a.

877 1425 966 1445 versu
980 1414 1053 1445 392.

920 1464 995 1494 443.
1023 1464 1138 1503 Perque
1150 1465 1317 1502 pruinosas,
1329 1462 1407 1502 etc.]
1435 1462 1540 1493 Noctu

878 1517 909 1542 et
932 1512 1066 1543 interdiu
1089 1511 1234 1553 quaesivit
1255 1512 1364 1542 filiam.
1413 1512 1497 1547 Dies,
1511 1523 1538 1542 s.

878 1561 923 1591 sol
938 1561 1066 1592 clariore
1084 1572 1140 1592 sua
1163 1561 1233 1592 luce
1257 1563 1382 1598 hebetat,
1398 1562 1543 1591 obscurat

878 1610 990 1645 sidera,
1017 1616 1052 1640 ut
1076 1621 1138 1641 non
1165 1616 1348 1652 appareant.
1394 1609 1543 1640 Similiter

879 1659 952 1695 sere,
968 1659 1014 1689 Π.
1028 1659 1135 1689 Amor.
1150 1658 1192 1689 vi.
1203 1660 1255 1690 20.
1268 1659 1419 1700 psittacus
1436 1661 1543 1689 virides

876 1711 981 1748 pennis
1002 1709 1117 1739 hebetat
1139 1710 1319 1749 smaragdos.
1364 1707 1425 1738 Sed
1452 1707 1541 1738 Schi-

879 1758 965 1788 rach.
981 1757 1060 1788 alius
1075 1756 1199 1798 generis
1212 1767 1340 1788 veneres
1354 1757 1386 1787 in
1401 1756 1432 1787 h.
1443 1768 1474 1787 v.
1488 1757 1543 1786 de-

881 1805 1057 1848 prehendit.
1104 1810 1124 1822 “
1143 1806 1291 1835 Hebetare
1304 1808 1414 1841 sidera,
1430 1805 1542 1846 inquit,

882 1855 995 1886 dicitur
1019 1858 1090 1891 dies,
1106 1855 1159 1886 ubi
1185 1855 1324 1897 tepidum
1347 1860 1393 1885 est
1410 1865 1543 1896 vesperae

878 1910 1012 1946 tempus,
1043 1915 1156 1935 vacans
1190 1910 1267 1935 aestu
1297 1904 1429 1935 calentis
1461 1903 1544 1934 solis.

880 1953 983 1984 Valde
1000 1953 1122 1995 poetice
1135 1953 1166 1982 !’'

924 2003 998 2033 446.
1039 2003 1186 2044 Colligere
1222 2003 1315 2038 sitim,
1348 2001 1542 2038 contrahere,

881 2051 976 2082 etiam
1009 2052 1160 2094 reperitur
1189 2051 1273 2093 apud
1302 2051 1480 2092 Virgilium,
1513 2050 1545 2080 in

882 2101 999 2142 Georg.
1022 2101 1066 2132 iii.
1091 2101 1177 2139 3273
1210 2100 1369 2136 Horatius,
1391 2100 1452 2130 IV.
1478 2099 1541 2130 Od.

884 2150 940 2181 xii.
960 2152 1017 2181 13:
1044 2152 1194 2181 adducere
1216 2151 1294 2179 sitim
1311 2155 1450 2188 tempora.
1495 2148 1546 2178 De

882 2199 934 2230 siti
974 2199 1096 2230 Cereris
1137 2198 1236 2228 multa
1272 2197 1356 2238 apud
1393 2197 1544 2231 Veteres;

884 2249 988 2279 confer
1014 2247 1142 2278 Callim.
1166 2246 1244 2277 VII.
1268 2245 1324 2275 xii.
1350 2246 1403 2276 17.
1452 2245 1491 2274 In
1515 2243 1547 2274 h.

884 2298 1013 2328 Homer.
1043 2307 1061 2327 a
1086 2295 1255 2331 Metanira,
1281 2294 1368 2325 Celei
1394 2292 1546 2324 Eleusinii

884 2347 1014 2388 conjuge
1030 2346 1164 2387 primum
1185 2349 1342 2376 recreatur
1362 2348 1447 2384 potu,
1462 2347 1545 2384 post-

885 2406 978 2437 quam
990 2398 1026 2426 ab
1036 2395 1156 2432 Iamba,
1168 2392 1333 2426 Metanirae
1350 2392 1477 2427 famula,
1490 2401 1544 2421 ex-

885 2445 1020 2475 hilarata
1035 2449 1111 2474 erat.

930 2495 1003 2524 447.
1029 2493 1170 2523 Colluere
1198 2501 1266 2521 raro
1293 2490 1338 2521 ita
1364 2489 1485 2520 occurit
1510 2488 1548 2518 de

885 2543 1035 2581 bibente;
1060 2541 1166 2572 durius
1186 2541 1284 2570 multo
1305 2539 1389 2581 apud
1414 2539 1547 2568 Lactan-

886 2591 976 2630 tium,
991 2591 1023 2622 in
1040 2594 1234 2631 argumento,
1252 2589 1379 2628 Aquam,
1394 2589 1433 2617 ad
1450 2587 1546 2616 collu-

887 2642 996 2671 endum
1020 2641 1189 2680 jejunium,
1216 2639 1381 2679 porrigere.
1441 2636 1547 2665 Prodit

887 2701 974 2720 anus.
1018 2689 1095 2719 Haec
1112 2698 1189 2718 anus
1205 2697 1224 2716 a
1240 2686 1399 2717 Nicandro
1417 2685 1545 2719 Misma,

889 2740 927 2770 ab
944 2738 1012 2769 aliis
1030 2738 1139 2768 Baubo
1155 2741 1293 2766 vocatur.
