1763 3181
207 184 292 226 330

601 187 650 226 P.
684 184 899 226 OVIDII
932 182 1212 225 NASONIS

205 299 482 349 Ventorum
507 300 669 348 rabies
696 300 844 347 motis
870 306 1137 363 exasperat
1161 298 1323 344 undis.

205 377 401 424 Primus
429 378 476 423 in
502 377 577 423 his
605 376 843 432 Phineus,
871 376 989 423 belli
1014 374 1306 423 temerarius
1333 380 1517 428 auctor,

207 454 501 502 Fraxineam
527 454 759 517 quatiens
786 461 947 500 aeratae
973 452 1195 516 cuspidis
1221 452 1444 506 hastam;

208 537 238 555 “
258 531 385 587 En,’'
402 532 486 588 ait,
507 538 536 555 “
555 548 616 578 en
642 532 816 578 adsum
837 537 1094 594 praereptae
1116 528 1344 591 conjugis
1363 527 1506 574 ultor.
1541 529 1599 573 lO

209 608 317 656 Nec
343 608 462 655 mihi
487 615 537 655 te
557 624 750 672 pennae,
772 623 863 655 nec
889 606 1069 654 falsum
1093 621 1266 653 versus
1292 605 1341 651 in
1365 620 1539 652 aurum

205 684 420 749 Jupiter,
447 685 708 749 eripient.''
770 683 986 731 Conanti
1012 682 1210 730 mittere
1237 681 1490 745 Cepheus,

208 762 341 817 Quid
356 762 475 810 facis
487 762 536 809 ?’'
547 763 818 810 exclamat:
841 768 871 786 “
885 777 997 825 quae
1013 768 1078 817 te,
1092 775 1338 823 germane,
1356 758 1600 805 furentem

210 839 356 887 Mens
383 839 486 902 agit
515 839 565 886 in
589 839 814 887 facinus?
853 839 1107 886 meritisne
1132 839 1240 884 haec
1266 836 1425 899 gratia
1448 835 1599 883 tantis

210 916 490 964 Redditur?
527 917 619 964 hac
643 918 795 964 vitam
820 925 1027 965 servatae
1053 917 1169 963 dote
1195 914 1462 979 rependis?
1541 916 1597 961 15

207 992 369 1048 Quam
395 994 483 1040 tibi
509 1011 607 1041 non
633 994 864 1052 Perseus,
890 1011 1061 1043 verum
1086 995 1127 1041 si
1152 994 1351 1057 quaeris,
1379 991 1578 1047 ademit,

207 1070 308 1118 Sed
332 1087 479 1134 grave
501 1071 773 1120 Nereidum
792 1089 992 1128 numen,
1010 1072 1098 1119 sed
1124 1070 1349 1132 corniger
1365 1069 1595 1124 Ammon,

205 1205 364 1246 eleganter
386 1205 501 1236 dicitur
523 1209 669 1247 asperari.
691 1209 870 1247 exasperari,

208 1265 304 1295 quum
319 1261 542 1291 commovetur,
559 1256 705 1286 fluctibus
718 1256 809 1287 motis
824 1256 869 1286 in-

207 1304 330 1344 aequale
343 1304 378 1334 fit
391 1308 423 1334 et
436 1303 604 1345 hispidum.
649 1304 760 1336 Horat.
770 1304 796 1335 Ι.
808 1305 870 1336 od.

206 1364 235 1383 v.
250 1353 284 1383 7:
309 1365 412 1393 aspera
430 1353 536 1395 Nigris
550 1365 666 1394 (equora
683 1357 785 1385 centis.

251 1404 282 1434 8.
308 1403 450 1439 Phineus,
462 1403 555 1434 frater
570 1403 620 1434 hic
637 1403 774 1446 Cephei3
793 1404 872 1435 alter

207 1452 247 1482 ab
265 1451 320 1482 illo
335 1452 389 1493 qui
405 1452 503 1483 oculis
524 1453 693 1484 mulctatus
707 1453 870 1494 Argonau-

208 1506 256 1531 tas
270 1501 402 1543 hospitio
418 1501 560 1544 excepit:
587 1501 660 1533 huie
683 1507 787 1533 tamen
801 1502 870 1533 An—

209 1549 358 1581 dromeda
373 1550 561 1592 desponsata
576 1550 687 1587 fuerat,
704 1558 872 1593 antequam

209 1604 278 1629 ceto
315 1605 531 1640 exponeretur.
577 1599 660 1630 Belli
697 1603 874 1632 temerarius

208 1655 334 1685 auctor,·
365 1648 440 1685 dux,
479 1654 574 1691 caput
604 1655 698 1691 atque
735 1650 874 1682 incentor

210 1696 303 1739 hujus
321 1708 435 1739 pugnae
458 1704 525 1728 erat
539 1699 684 1734 Phineus,
703 1698 778 1729 dum
794 1711 872 1741 prae-

210 1753 331 1788 reptam
359 1748 417 1778 sibi
446 1758 590 1789 sponsam
621 1748 872 1780 inconsideratis-

213 1795 288 1827 sime
306 1795 402 1832 dolet,
414 1802 446 1827 et
456 1807 550 1837 quam
564 1807 596 1827 se
612 1797 767 1839 accepisse
783 1804 874 1839 putat

212 1844 371 1886 injuriam,
394 1845 488 1876 armis
512 1845 733 1876 vindicandam
759 1847 872 1878 consti-

213 1894 284 1925 tuit.

253 1945 287 1974 9.
335 1943 500 1975 Fraxineas
537 1946 634 1976 hastas
672 1945 874 1976 bellatoribus

210 1991 286 2023 dant
302 1999 413 2035 poetae,
431 1993 505 2035 quia
517 2000 548 2025 et
563 1994 702 2025 fraxinus
716 1995 874 2036 aptissima

210 2041 318 2078 hastis,
347 2047 380 2072 et
408 2042 544 2073 Achillis
574 2043 664 2074 hasta
696 2043 872 2075 nobilitata.

210 2091 292 2122 Plin.
308 2091 373 2121 xvi.
392 2093 443 2122 13.
492 2092 607 2122 AEratae
622 2094 761 2132 cuspidis,
777 2099 874 2124 aerata

209 2140 350 2182 cuspide.
397 2141 529 2175 Quatere
549 2147 581 2172 et
604 2143 719 2172 vibrare
740 2142 873 2180 hastam,

212 2196 260 2221 est
271 2190 349 2232 ejuS,
365 2190 419 2231 qui
432 2197 486 2222 aut
504 2191 665 2222 minitatur
677 2192 810 2232 jactum,
821 2199 874 2223 aut

211 2239 251 2270 ad
265 2249 403 2281 pugnam
418 2247 566 2281 provocat
582 2240 725 2272 alterum.

259 2289 308 2319 10.
334 2289 396 2324 En,
421 2290 476 2325 ait,
497 2289 560 2330 en.]
585 2290 689 2332 Hujus
713 2289 874 2332 particulae

211 2337 427 2368 exclamativae
449 2338 592 2380 repetitio
610 2339 712 2370 vivide
730 2339 875 2381 exprimit

210 2386 455 2428 indignationem
467 2387 590 2419 Phinei.
616 2389 792 2428 Proeripere,
803 2396 874 2420 ante

210 2445 328 2476 rapere,
362 2436 445 2478 quod
476 2437 564 2468 alteri
595 2438 777 2469 debebatur.
823 2439 873 2469 Sic

208 2487 378 2524 praecipew,
396 2486 484 2527 Virg.
503 2486 571 2517 Ecl.
594 2487 638 2518 iii.
662 2488 715 2518 98.
762 2487 875 2518 Pennis

212 2540 244 2565 et
272 2535 345 2565 Jove
377 2541 465 2577 patre
494 2535 645 2577 imprimis
672 2537 874 2578 superbiebat

215 2583 359 2620 Perseus,
383 2584 425 2615 iv.
450 2584 632 2616 696—699.
680 2586 814 2621 Falsum,
841 2586 874 2616 in

212 2632 295 2673 quod
311 2632 382 2675 quis
404 2633 534 2664 fallendi
554 2645 649 2665 causa
670 2633 789 2665 transit.
834 2635 874 2665 Et

211 2681 243 2712 in
269 2682 331 2712 tale
357 2693 464 2713 aurum
493 2689 630 2714 mutatus
649 2689 715 2714 erat
737 2684 872 2726 Jupiter.

212 2730 272 2761 Sed
290 2731 425 2763 Phineus
440 2742 554 2772 negare
571 2743 652 2763 nunc
668 2732 745 2767 vult,
762 2732 871 2763 Jovem

938 1216 1005 1237 esse
1027 1205 1094 1247 ejus
1113 1210 1245 1247 patrem.
1290 1203 1402 1244 Itaque
1423 1211 1514 1244 cape,
1530 1202 1601 1232 uti.

939 1256 1014 1286 754.
1029 1255 1151 1296 flclsum
1175 1256 1351 1296 genitorem,
1376 1258 1407 1283 et
1429 1252 1472 1282 ix.
1495 1252 1546 1282 24.
1569 1251 1602 1283 in

938 1303 1031 1335 simili
1066 1303 1313 1346 exprobratione,
1332 1303 1445 1342 fictum
1474 1307 1602 1341 patrem.

940 1353 1077 1389 Mittere,
1093 1358 1128 1383 ut
1140 1351 1288 1393 βάλλειν,
1304 1351 1461 1382 absolute.

983 1403 1034 1433 13.
1057 1402 1138 1436 Quid
1155 1402 1261 1443 j'acis?
1287 1400 1366 1441 etc.]
1391 1400 1469 1430 Haec
1493 1400 1601 1437 oratio,

938 1462 1008 1492 quae
1032 1451 1064 1482 in
1087 1451 1130 1482 rei
1154 1450 1340 1491 indignitate
1365 1449 1604 1481 demonstranda

940 1507 1089 1537 versatur,
1107 1500 1254 1532 convenit
1269 1510 1407 1542 personae
1423 1498 1505 1530 senis
1515 1499 1604 1541 justi.

943 1550 1016 1584 Quae
1038 1556 1078 1580 te.
1112 1550 1272 1586 Heinsius,
1299 1549 1348 1580 vel
1378 1548 1484 1579 invitis
1503 1559 1601 1579 mern-

939 1599 1045 1630 branis
1068 1605 1175 1630 censet
1197 1598 1378 1641 legendum,
1401 1600 1479 1639 quod
1505 1604 1544 1634 te,
1568 1604 1604 1630 ut

940 1649 1149 1691 conjungatur
1176 1658 1248 1679 curn
1261 1648 1402 1690 facinus.
1447 1647 1545 1684 Mens,
1568 1653 1604 1678 ut

940 1698 1052 1740 Θυμός,
1067 1698 1122 1734 ira,
1143 1697 1278 1728 insania.
1304 1696 1410 1728 Tibul.
1425 1696 1487 1727 IV.
1503 1696 1547 1727 iii.
1562 1697 1597 1727 7:

944 1748 1122 1789 Quisfiiror
1137 1755 1189 1784 est,
1203 1758 1266 1788 quae
1281 1747 1385 1777 mens?
1407 1747 1486 1777 Hor.
1500 1747 1527 1777 Ι.
1542 1747 1602 1788 ΕΡ.

939 1795 975 1826 ii.
996 1797 1059 1827 60:
1090 1798 1174 1827 dolor
1201 1797 1274 1837 quid
1302 1797 1429 1827 suaserit
1458 1802 1486 1826 et
1511 1806 1601 1826 mens.

943 1846 1015 1882 Dos,
1031 1847 1205 1889 praemium,
1219 1851 1371 1887 quatenus
1385 1844 1478 1875 datur
1491 1855 1602 1887 sponso

942 1895 1068 1937 nuptias
1083 1894 1266 1926 celebranti.
1309 1894 1405 1924 Vitam
1420 1900 1541 1925 servutae
1557 1905 1603 1924 re-

937 1946 1076 1984 pendere,
1104 1954 1230 1986 operam
1259 1943 1329 1973 vitae
1359 1949 1487 1974 servatae
1515 1953 1600 1974 com-

941 2004 1085 2035 pensare.

987 2043 1036 2073 17.
1063 2043 1164 2073 Grave
1191 2053 1313 2079 numen,
1345 2041 1377 2072 id
1401 2047 1458 2078 est,
1485 2048 1601 2080 potens.

944 2093 1119 2124 Nereidum.
1142 2092 1225 2123 Vide
1236 2092 1275 2123 ad
1286 2092 1328 2123 iv.
1338 2093 1412 2123 669.
1445 2092 1602 2133 Corniger,

941 2142 1016 2183 quia
1031 2143 1087 2173 sub
1105 2141 1208 2173 arietis
1228 2142 1325 2172 forma
1339 2141 1499 2172 colebatur
1513 2150 1532 2172 a
1548 2141 1600 2171 Li-

940 2191 1029 2233 bycis
1052 2190 1209 2232 gentibus.
1254 2190 1336 2221 Vide
1354 2189 1601 2221 Freinshemium

941 2240 981 2271 ad
1006 2240 1161 2276 Curtium,
1186 2240 1245 2271 IV.
1263 2239 1315 2270 vii.
1338 2240 1390 2270 23.
1438 2239 1602 2270 Iss'isceribus

941 2292 1020 2326 meis,
1037 2289 1100 2320 filia
1116 2300 1196 2320 mea.
1225 2289 1342 2320 Viscera
1358 2295 1389 2319 et
1403 2287 1600 2330 σπλάγχνα,

942 2339 1041 2376 liberi,
1060 2339 1151 2370 amici
1172 2345 1204 2370 et
1227 2338 1407 2380 quicunque
1426 2338 1516 2369 nobis
1537 2338 1601 2369 cari

941 2395 1023 2424 sunt,
1049 2387 1130 2419 sicut
1152 2388 1272 2418 viscera
1302 2394 1418 2419 nostra.
1463 2388 1519 2418 Sed
1540 2397 1601 2418 non

941 2437 1007 2468 sine
1023 2437 1052 2468 vi
1071 2448 1090 2468 a
1109 2438 1222 2468 Nostro
1240 2437 1356 2479 passim
1375 2437 1420 2468 sic
1440 2435 1601 2479 repetitur,

942 2498 1038 2528 quum
1068 2486 1231 2518 sententiae
1263 2491 1506 2517 coacervantur:
1540 2485 1601 2517 vid.

941 2536 1077 2574 Quintil.
1094 2536 1174 2567 Inst.
1193 2536 1248 2567 Or.
1263 2536 1324 2566 lx.
1339 2535 1383 2567 iii.
1402 2536 1454 2566 48.
1476 2535 1529 2565 ubi
1549 2534 1599 2566 hic

942 2584 1008 2626 ipse
1036 2585 1122 2616 locus
1147 2585 1186 2615 ab
1211 2595 1248 2616 eo
1266 2584 1432 2615 laudatur:
1457 2583 1502 2614 sic
1526 2588 1557 2614 et
1579 2583 1600 2613 i.

941 2635 1015 2665 595.
1074 2634 1184 2664 Benna
1220 2635 1330 2665 ademit
1358 2633 1454 2676 paulo
1480 2631 1599 2667 durius,

941 2683 1088 2725 adempta
1104 2683 1158 2714 tibi
1175 2693 1223 2719 eo,
1238 2683 1321 2725 quod
1337 2681 1516 2714 devoranda
1529 2691 1596 2722 pro-

942 2732 1043 2774 posita
1057 2738 1123 2764 erat
1137 2732 1263 2764 belluae.
