1763 3181
218 175 304 218 484
613 175 662 216 Ρ.
698 175 910 217 OVIDII
943 176 1222 218 NASONIS

218 291 314 338 Cui
339 305 436 336 non
461 290 557 336 ista
580 289 678 337 fide
703 290 823 337 satis
848 291 1156 353 experientia
1180 307 1300 338 sano

217 367 405 430 Magna
423 366 581 414 foret?
606 383 703 413 non
730 383 838 413 sum
858 374 1140 422 contentus,
1161 374 1210 414 et
1229 367 1279 413 in
1300 382 1409 413 mea
1433 382 1601 429 pugno

215 443 449 498 Vulnera,
471 443 589 489 dum
615 459 796 490 census
820 443 938 490 dare
964 459 1042 490 me
1063 459 1152 506 pro
1179 450 1325 489 nocte
1350 443 1597 505 paciscor3

217 518 530 582 Muneraque
555 518 784 580 augendo
805 519 1007 566 tandem
1033 519 1260 566 dubitare
1284 519 1442 581 coegi.
1505 522 1602 565 740

215 595 485 643 Exclamo:
550 600 580 619 “
603 594 740 642 Male
780 602 945 643 tectus
992 612 1085 658 ego
1131 612 1210 651 en,
1250 596 1379 643 male
1426 601 1602 658 pactus

413 672 635 729 adulter3

211 747 372 795 Verus
398 763 531 794 eram
556 749 768 810 conjux3
809 765 904 804 me,
931 748 1136 812 perfida,
1159 754 1287 795 teste
1313 747 1545 795 teneriS.”

212 823 307 870 Illa
331 823 478 871 nihil:
514 823 667 871 tacito
693 825 1037 872 tantummodo
1060 825 1191 871 victa
1215 825 1402 887 pudore.

215 899 459 946 Insidiosa
484 901 615 946 malo
639 916 754 947 cum
779 902 991 963 conjuge
1016 901 1187 947 limina
1209 900 1362 962 fugit3

213 975 519 1039 Offensaque
545 977 642 1023 mei
667 993 824 1039 genus
849 994 994 1025 omne
1019 994 1196 1040 perosa
1217 977 1431 1023 virorum

211 1052 472 1100 Montibus
492 1054 700 1109 errabat,
728 1055 906 1101 studiis
922 1061 1132 1118 operata
1154 1053 1346 1100 Dianae.

209 1128 338 1175 Tum
362 1129 482 1176 mihi
507 1129 704 1177 deserto
728 1130 988 1178 violentior
1011 1130 1140 1192 ignis
1165 1130 1229 1176 ad
1253 1145 1367 1176 ossa

209 1204 472 1252 Pervenit:
512 1206 714 1252 orabam
737 1207 948 1262 veniam,
976 1213 1027 1254 et
1050 1207 1292 1270 peccasse
1315 1205 1522 1260 fatebar,

208 1280 275 1327 Et
298 1280 522 1344 potuisse
547 1282 677 1329 datis
702 1283 851 1330 simili
877 1284 1203 1330 succumbere
1228 1283 1389 1345 culpae

207 1356 296 1404 Me
321 1372 522 1419 quoque
554 1358 857 1415 muneribus,
885 1359 926 1405 si
952 1374 1154 1406 munera
1178 1365 1319 1405 tanta
1341 1357 1593 1405 darentur.

206 1431 318 1480 Hoc
343 1433 462 1479 mihi
488 1433 718 1482 confesso
740 1435 913 1481 laesum
935 1435 1072 1498 prius
1091 1434 1196 1480 ulta
1213 1434 1469 1497 pudorem,
1498 1436 1589 1480 751

1502 978 1597 1022 745

247 1581 320 1611 741.
337 1580 420 1611 Male
432 1587 525 1612 tectus
535 1592 597 1623 ego,
608 1582 687 1622 etc.]
711 1582 738 1612 E
750 1592 865 1623 magna
930 1581 1032 1623 prium
1042 1582 1169 1613 verbum
1180 1590 1347 1617 sacrorum,
1359 1579 1485 1611 omnino
1497 1579 1594 1621 signi-

202 1630 377 1672 ineptarum
404 1630 575 1661 lectionum
599 1630 761 1667 varietate,
784 1631 864 1661 diffi-
931 1631 1005 1662 ficat
1019 1641 1145 1673 operam
1161 1630 1251 1661 dare:
1277 1629 1436 1664 Horatius,
1450 1630 1477 1660 I.
1492 1629 1551 1671 Ep.
1561 1629 1595 1659 ii.

203 1678 265 1709 cile
290 1684 337 1709 est
362 1676 483 1719 aliquid
507 1679 583 1709 certi
605 1689 725 1710 eruere.
772 1679 864 1720 Opti·
931 1681 983 1709 29.
1000 1681 1031 1710 in
1053 1685 1122 1710 cute
1137 1679 1274 1709 curanda
1285 1679 1356 1717 plus
1374 1689 1454 1718 aequo
1473 1684 1594 1717 operata

203 1737 290 1758 mum
312 1726 389 1757 mihi
404 1726 528 1757 videtur
543 1727 717 1758 Burmanni
741 1728 863 1769 conjec-
921 1730 1083 1768 juventus.

203 1782 306 1807 turam
320 1776 420 1816 sequi,
434 1776 519 1806 Male
533 1782 628 1807 tectus
641 1787 704 1818 ego,
720 1778 798 1807 male
801 1777 864 1817 fic-
977 1777 1054 1807 751.
1084 1776 1201 1806 Laesum
1221 1778 1308 1816 prius
1329 1776 1398 1806 ulta
1418 1775 1591 1816 pudorem]

204 1832 252 1856 tus
271 1826 404 1856 adulter.
448 1825 557 1856 Codex
581 1826 620 1856 B.
636 1826 731 1862 Male,
744 1833 866 1866 pectora
932 1825 1002 1856 Hoc
1024 1830 1071 1856 est
1093 1824 1173 1855 illud
1194 1825 1310 1866 ipsum,
1326 1823 1409 1865 quod
1426 1834 1516 1854 versu
1531 1824 1594 1855 687

203 1875 316 1916 detego,
331 1874 428 1914 fictus
449 1874 593 1911 adulter;
616 1874 733 1915 optime
758 1880 862 1905 certe:
929 1875 1054 1913 pudoris
1076 1885 1167 1904 causa
1192 1874 1307 1903 siluisse
1335 1872 1462 1908 dicitur,
1486 1878 1518 1904 et
1541 1872 1594 1904 hic

202 1929 235 1954 et
249 1933 298 1959 ea,
310 1922 342 1953 ni
357 1922 458 1958 fallor,
467 1932 541 1953 vera
557 1927 604 1953 est
619 1922 724 1954 lectio.
770 1923 863 1959 Male,
933 1923 1024 1953 verbo
1042 1928 1163 1953 tantum
1178 1922 1290 1963 tangit.
1334 1921 1458 1963 Nempe
1472 1921 1594 1952 Procris

200 1972 233 2002 in
248 1982 352 2003 meum
367 1971 528 2002 damnum.
559 1971 675 2008 Tectus,
685 1971 748 2003 sive
754 1973 861 2012 fictus,
919 1973 1057 2011 juvenili
1072 1972 1177 2002 habitu
1190 1971 1300 2001 Dianae
1312 1971 1467 2001 voluntate
1480 1972 1520 2001 ad
1538 1971 1592 2002 Ce—

199 2022 322 2051 adulter
330 2032 341 2057 ,·
365 2020 530 2050 simulatus
553 2030 638 2051 eram
659 2020 791 2057 adulter,
808 2021 862 2052 sed

200 2079 292 2100 verus
317 2069 444 2110 conjux.
492 2069 634 2106 Teneris;
667 2069 862 2110 deprehensa

199 2116 402 2148 convinceris.
446 2117 529 2148 Vide
545 2117 668 2149 Ernesti
684 2117 774 2149 Clav.
789 2118 861 2150 Cic.

199 2167 272 2198 h.v.

243 2216 317 2246 746.
344 2215 477 2245 Errabat
490 2214 523 2245 in
537 2216 685 2246 montibus
705 2225 789 2246 more
808 2225 860 2246 ea-

200 2274 278 2300 rum,
296 2274 366 2304 quae
388 2262 550 2304 fugiebant
562 2263 643 2294 viros
663 2269 695 2294 et
714 2273 861 2296 amorem.

199 2311 378 2343 Secundum
400 2312 478 2342 alios
497 2311 577 2353 fugit
598 2312 631 2342 in
651 2312 790 2348 Cretam,
806 2312 860 2343 ubi

201 2360 315 2396 Diana,
331 2371 427 2401 quum
442 2370 512 2391 earn
528 2359 723 2401 cognovisset
737 2362 776 2391 ab
792 2363 859 2392 Au-

198 2419 266 2440 rora
288 2409 465 2450 deceptam,
480 2411 684 2440 misericordia
704 2416 787 2440 tacta
806 2411 861 2440 dat

197 2461 223 2489 ei
228 2459 384 2498 jaculum,
400 2459 477 2498 quod
492 2468 575 2489 nemo
589 2460 701 2488 evitare
713 2464 818 2497 posset,
832 2464 861 2489 et

197 2518 299 2538 canem
316 2506 474 2547 Laelapem,
490 2517 573 2546 quem
590 2507 678 2537 nulla
681 2507 760 2546 fera
780 2507 858 2548 effu-

195 2566 266 2596 gere
287 2558 386 2595 possit.
430 2556 481 2586 Ita
500 2555 668 2596 Hyginus;
693 2555 750 2586 sed
773 2555 857 2597 apud

195 2604 388 2635 Antoninum
410 2610 441 2635 et
455 2604 682 2646 Apollodorum
705 2614 725 2634 a
737 2604 857 2641 Minoe,

196 2652 281 2693 quod
304 2662 368 2683 rem
391 2662 463 2683 cum
483 2663 520 2683 eo
540 2652 702 2689 habuerat,
715 2653 857 2695 jaculum

194 2705 225 2731 et
241 2710 350 2731 canem
366 2700 493 2742 accipit.
541 2701 679 2741 Operm-i,
690 2701 773 2742 quod
788 2711 857 2743 pro-

928 2021 1053 2060 phalum
1064 2023 1156 2056 venit,
1166 2031 1289 2060 eumque
1301 2021 1491 2059 provocavit.-
1506 2031 1591 2060 quem

929 2072 961 2099 in
986 2071 1142 2099 venatione
1165 2069 1330 2108 superavit.
1377 2067 1535 2107 Cephalus,
1557 2074 1596 2098 ut

928 2119 1006 2148 vidit
1036 2123 1152 2147 tantam
1185 2118 1348 2155 polentiam
1387 2117 1470 2147 canis
1502 2123 1592 2156 atque

918 2166 1023 2204 jacuti
1045 2176 1113 2201 esse,
1134 2167 1211 2205 petit
1235 2166 1270 2195 ab
1294 2165 1415 2204 hospite,
1432 2176 1492 2194 non
1513 2167 1594 2195 aesti-

927 2226 1012 2245 mans
1026 2217 1181 2256 conjugem
1195 2225 1278 2244 suam
1300 2224 1368 2249 esse,
1380 2220 1416 2244 ut
1430 2215 1484 2244 sibi
1496 2216 1592 2254 jacu-

928 2264 990 2293 lum
1013 2270 1042 2293 et
1064 2274 1168 2294 canem
1191 2263 1342 2293 venderet.
1395 2261 1457 2292 Illa
1480 2273 1592 2303 negare

927 2314 1027 2350 coepit.
1076 2311 1176 2353 Regni
1198 2322 1310 2351 quoque
1330 2316 1449 2350 partem
1466 2312 1590 2350 pollice-

928 2367 998 2391 tur:
1028 2361 1083 2391 illa
1110 2367 1212 2401 negat.
1259 2360 1316 2390 Sed
1347 2361 1371 2389 si
1394 2361 1506 2400 ntique,
1531 2361 1588 2396 ait,

924 2417 1038 2448 perstas
1060 2411 1091 2439 id
1111 2411 1268 2448 possidere,
1288 2410 1329 2439 da
1352 2408 1425 2438 mihi
1448 2409 1489 2444 id,
1511 2409 1589 2448 quod

924 2460 1012 2497 pueri
1026 2460 1119 2488 solent
1134 2460 1217 2488 dare.
1264 2456 1323 2498 Ille
1338 2458 1546 2496 amorejaculi
1559 2463 1589 2487 et

926 2510 1010 2538 canis
1039 2510 1176 2538 incensus
1202 2508 1338 2546 promisit
1367 2517 1396 2536 se
1424 2507 1584 2536 daturum.

928 2556 989 2590 Qui
1009 2567 1099 2596 qztum
1122 2557 1154 2586 in
1173 2556 1316 2585 thalamos
1338 2556 1493 2590 venissent,
1510 2554 1588 2584 Pro-

925 2606 984 2634 cris
1004 2606 1133 2634 ostendit
1152 2615 1182 2635 se
1191 2603 1342 2645 feminam
1365 2613 1423 2634 esse
1436 2609 1465 2633 et
1479 2604 1585 2642 conju.-

923 2664 989 2694 gem
1005 2654 1108 2683 illius:
1125 2664 1191 2683 cum
1207 2663 1267 2692 qua
1281 2652 1437 2692 Cephalus,
1452 2651 1586 2681 muneri-

924 2702 976 2732 bus
990 2703 1128 2741 acceptis,
1144 2703 1235 2733 rediit
1250 2703 1281 2732 in
1295 2702 1439 2743 gratiam.
1476 2701 1568 2731 chx
