1763 3181
244 200 332 240 236
632 197 680 238 Ρ.
719 195 931 238 OVIDII
965 195 1243 237 NASONIS

249 314 568 375 Sulcavitque
594 320 758 359 cutem
785 312 932 373 rugis,
957 320 1007 359 et
1031 327 1181 358 curva
1204 311 1430 358 trementi

248 391 478 438 Membra
501 389 615 436 tulit
639 406 787 452 passu
811 408 821 445 ;
850 405 1019 436 vocem
1046 405 1245 451 quoque
1270 388 1386 436 fecit
1411 388 1587 435 anilem
1608 405 1616 434 :

247 468 463 531 Ipsaque
483 467 538 513 fit
564 466 740 520 Beroe,
770 465 993 512 Semeles
1021 465 1291 528 Epidauria
1315 464 1496 511 nutrix.

248 545 378 607 Ergo
403 544 503 598 ubi,
530 550 730 606 captato
756 559 997 597 sermone,
1020 542 1206 605 diuque
1232 541 1496 604 loquendo,
1524 543 1619 587 279

245 622 323 668 Ad
348 637 527 668 nomen
552 637 727 668 venere
753 619 906 675 Jovis,
934 619 1179 683 suspirat:
1220 627 1284 673 et,
1317 625 1346 642 “
1370 618 1552 681 Optem

244 698 442 762 Jupiter
467 705 520 744 ut
545 697 654 753 sit,’'
680 698 774 744 ait:
817 703 846 721 ‘⁶
876 705 1040 744 metuo
1065 706 1230 744 tamen
1255 696 1419 743 omnia
1440 713 1449 742 :
1478 695 1619 742 multi

246 775 461 822 Nomine
489 774 726 820 Divorum
752 774 994 821 thalamos
1020 775 1215 821 subiere
1241 773 1463 837 pudicos.

245 851 353 898 Nec
374 858 538 897 tamen
559 867 669 898 esse
689 850 825 898 Jovis
845 851 966 897 satis
988 859 1085 898 est:
1110 851 1195 898 det
1211 850 1388 914 pignus
1409 848 1585 896 amoris
1604 867 1614 905 ;

245 928 296 974 Si
318 928 463 974 modo
479 943 622 974 verus
645 927 684 973 is
706 935 781 975 est
800 944 809 974 :
839 935 1170 990 quantusque,
1189 934 1238 974 et
1257 926 1417 989 qualis
1440 927 1500 972 ab
1522 925 1621 972 alta

241 1004 271 1051 J
278 1021 438 1052 unone
464 1004 724 1068 excipitur,
752 1012 936 1061 tantus,
963 1005 1177 1068 talisque
1200 1011 1368 1066 rogato
1523 1005 1618 1049 285

245 1082 345 1129 Det
368 1081 459 1128 tibi
484 1082 774 1145 complexus
793 1100 803 1138 3
834 1097 1023 1144 suaque
1046 1088 1159 1128 ante
1179 1079 1389 1142 insignia
1409 1078 1619 1126 sumat.''

241 1158 443 1206 Talibus
469 1157 688 1220 ignaram
713 1157 741 1204 J
748 1175 845 1205 uno
874 1158 1148 1206 Cadmeida
1171 1157 1317 1204 dictis

241 1235 524 1282 Formarat:
562 1242 701 1297 rogat
726 1235 810 1282 illa
832 1234 1008 1282 Jovem
1034 1235 1139 1282 sine
1165 1234 1360 1281 nomine
1386 1249 1582 1279 munus.

241 1311 336 1358 Cui
360 1311 512 1367 Deus,
532 1317 562 1335 “
582 1311 772 1373 Elige,⁷'
789 1311 878 1366 ait3
904 1317 933 1335 “
947 1312 1131 1358 nullam
1147 1312 1334 1375 patiere
1350 1310 1614 1373 repulsam.

240 1388 451 1451 Quoque
468 1389 623 1451 magis
642 1389 832 1445 credas,
854 1389 1017 1452 Stygii
1035 1404 1234 1452 quoque
1253 1386 1454 1435 conscia
1472 1394 1618 1433 sunto

240 1465 459 1512 Numina
473 1465 702 1512 torrentis
721 1483 730 1513 :
750 1467 896 1512 timor
911 1474 960 1513 et
977 1466 1113 1513 Deus
1129 1466 1211 1512 ille
1231 1463 1500 1512 Deorum.”
1522 1466 1612 1510 291

240 1541 377 1589 Laeta
391 1542 535 1598 malo,
549 1542 854 1606 nimiumque
872 1550 1061 1607 potens,
1075 1536 1391 1606 perituraque
1408 1539 1619 1588 amantis

237 1660 301 1691 xiii.
323 1662 394 1692 533.
420 1672 507 1700 passu
533 1663 622 1692 anili.
662 1661 746 1692 Tulit
768 1664 896 1693 membra

236 1708 421 1749 exquisitius
437 1720 543 1750 quam,
561 1709 698 1740 incessit.

964 1663 1054 1693 MSS.
1070 1668 1181 1704 praeter
1200 1661 1287 1692 duos.
1325 1663 1409 1697 Alta,
1427 1671 1550 1702 magna,
1565 1670 1618 1691 no-

962 1711 1126 1743 bilissima.
1175 1711 1273 1741 Coesar
1295 1712 1388 1747 altus,
1405 1710 1451 1740 ΙΙ.
1468 1711 1560 1740 Pont.
1576 1709 1619 1740 iii.

279 1761 353 1789 278.
387 1759 455 1799 Ipsa
481 1770 635 1790 summam
661 1759 895 1790 similitudinem

236 1808 392 1850 exprimit.
436 1808 510 1839 Alia
540 1809 632 1839 Beroe
664 1809 698 1839 fit
726 1811 784 1840 Iris
812 1810 894 1851 apud

239 1857 417 1898 Virgilium,
440 1858 568 1889 AEneid.
585 1870 614 1889 v.
635 1859 715 1896 620;
739 1859 801 1890 alia
826 1871 890 1890 rur-

236 1917 298 1942 sus,
321 1907 442 1938 Oceani
462 1907 536 1943 filia,
560 1908 600 1938 G.
617 1908 660 1938 iv.
684 1909 735 1938 34.
757 1919 891 1939 comme-

237 1961 381 1986 moratur.

282 2006 355 2036 280.
371 2006 418 2036 Ad
436 2017 538 2035 nomen
558 2017 660 2036 venere
679 2006 789 2046 lavia]
815 2007 891 2037 Bre-

237 2053 314 2085 viter
329 2054 465 2095 Hygin.:
493 2056 637 2089 Alumna,
653 2062 718 2094 pete
733 2067 751 2084 a
764 2054 846 2091 Jove,
861 2062 894 2086 ut

236 2105 277 2133 sic
291 2106 330 2133 ad
348 2110 374 2133 te
391 2105 500 2139 veniat,
516 2106 758 2143 quemadmodum
776 2106 814 2134 ad
834 2105 894 2135 Ju-

237 2163 351 2187 nouem,
367 2159 402 2182 ut
422 2153 507 2188 scias,
529 2164 590 2192 quae
615 2154 747 2192 voluptas
767 2155 804 2183 sit
828 2165 895 2183 cum.

238 2202 300 2232 Deo
314 2203 516 2232 concumbere.
553 2201 614 2232 Sed
628 2202 693 2233 liaee
710 2208 814 2233 nostra
826 2213 893 2233 ora-

237 2252 278 2281 tio
294 2252 392 2282 multo
407 2251 505 2293 magis
520 2251 559 2282 ad
572 2251 743 2283 fallendum
754 2258 800 2283 est
811 2263 895 2283 com-

238 2300 351 2342 posita.

279 2352 353 2381 282.
377 2350 516 2381 Verbum
531 2351 628 2380 subire
648 2356 754 2392 aptum
774 2349 896 2382 furtivis

237 2400 393 2431 amoribus
415 2405 446 2430 et
472 2399 635 2430 fallacibus
662 2400 819 2436 adulteris,
839 2400 889 2442 ju-

236 2449 305 2481 dice
331 2450 439 2479 Burm.
478 2448 561 2479 Mihi
581 2459 652 2479 vero
671 2451 784 2480 subiere
809 2449 891 2480 idem

236 2509 302 2530 esse
328 2498 462 2533 videtur,
491 2498 574 2539 quod
598 2499 701 2535 iniere,
729 2498 811 2541 quod
838 2498 891 2529 alii

236 2553 418 2590 agnoscunt,
433 2549 604 2578 intrarunt.

279 2599 352 2629 283.
379 2598 447 2628 Esse
471 2597 563 2633 Jovis,
580 2598 699 2629 scilicet
715 2604 753 2633 te,
771 2598 811 2629 de
829 2608 892 2639 qua

239 2649 334 2679 forma
357 2646 501 2688 loquendi
525 2647 588 2678 vid.
611 2647 718 2678 Heins.
743 2647 783 2678 ad
809 2648 891 2679 Vell.

236 2698 268 2728 ii.
281 2698 332 2727 88.
345 2696 428 2737 quod
444 2695 469 2726 si
485 2695 536 2726 cui
552 2696 660 2727 durius
673 2696 703 2727 h.
716 2697 739 2726 l.
756 2696 890 2732 videtur,

236 2747 367 2777 retineat
389 2745 500 2781 Jovem,
523 2745 606 2787 quod
636 2751 761 2777 tuentur
786 2757 892 2777 omnes

964 1762 1003 1791 63
1018 1772 1026 1799 ;
1050 1761 1125 1791 Hor.
1142 1761 1204 1790 ΙΙΙ.
1222 1759 1284 1790 Od.
1300 1760 1341 1789 iv.
1382 1759 1553 1795 Fornulrut,
1573 1758 1616 1789 in-

963 1816 1125 1841 struxerat.
1156 1809 1229 1840 vid.
1245 1810 1350 1840 Graev.
1364 1808 1404 1838 ad
1420 1807 1534 1839 Justiu.
1547 1809 1620 1839 XX.

961 1860 1005 1890 iv.
1024 1861 1054 1890 3.

1001 1910 1075 1940 291.
1104 1909 1202 1939 Timor
1226 1915 1253 1939 et
1281 1909 1375 1944 Deus,
1399 1907 1479 1948 etc.]
1508 1908 1615 1938 Ordo:

960 1968 987 1989 et
1033 1960 1085 1988 ille
1122 1959 1205 1988 Deus
1251 1965 1291 1988 est
1343 1959 1430 1988 timor
1475 1957 1617 1994 Deorum,

960 2007 1042 2038 hunc
1089 2017 1213 2048 quoque
1262 2006 1314 2037 Dii
1359 2007 1467 2037 timere
1504 2007 1617 2037 solent.

960 2057 1068 2087 Burm.

1004 2107 1077 2137 292.
1097 2106 1287 2146 Nimiumque
1302 2106 1429 2146 potens]
1448 2105 1499 2136 Sic
1514 2115 1617 2136 rursus

961 2161 1096 2197 occupat
1125 2161 1271 2185 eventum
1300 2154 1354 2185 rei.
1403 2155 1538 2184 Nimium
1567 2165 1617 2193 po-

965 2212 1038 2240 tens,
1065 2205 1194 2235 nimium
1223 2205 1331 2235 valens
1360 2205 1505 2246 precibus
1533 2203 1616 2245 apud

962 2255 1085 2285 Jovem.
1119 2254 1258 2294 Obsequio
1269 2256 1407 2285 amantis.
1421 2253 1523 2283 Etiam
1535 2253 1618 2283 Fast.

962 2303 1003 2334 vi.
1018 2305 1101 2335 485:
1129 2305 1252 2334 Arserut
1275 2304 1406 2343 obsequio
1430 2303 1540 2333 Semele
1563 2302 1615 2332 Jo-

962 2354 1014 2383 vis.
1039 2352 1190 2394 Exposuit
1203 2352 1241 2383 de
1256 2352 1286 2382 h.
1297 2363 1326 2383 v.
1339 2352 1448 2382 Burm.
1464 2351 1504 2382 ad
1517 2349 1616 2388 Quin-

959 2402 1006 2432 til.
1024 2401 1117 2432 vlu.
1145 2402 1224 2433 [nst.
1241 2403 1330 2432 Orat.
1345 2400 1389 2430 iii.
1405 2402 1457 2431 35.
1498 2400 1618 2430 Veneris

948 2452 1054 2492 j'ffdus
1077 2453 1165 2482 inire.
1187 2451 1334 2493 Apollod.
1351 2450 1416 2487 οἶος
1439 2449 1514 2488 ἦλθε
1533 2461 1614 2490 μνη-

958 2500 1148 2541 στεὺομενος
1170 2499 1294 2541 ”Ηραν.
1345 2499 1430 2530 Infra
1459 2498 1512 2529 vii.
1542 2499 1616 2529 710.

948 2550 1070 2590 foedera
1093 2551 1171 2580 lecti.
1217 2550 1300 2580 Dare
1324 2559 1352 2579 se
1371 2550 1466 2579 alicui
1483 2547 1561 2578 alias
1576 2547 1615 2578 de

958 2599 1106 2641 obsequio
1126 2605 1156 2630 et
1179 2598 1402 2640 gratificatione
1419 2598 1542 2633 dicitur,
1558 2596 1613 2628 sed

959 2658 1040 2678 nunc
1052 2648 1091 2679 de
1104 2648 1314 2690 amplexibus.
1334 2647 1517 2687 Opprimere,
1527 2645 1613 2676 clau-

958 2697 1030 2728 dere
1049 2710 1054 2727 :
1074 2698 1143 2728 vide
1160 2698 1310 2727 Buenem.
1328 2697 1366 2727 ad
1383 2697 1525 2727 Lactant.
1537 2695 1613 2725 lust.

959 2758 989 2776 v.
1011 2747 1036 2777 l.
