1763 3181
389 177 1007 221 METAMORPHOSEON
1039 179 1158 221 LIB.
1192 179 1274 221 VI.
1437 181 1519 222 421

144 293 258 341 Non
279 293 413 357 capit
435 294 545 358 ipsa
567 310 707 342 suam
733 293 953 352 Procne;
992 294 1264 357 fletumque
1287 295 1466 342 sororis

143 370 443 435 Corripiens,
472 376 503 395 “
527 370 642 419 Non
657 377 733 419 est
747 370 962 418 lacrimis
978 370 1108 427 hic,'’
1124 370 1301 434 inquit,
1321 377 1351 395 “
1368 386 1517 433 agen-

338 447 474 503 dum,
1427 451 1483 495 61
1498 451 1518 494 1

143 524 244 572 Sed
267 524 416 582 ferro;
445 524 533 572 sed
558 524 598 571 si
624 525 744 587 quid
769 524 939 581 habeS,
968 524 1102 588 quod
1122 524 1318 573 vincere
1342 524 1523 572 ferrum

141 601 336 650 Possit:
364 601 416 649 in
440 617 585 649 omne
610 602 747 650 nefas
774 618 866 665 ego
887 618 983 658 me,
1012 618 1261 664 germana,
1289 602 1472 665 paravi.

140 677 242 726 Aut
265 695 374 742 ego,
401 695 556 743 quum
580 678 769 727 facibus
794 679 980 742 regalia
1004 685 1141 726 tecta
1165 679 1401 735 cremaro,

138 755 396 804 Artificem
418 756 594 804 mediis
618 756 880 805 immittam
895 756 1054 804 Terea
1077 755 1288 803 fiammis
1306 774 1316 813 ;
1333 756 1524 818 [dorem

138 831 243 880 Aut
264 833 497 896 linguam,
522 839 607 880 aut
632 834 817 890 oculos,
845 840 930 881 aut
945 849 1055 896 quae
1079 833 1169 880 tibi
1195 833 1417 880 membra
1431 850 1521 896 pu-

138 908 484 966 Abstulerunt,
509 909 635 957 ferro
660 910 875 974 rapiam;
917 916 1002 957 aut
1023 925 1111 973 per
1131 910 1336 958 vulnera
1359 910 1492 957 mille

143 985 349 1034 Sontem
397 987 611 1035 animam
648 989 895 1052 expellam
918 1005 928 1036 z
978 1003 1229 1050 magnum,
1268 988 1523 1050 quodcun-

339 1080 438 1128 que
462 1065 649 1129 paravi.
1430 1068 1525 1112 618

140 1139 274 1195 Quid
289 1141 370 1197 sit,
382 1141 543 1189 adhuc
559 1141 783 1190 dubito.’'
821 1142 1026 1205 Peragit
1039 1143 1159 1190 dum
1175 1142 1293 1189 talia
1303 1141 1497 1189 Procne
1511 1160 1521 1199 ;

137 1216 218 1264 Ad
242 1224 450 1266 matrem
472 1218 700 1266 veniebat
725 1218 834 1283 Itys
854 1236 864 1267 ε
894 1219 1016 1282 quid
1040 1219 1219 1283 possit,
1242 1219 1303 1266 ab
1327 1219 1410 1265 illo

137 1293 407 1343 Admonita
430 1302 507 1343 est
528 1314 538 1352 ;
579 1296 838 1359 oculisque
862 1304 1008 1345 tuens
1033 1297 1326 1352 immitibus,
1361 1301 1391 1319 “
1418 1295 1523 1342 Ah!

135 1370 205 1418 Es
224 1371 395 1419 similis
417 1372 544 1436 patri
561 1373 603 1419 !''
631 1373 786 1422 dixit:
814 1391 905 1422 nec
931 1376 1073 1439 plura
1096 1375 1317 1438 loquuta,
1347 1374 1519 1436 [quam

133 1447 297 1498 Triste
320 1457 462 1514 parat
482 1449 691 1508 facinus,
719 1452 971 1516 tacitaque
997 1458 1240 1501 exaestuat
1261 1451 1347 1498 ira.

141 1524 214 1572 Ut
237 1533 403 1574 tamen
429 1528 641 1575 accessit
661 1535 823 1584 natus,
852 1529 1097 1591 matrique
1123 1529 1336 1575 salutem

137 1601 340 1659 Attulit,
368 1610 418 1651 et
441 1604 604 1667 parvis
630 1604 840 1652 adduxit
864 1606 992 1653 colla
1015 1605 1230 1660 lacertis,

140 1678 407 1744 Mixtaque
430 1680 685 1728 blanditiis
711 1682 985 1745 puerilibus
1006 1681 1178 1729 oscula
1196 1680 1391 1744 junxit:

140 1756 284 1805 Mota
318 1758 522 1821 quidem
559 1765 636 1805 est
673 1759 926 1820 genetrix3
968 1758 1276 1821 infractaque
1304 1757 1529 1805 constitit

140 1832 389 1898 Invitique
413 1834 541 1882 oculi
566 1834 781 1882 lacrimis
806 1835 1041 1883 maduere
1066 1836 1267 1882 coactis.
1401 1834 1520 1896 [ira3

1430 1606 1525 1650 625

182 1994 256 2025 613.
279 1994 400 2025 Paravit
423 2006 451 2025 se
477 1997 510 2026 in
534 1996 582 2026 vel
605 1997 643 2026 ad
667 1995 799 2036 aliquid,

140 2042 194 2085 qui
218 2043 356 2074 animum
379 2044 532 2076 inducunt
553 2045 593 2076 ad
614 2044 733 2086 aliquid
754 2045 800 2076 fa-

140 2092 299 2124 ciendum.
338 2093 438 2128 Quum
443 2093 581 2135 facibus,
599 2100 660 2125 etc.
694 2094 800 2125 Potest

141 2141 190 2172 hic
204 2145 274 2172 ‘esse
293 2142 470 2184 pra-:positio
494 2155 572 2179 cum,
589 2153 683 2184 quam
697 2143 799 2174 Latini

140 2190 297 2221 interdum
331 2191 549 2228 instrumento,
584 2203 646 2233 quo
679 2192 799 2233 aliquid

140 2238 254 2280 agitur,
269 2240 383 2272 addere
403 2241 513 2273 solent.
555 2241 582 2271 T
583 2251 644 2272 unc
662 2247 717 2272 aut
732 2252 798 2272 ver-

139 2299 192 2319 sus
215 2299 348 2330 sequens
376 2300 431 2331 per
456 2289 636 2322 ὰσύνόετον
658 2290 800 2332 adjectus

140 2343 199 2374 est,
213 2344 267 2369 aut
281 2338 450 2379 legendum
465 2350 537 2370 cum
552 2339 621 2370 aliis
641 2342 800 2380 mediisque

140 2387 191 2418 vel
213 2393 242 2418 et
264 2388 377 2418 mediis.
405 2387 455 2419 Sic
478 2389 588 2419 Burin.
633 2389 799 2428 Artificem,

142 2441 301 2467 auctorem
322 2436 474 2468 malorum
498 2442 530 2468 et
553 2437 744 2476 facinorum;
768 2438 800 2468 id

141 2491 199 2522 est,
211 2485 266 2527 qui
280 2485 452 2517 nefandum
467 2486 550 2517 hunc
561 2486 714 2518 incestum
730 2498 800 2528 per-

142 2539 264 2576 petrare
279 2535 393 2576 potuit.

185 2584 259 2614 619.
272 2584 354 2618 Quid
372 2586 420 2620 sit,
437 2585 534 2615 adhuc
556 2584 689 2624 dubito]
713 2584 799 2614 Non-

135 2632 230 2668 dum,
259 2632 370 2674 inquit,
398 2632 520 2664 decrevi
545 2644 606 2674 quo
636 2633 717 2664 malo
740 2632 799 2663 Te·

143 2691 230 2713 teum
245 2681 395 2713 affectura
410 2682 467 2713 sim
480 2694 486 2711 :
513 2681 800 2723 subauditurjiztu-

144 2741 222 2761 rum.
268 2731 397 2772 Peragit
416 2733 487 2762 dum
509 2732 608 2768 talia;
633 2731 709 2762 dum
725 2731 801 2762 talia

187 2779 287 2810 VOL.
305 2779 367 2811 ΙΙΙ.

867 1996 1003 2037 loquitur
1021 2002 1052 2027 et
1068 1995 1213 2026 minatur.
1252 1995 1436 2026 Conferatm*
1452 1993 1524 2024 Me-

868 2045 934 2076 deae
952 2045 1043 2081 furor,
1059 2045 1124 2075 HJ.
1136 2044 1229 2075 Trist.
1245 2044 1336 2074 ix.2l
1356 2054 1424 2084 sqq.
1462 2044 1526 2073 Ad-

865 2098 977 2125 monita
1006 2101 1058 2130 est,
1087 2105 1123 2125 eo
1157 2099 1322 2135 conspecto
1363 2092 1526 2127 succurrit,

868 2143 943 2184 quid
972 2149 1087 2185 posset.
1132 2143 1201 2172 Ah!
1229 2154 1315 2182 quum
1340 2142 1380 2172 Es
1408 2142 1525 2171 similis.

868 2192 957 2223 Unus
985 2191 1174 2222 Basileensis
1198 2196 1293 2231 atque
1318 2201 1397 2220 unus
1418 2189 1524 2220 Medi-

868 2252 953 2277 ceus,
967 2243 1013 2272 Ah
1029 2252 1126 2281 quam,
1145 2241 1243 2274 Quam
1259 2241 1382 2270 similis:
1406 2238 1437 2269 id
1454 2249 1524 2280 pro-

867 2291 921 2321 bat
936 2290 1083 2321 Heinsius
1098 2302 1106 2327 ;
1130 2295 1225 2330 atque
1241 2288 1335 2319 etiam
1351 2287 1397 2318 vir
1415 2287 1526 2318 doctus

868 2339 900 2369 in
924 2338 1123 2370 Bibliotheca
1145 2338 1251 2378 Tigur.
1265 2348 1297 2378 p.
1313 2338 1364 2367 71.
1386 2336 1456 2377 plus
1480 2335 1524 2365 as-

867 2387 968 2418 fectus
987 2397 1052 2417 esse
1077 2386 1108 2417 in
1133 2385 1191 2416 hac
1214 2384 1397 2426 repetitione
1420 2389 1523 2425 putat,

868 2441 899 2466 et
914 2435 1063 2466 Ovidium
1080 2445 1182 2465 amare
1198 2434 1279 2464 hane
1295 2432 1523 2475 repetitionem,

867 2490 902 2515 ut
924 2484 958 2514 ii.
977 2485 1038 2515 704
1053 2495 1102 2525 sq.
1119 2496 1126 2521 ;
1151 2482 1217 2513 viii.
1237 2483 1296 2512 128
1313 2493 1358 2523 sq.
1404 2482 1526 2512 Similis.

869 2533 1045 2564 Similitudo
1059 2533 1116 2563 illa
1131 2541 1227 2563 causa
1240 2532 1274 2562 fit
1290 2530 1446 2561 facinoris.

912 2583 986 2614 625.
1009 2583 1146 2612 Addu1it
1162 2581 1267 2621 collat]
1294 2580 1367 2610 Non
1389 2585 1455 2610 erat
1470 2589 1524 2610 cur

868 2631 1049 2673 interpretes
1072 2630 1122 2660 hic
1145 2630 1315 2667 haererent;
1339 2630 1475 2663 acidum,
1491 2628 1523 2658 id

867 2686 926 2716 est,
950 2680 1076 2710 attraxit
1103 2680 1143 2710 ad
1174 2689 1217 2715 se,
1241 2678 1324 2720 quod
1349 2679 1451 2709 facere
1475 2688 1523 2708 so-

868 2730 933 2760 lent
954 2729 1089 2758 infantes
1114 2727 1321 2758 blandientes.
1368 2727 1524 2767 Irffracta-

995 2778 1013 2806 3
1030 2776 1057 2806 A
