1763 3181
204 181 290 223 430

596 180 645 220 P.
679 178 788 220 OVI
798 177 891 219 DII
925 176 1202 219 NASONIS

209 296 430 344 Phineus
455 294 588 341 visus
613 300 746 350 erat3
781 294 1092 356 juvenesque
1117 291 1365 354 Aquilone
1389 289 1540 337 creati

206 373 465 435 Virgineas
489 371 711 417 volucres
737 368 901 417 miseri
929 368 1060 417 senis
1086 384 1168 416 ore
1194 367 1453 430 fugitrant3

208 448 472 511 Multaque
498 447 721 511 perpessi
746 447 879 493 claro
905 447 996 493 sub
1024 445 1217 501 Iasone,
1245 445 1446 491 tandem
1562 446 1591 490 5

210 525 537 588 Contigerant
554 523 751 588 rapidas
771 523 931 570 limosi
955 522 1199 569 Phasidos
1219 521 1392 567 undas.
1432 521 1590 581 [cunt,

211 602 445 664 Dumque
480 601 665 649 adeunt
689 616 873 663 regem,
903 599 1241 663 Phryxeaque
1265 598 1447 645 vellera
1478 612 1591 660 pos—

211 679 418 742 Lexque
464 679 608 725 datur
651 678 867 725 numeris
908 692 1199 739 magnorum
1242 674 1486 723 horrenda
1524 674 1593 721 la—

410 756 600 811 borum,

209 906 324 942 Calais,
354 906 407 947 qui
437 910 525 936 erant
552 905 631 936 inter
661 904 871 946 Argonautas,

209 955 357 986 sublimes
371 965 426 997 per
442 965 524 990 aera,
541 954 690 996 fugarunt
704 955 736 985 in
753 954 871 985 insulas

209 1004 410 1046 Strophades.
454 1004 526 1040 Quo
547 1004 642 1039 facto,
658 1003 796 1034 Phineus
811 1004 870 1034 Ar-

209 1053 354 1095 gonautis
368 1053 448 1084 viam
465 1052 659 1089 monstravit,
671 1063 784 1095 eosque
799 1063 871 1084 con-

210 1102 287 1133 siliis
307 1103 401 1134 ‚variis
422 1101 555 1143 adjuvit.
581 1102 681 1144 Orph.
701 1103 764 1133 665
778 1112 870 1144 sqq.;

209 1151 358 1194 Apollon.
374 1151 407 1182 ii.
426 1153 485 1183 178
501 1163 589 1194 sqq.;
612 1152 760 1194 Apollod.
774 1151 829 1183 lib.
844 1153 872 1184 I.

211 1200 256 1231 ix.
273 1202 326 1231 21.
371 1201 569 1232 Senectutem
590 1201 752 1232 hebetasse
772 1201 872 1232 aciem

211 1249 370 1281 oculorum
386 1249 509 1286 Phinei,
525 1250 654 1292 ejusque
670 1260 742 1292 opes
755 1250 872 1292 disper-

211 1309 260 1330 sas
272 1309 338 1329 esse
351 1309 369 1329 a
380 1298 514 1335 filiabus,
526 1309 605 1340 quas
618 1299 708 1330 Zetes
721 1304 753 1330 et
767 1298 874 1330 Calais

212 1358 250 1378 ex
271 1347 385 1389 oppido
406 1347 591 1389 expulerint,
607 1353 697 1390 putat
715 1347 872 1390 Palaeph.,

213 1396 301 1427 xxiii.
352 1395 562 1438 Harpyiarum
588 1395 704 1427 mentio
733 1396 767 1426 fit
790 1395 873 1438 apud

213 1445 396 1481 Homerum,
407 1445 548 1485 pluribus
562 1445 648 1481 locis,
664 1451 695 1476 et
710 1444 793 1487 apud
809 1445 875 1475 He-

213 1494 293 1525 siod.
317 1494 462 1525 Th.267.
486 1494 568 1525 Vide
593 1493 708 1535 Heynii
723 1494 803 1524 Exc.
819 1493 874 1524 vii.

214 1544 253 1575 ad
266 1545 342 1576 AEn.
357 1544 409 1582 iii;
426 1544 476 1575 cui
491 1544 632 1580 meteori,
648 1545 696 1574 vel
711 1543 876 1586 procellosi

213 1593 298 1624 venti
313 1604 410 1634 genus
432 1592 476 1623 sic
499 1591 636 1632 innuisse
652 1592 797 1623 videntur
811 1592 878 1623 An-

213 1642 305 1684 tiqui.
354 1642 484 1672 Trahere
499 1642 571 1672 vitae
594 1641 754 1672 molestias
777 1646 809 1672 et
824 1652 875 1672 ca-

213 1691 371 1722 lamitates
385 1690 540 1733 exprimit.
564 1691 641 1721 AEn.
653 1690 686 1721 ii.
701 1691 758 1720 92:
785 1691 877 1720 vitam

214 1741 248 1770 in
260 1741 386 1771 tenebris
398 1741 540 1780 luctuque
553 1739 702 1770 trahebam
715 1750 724 1776 ,·
741 1738 785 1769 iii.
796 1739 875 1777 647;

218 1788 381 1825 Phaedrus,
396 1789 460 1820 III.
476 1788 528 1819 vii.
547 1789 596 1819 12.
642 1788 792 1828 Perpetua
810 1800 876 1825 nox,

215 1845 250 1870 ut
271 1846 384 1869 aeterna
407 1850 474 1874 nox,
488 1837 532 1868 iii.
549 1839 623 1869 335.
667 1838 729 1868 Sub
754 1847 786 1868 re
810 1848 876 1869 esse

215 1886 340 1923 dicitur,
367 1887 420 1928 qui
444 1898 481 1918 ex
506 1897 544 1917 ea
568 1887 701 1917 laborat.
725 1886 770 1916 iii.
789 1887 874 1926 5253

216 1936 258 1967 ix.
274 1937 347 1968 465.
381 1936 536 1978 Virgineus
552 1937 695 1972 volucres,
710 1936 876 1977 Harpyias,

216 1986 328 2027 quibus
342 1985 472 2027 virginei
488 1986 603 2022 vultus,
616 1985 788 2016 foedissima
802 1995 876 2016 ven-

216 2035 270 2065 tris
285 2035 450 2077 proluvies,
467 2045 556 2065 uncae
576 2045 698 2071 manus,
714 2041 745 2065 et
759 2034 879 2076 pallida

216 2094 337 2127 semper
352 2095 405 2114 ora
419 2096 425 2114 ι
442 2085 557 2115 confer.
571 2083 732 2125 Virgilius,
749 2085 824 2115 AEn.
836 2083 880 2115 iii.

215 2134 288 2165 216.
337 2134 419 2170 Ore5
452 2133 550 2169 deest,
576 2134 625 2163 ab.
681 2133 785 2164 Multa
813 2145 879 2173 per-

212 2185 298 2222 pessi,
314 2183 440 2213 solenne
457 2182 496 2213 de
512 2182 750 2223 navigantibus3
774 2183 848 2213 AEn.
859 2181 881 2214 i.

217 2233 291 2263 199.
308 2244 323 2262 o
343 2234 423 2272 passi
446 2234 613 2274 graviorm
638 2232 750 2262 Horat.
768 2232 796 2263 Ι.
813 2231 877 2262 Od.

213 2278 267 2311 vii.
284 2281 336 2311 30.
350 2282 509 2321 pejoraque
522 2283 649 2321 perpessi
665 2292 788 2311 mecum.
815 2281 876 2312 Od.

214 2330 299 2360 A.4.
316 2330 425 2361 πολλὰ
451 2329 568 2361 πάθεν.
616 2330 729 2367 Οἰανυς
753 2329 878 2361 sortitus

214 2377 268 2408 ille
295 2384 361 2409 erat
384 2378 570 2420 πανέξοχον
595 2378 697 2420 alpem
721 2379 878 2420 Orpheus,

217 2428 277 2457 80:
303 2427 383 2458 adde
399 2427 545 2459 virtutem
565 2433 596 2459 et
611 2429 736 2459 famam.
782 2428 878 2468 Rapi-

215 2477 268 2507 dus
295 2481 326 2506 et
357 2477 450 2506 limosi
479 2476 656 2507 communia
679 2476 819 2518 epitheta
847 2482 879 2507 et

217 2525 380 2563 ornantia;
421 2525 532 2557 Phasis
560 2526 643 2557 enim
673 2526 712 2556 ab
739 2525 876 2568 Orpheo,

218 2575 293 2605 761.
317 2575 405 2616 πρηῦ
432 2574 526 2616 ῥέων,
552 2574 675 2617 placide
702 2575 810 2611 fluens,
835 2580 877 2610 et,

216 2624 289 2654 655.
306 2623 492 2665 καλλίροος,
512 2624 641 2666 pulchre
657 2623 768 2660 fluens,
785 2634 876 2654 voca-

217 2677 277 2702 tur.
334 2673 499 2710 Phasirlos;
538 2673 623 2703 fluvii
654 2672 814 2704 Colchidis
844 2672 875 2704 in

218 2721 374 2752 Euxinum
388 2733 471 2753 mare
487 2733 519 2753 se
535 2723 740 2753 exonerantis.

982 905 1013 935 7.
1051 904 1186 944 Dumque
1215 904 1328 933 adeunt
1356 913 1475 943 regem,·
1513 900 1596 943 apud

939 954 1077 996 Orphea,
1090 954 1152 984 784
1162 964 1232 994 sqq.
1258 953 1368 982 Aletes
1379 951 1460 993 prior
1471 961 1524 981 eos
1534 950 1600 981 adit

939 1003 978 1034 ad
994 1002 1111 1033 Phasin
1127 1001 1229 1032 adhuc
1244 1000 1398 1032 sedentes.
1443 1000 1597 1040 Phryxea,

939 1063 1008 1094 quae
1024 1052 1169 1093 Phryxus
1185 1052 1288 1082 AEetae
1303 1050 1461 1081 attulerat.
1499 1050 1599 1080 Palae-

938 1101 1065 1143 phatus,
1089 1102 1152 1140 313
1185 1100 1274 1142 cujus
1299 1110 1337 1130 ex
1362 1105 1464 1130 mente
1489 1100 1600 1130 vellera

939 1157 1010 1182 sunt
1032 1161 1117 1192 opes,
1133 1160 1211 1192 quas
1232 1149 1386 1191 Phryxus,
1401 1148 1601 1180 Athamantis

938 1199 1068 1231 insidias
1089 1199 1221 1240 fugiens,
1237 1198 1268 1229 in
1284 1198 1466 1229 Colchidem
1488 1198 1601 1229 attule-

939 1255 1007 1288 rat;
1038 1259 1096 1280 nec
1119 1248 1210 1279 aliter
1235 1247 1421 1283 Herodotus,
1446 1247 1497 1278 vii.
1516 1248 1598 1286 1973

940 1298 1108 1334 Diodorus,
1122 1297 1164 1328 iv.
1179 1298 1230 1328 47.
1276 1298 1395 1328 Lanam
1417 1303 1448 1328 et
1466 1296 1564 1338 pelles
1584 1306 1602 1328 e

941 1346 1093 1378 Colchide
1114 1346 1292 1388 exportasse
1313 1352 1499 1377 mercatores
1514 1345 1603 1377 Grae-

924 1413 926 1415 >
940 1406 994 1427 cos
1009 1401 1115 1427 censet
1126 1396 1224 1426 Varro
1239 1395 1281 1426 R.
1292 1395 1332 1425 R.
1349 1394 1382 1426 ii.
1397 1396 1423 1426 l.
1468 1394 1603 1426 Velleri-

940 1446 999 1477 bus
1018 1445 1084 1487 jam
1109 1444 1184 1475 olim
1205 1456 1222 1475 e
1244 1444 1346 1475 fluviis
1366 1444 1514 1475 collectas
1533 1455 1601 1475 esse

942 1505 1050 1525 arenas
1067 1504 1187 1530 aureas,
1202 1493 1297 1535 idque
1317 1492 1466 1534 originem
1488 1492 1602 1524 sabulae

943 1542 1065 1574 dedisse
1081 1548 1185 1574 monet
1198 1543 1320 1578 Strabo,
1336 1542 1378 1572 xi.
1393 1553 1424 1584 p.
1440 1542 1515 1574 763.

988 1593 1020 1623 8.
1046 1592 1118 1628 Lex,
1145 1590 1295 1622 conditio.
1317 1591 1473 1632 Hyginus,
1497 1591 1604 1622 fabula

944 1642 1006 1680 22;
1044 1642 1133 1672 AEeta
1168 1641 1274 1671 Jasom'
1309 1641 1386 1670 hanc
1421 1642 1602 1671 simultatem

944 1691 1043 1731 (hanc
1067 1690 1277 1722 conditionem
1300 1700 1339 1720 ex
1359 1689 1518 1720 simultate
1534 1700 1604 1732 pro-

944 1740 1078 1778 sectam;
1102 1739 1173 1771 vide
1188 1739 1392 1775 Munkerum,
1410 1738 1450 1770 ad
1465 1739 1603 1770 fabulam

944 1789 1018 1829 84.)
1041 1792 1208 1820 constituit.
1251 1789 1368 1820 Verum
1395 1789 1439 1819 lex
1463 1799 1524 1819 non
1547 1789 1605 1820 nisi

943 1850 1024 1870 unus
1040 1840 1110 1870 MS.
1125 1839 1231 1875 habet,
1247 1838 1328 1869 unde
1339 1838 1487 1869 Heinsius
1498 1849 1604 1880 sump-

942 1888 994 1920 sit.
1017 1889 1141 1925 Caeteri‚
1161 1889 1285 1929 Vozque.
1309 1887 1401 1924 Quod
1413 1898 1510 1929 quum
1528 1898 1603 1920 auc-

944 1939 1068 1970 toritate
1093 1939 1186 1969 MSS.
1211 1949 1244 1968 se
1274 1943 1408 1973 tueatur,
1433 1948 1528 1979 quum
1553 1950 1604 1968 vox

944 1998 1026 2029 saepe
1043 1993 1074 2019 et
1085 1989 1154 2018 dari
1168 1986 1289 2029 proprie
1301 1987 1339 2017 de
1353 1987 1506 2028 responsis
1518 1997 1607 2018 usur-

945 2043 1044 2079 petur,
1063 2047 1159 2078 quum
1176 2035 1226 2067 vix
1244 2035 1374 2066 dubium
1390 2035 1430 2066 sit
1445 2035 1521 2076 quin
1537 2036 1604 2066 No-

945 2091 1042 2116 strum
1063 2084 1233 2127 respexerit
1259 2084 1402 2115 Valerius
1425 2085 1568 2122 Flaccus,
1585 2085 1606 2116 i.

946 2135 1020 2166 209.
1051 2134 1106 2164 Vir
1121 2135 1240 2164 reddita
1258 2135 1376 2164 tandem
1390 2145 1442 2164 vox
1457 2134 1605 2165 horrenda

947 2186 1036 2215 viris:
1061 2189 1200 2225 apparet,
1219 2189 1335 2213 temere
1357 2183 1515 2213 invectum
1539 2193 1606 2214 esse

945 2233 1160 2264 Schirachium
1175 2232 1206 2263 in
1219 2233 1447 2267 Burmannum,
1464 2231 1517 2273 qui
1532 2231 1607 2263 satis

943 2282 1083 2313 modeste
1109 2286 1284 2318 monuerat,
1307 2279 1468 2322 vulgatum
1493 2279 1607 2321 Vosque

944 2331 1069 2363 defendi
1082 2342 1182 2374 posse.
1209 2331 1350 2361 Numeris
1363 2331 1606 2374 laborum,prop-

945 2386 991 2411 ter
1006 2379 1238 2411 multitudinem
1254 2380 1404 2410 laborum.
1427 2379 1522 2422 Apud
1540 2381 1605 2412 He-

945 2429 1077 2465 siodum,
1106 2429 1225 2471 Theog.
1252 2430 1329 2460 993.
1358 2429 1454 2460 Jason
1483 2430 1607 2472 peragit

944 2478 1143 2515 στονόεντας
1171 2478 1318 2515 ἅεθλους,
1346 2478 1422 2514 τοὺς
1458 2479 1607 2516 πολλοὺς

945 2526 1092 2559 ἐπέτελλε
1108 2526 1209 2569 μέγας
1221 2525 1388 2567 βασιλεύς.
1417 2527 1605 2569 Quanquam

944 2577 1061 2606 numeri
1076 2575 1170 2606 etiam
1183 2580 1312 2617 possunt
1327 2585 1393 2606 esse
1408 2582 1510 2617 partes
1522 2575 1606 2608 illius

945 2624 1087 2656 horrendi
1111 2624 1236 2661 laboris,
1253 2624 1332 2655 tauri
1355 2624 1458 2666 ignem
1479 2636 1605 2657 vomen—

944 2680 999 2710 tes,
1029 2684 1117 2714 seges
1151 2680 1351 2710 armatorum,
1383 2673 1475 2705 draco
1505 2674 1604 2706 vellus

943 2721 1122 2753 custodiens
1134 2735 1140 2752 τ
1158 2722 1201 2752 sic
1212 2723 1330 2752 numeri
1344 2723 1488 2759 veritatis,
1501 2722 1602 2764 qfficii,
