1729 3207
362 207 985 253 METAMORPHOSEON
1018 207 1137 248 LIB.
1172 207 1235 248 ΙΙ.

1409 210 1492 250 147

112 329 374 376 Enitantur
398 326 541 389 equi:
581 323 747 370 medio
772 329 850 370 est
875 323 1115 370 altissima
1138 323 1261 370 coelo
1282 341 1291 377 3

113 405 259 452 Unde
284 419 419 451 mare
444 409 495 450 et
516 408 674 449 terras
700 399 795 463 ipsi
821 399 940 445 mihi
967 415 1101 462 saepe
1126 399 1294 446 videre

1432 403 1495 446 65

112 482 192 529 Fit
215 481 377 536 timor,
396 486 447 527 et
470 478 651 543 pavida
674 476 890 540 trepidat
914 476 1171 523 formidine
1197 483 1372 540 pectus
1392 494 1400 523 ε

115 558 303 605 Ultima
322 572 476 620 prona
494 555 573 602 via
597 561 690 609 est,
718 561 769 600 et
789 560 903 616 eget
927 553 1262 600 moderamine
1283 560 1434 600 certo„

112 634 252 681 Tunc
277 633 442 687 etiam,
471 648 583 695 quae
609 647 689 677 me
715 630 955 693 subjectis
980 631 1170 694 excipit
1195 630 1356 684 undis,

114 710 192 758 Ne
215 709 342 757 ferar
366 709 415 755 in
440 723 680 772 praeceps,
708 706 899 770 Tethys
921 707 1047 754 solet
1072 707 1180 771 ipsa
1204 707 1376 754 vereri.

111 788 273 843 Adde,
301 786 436 850 quod
462 785 662 833 assidua
686 785 873 848 rapitur
896 784 1135 846 vertigine
1160 784 1335 831 coelum
1361 802 1371 840 ;
1432 787 1495 829 70

116 864 390 926 Sideraque
410 864 510 910 alta
527 862 694 919 trahit,
717 862 968 925 celerique
982 861 1233 908 volumine
1257 867 1472 923 torquet.

115 939 260 988 Nitor
284 940 334 987 in
359 939 648 987 adversum:
689 955 781 986 nec
806 955 902 994 me,
931 938 1017 1002 qui
1043 945 1226 994 cetera,
1248 938 1400 984 vincit

117 1017 341 1081 Impetus
364 1034 373 1065 z
413 1024 464 1064 et
489 1017 660 1081 rapido
684 1016 955 1064 contrarius
981 1016 1160 1063 evehor
1184 1015 1307 1062 orbi.

115 1144 224 1177 creati.
249 1145 370 1176 Passim
385 1147 497 1186 integri
513 1152 545 1175 et
558 1151 688 1176 recentes
700 1155 771 1176 cou-

114 1196 297 1237 junguntur‚
319 1200 413 1236 atque
441 1194 618 1236 defatigatis
640 1200 670 1226 et
685 1195 778 1236 fessis

117 1255 191 1286 opp.
208 1257 214 1275 :
239 1244 302 1276 vid.
319 1245 442 1276 Ciofan.

161 1294 213 1324 66.
240 1294 384 1334 Pavida.]
412 1293 531 1324 Pavida
552 1292 683 1323 otiosum
707 1292 777 1334 qui-

118 1342 190 1374 dem
205 1342 235 1373 h.
250 1343 274 1374 1.
289 1348 336 1373 est
348 1354 356 1381 3
380 1341 438 1373 sed⁴
449 1342 550 1372 solent
566 1347 666 1383 poetae
682 1341 778 1372 inter-

120 1391 194 1423 dum
218 1391 264 1422 uti
288 1391 434 1434 epithetis
457 1391 611 1427 affinibus,
636 1397 667 1422 et
694 1391 777 1422 idem

119 1441 182 1472 fere
199 1441 377 1471 notantibus
392 1440 475 1481 quod
490 1439 697 1477 substantiva,
708 1440 776 1481 qui-

119 1489 178 1520 bus
199 1489 368 1521 adduntur.
416 1489 499 1520 Hinc
522 1491 652 1529 pavidus
673 1496 778 1526 metus,

121 1545 205 1569 muta
219 1540 352 1575 silentia,
367 1544 430 1570 etc.
453 1538 537 1570 Vide
553 1539 780 1569 Burmannum.

164 1588 218 1618 67.
257 1588 372 1618 Ultima
394 1599 492 1627 prona
519 1587 594 1627 vica]
620 1588 780 1618 Ascensus

124 1641 247 1679 propter
269 1635 480 1667 acclivitatem
505 1635 619 1674 durus3
642 1635 780 1666 medium

122 1684 189 1722 iter,
223 1690 347 1727 propter
382 1683 591 1720 altitudinem,
622 1684 781 1723 terribile3

121 1735 301 1772 descensus,
326 1741 452 1778 propter
477 1746 598 1772 casum,
623 1735 780 1774 difficilis;

123 1784 190 1816 haec
206 1785 265 1816 tria
278 1785 371 1826 plena
386 1790 486 1815 metus
502 1790 584 1815 sunt.

166 1834 218 1865 69.
247 1834 354 1874 Tethys
377 1833 477 1874 solen]
502 1833 600 1870 Infra,
625 1833 668 1864 iv.
696 1834 779 1864 632:

126 1883 242 1914 Pontus
271 1883 346 1913 Solis
381 1883 496 1913 anhelis
524 1883 657 1923 AEquora
683 1884 784 1913 subdit

127 1934 217 1974 equis.
245 1932 307 1963 Sed
325 1942 380 1974 pro
396 1931 472 1963 mari
490 1932 598 1973 Tethys
617 1932 649 1962 in
667 1931 783 1974 mythis

125 1981 197 2024 poni
213 1982 301 2012 solet.
346 1981 423 2012 Haec
443 1981 537 2022 igitur
555 1981 636 2012 bene
651 1986 683 2012 et
697 1981 781 2012 exci-

125 2040 197 2072 pere
216 2030 330 2066 Solem,
350 2035 381 2061 et
396 2040 461 2061 ver.
482 2031 554 2061 156.
579 2041 671 2061 mane
693 2030 782 2060 emit-

126 2084 189 2110 tere
216 2078 342 2110 dicitur.
388 2079 429 2109 Et
454 2089 536 2110 nunc
567 2089 639 2110 cum
667 2080 783 2111 dilectu

126 2133 394 2165 commemoratur,
409 2128 483 2169 quia
499 2130 585 2158 timor
597 2128 652 2159 ille
669 2129 701 2159 in
721 2128 783 2170 pri-

126 2177 185 2208 mis
208 2177 353 2209 convenit
380 2177 504 2219 Tethyi,
531 2177 635 2208 amitae
668 2178 783 2209 Phoebi

127 2237 261 2268 quacum
277 2226 340 2258 alia
353 2227 551 2258 confunditur
561 2227 680 2258 Thetis.

169 2276 222 2307 70.
250 2276 433 2318 Vertigine.]
465 2276 595 2318 Vertigo,
615 2277 784 2308 circumvo-

126 2324 214 2356 lutio.
253 2325 367 2356 Coelum
391 2330 495 2356 autem
522 2327 645 2365 rapitur
667 2328 786 2357 assidua

127 2375 274 2416 vertigine
308 2386 347 2406 ex
376 2374 493 2406 ratione
532 2375 727 2417 aspectabili,
754 2380 785 2407 et

128 2422 272 2464 opinione
287 2423 448 2460 Veterum,
464 2434 534 2465 quae
556 2424 581 2454 si
598 2435 670 2455 vera
694 2430 785 2461 esset,

128 2476 216 2503 tanta
237 2472 314 2503 foret
336 2472 424 2503 istius
447 2472 653 2504 conversionis
677 2473 785 2504 celeri-

130 2525 189 2557 tas,
210 2526 358 2561 quantam
377 2521 511 2562 cogitare
536 2533 595 2552 non
618 2533 785 2564 possemus.

129 2569 199 2601 Cic.
215 2570 308 2601 Tusc.
331 2570 355 2602 i.
372 2572 427 2601 28.
473 2572 561 2601 Bene
586 2571 680 2613 igitur
701 2573 784 2611 rapi·

129 2623 191 2654 tur,
214 2629 275 2660 quo
291 2620 385 2650 verbo
409 2620 552 2651 celeritas
575 2626 606 2650 et
621 2620 786 2651 vehemen-

128 2665 173 2697 tia
197 2667 385 2699 declaratur.
429 2668 556 2700 Coelum
580 2670 689 2706 sidera,
717 2680 787 2710 quae

128 2714 159 2745 ei
173 2716 259 2747 velut
283 2717 375 2747 affixa
390 2716 544 2754 videntur,
560 2719 664 2754 trahit,
682 2728 787 2749 secum

129 2763 326 2806 circumagit.
379 2766 490 2797 Senec.
517 2767 560 2797 N.
581 2768 624 2804 Q.
655 2767 709 2798 vii.
738 2767 787 2796 10.

842 1145 952 1175 laudat
965 1144 1047 1175 hunc
1063 1144 1164 1185 ipsum
1178 1153 1311 1178 versum,
1329 1148 1362 1173 ut
1378 1144 1500 1184 vertigi-

844 1196 889 1224 nis
915 1194 977 1225 vim
997 1194 1070 1224 inde
1096 1193 1285 1234 comprobet,
1315 1192 1503 1234 doceatque,

843 1250 951 1274 motum
965 1249 1046 1273 ‘motu
1058 1244 1209 1273 contrario
1225 1244 1315 1272 vinci.

888 1293 941 1323 72.
968 1292 1058 1322 Nitor
1082 1294 1113 1321 in
1138 1292 1322 1331 ‹idversum.]
1355 1292 1395 1321 Et
1419 1302 1503 1326 mox,

843 1344 949 1382 rapido
978 1343 1147 1372 contrarius
1175 1342 1277 1371 evehor
1305 1342 1367 1370 orbi
1394 1341 1501 1371 eodem

843 1391 993 1422 redeunt:
1025 1392 1195 1421 contrarius
1221 1391 1294 1425 orbi,
1321 1396 1426 1420 eontra
1456 1402 1502 1419 orn

842 1442 916 1476 bem,
942 1441 962 1471 i.
986 1451 1014 1471 e.
1045 1440 1173 1470 coelum.
1221 1440 1359 1470 Planetae
1383 1440 1505 1481 proprio

838 1490 979 1532 quodam
1003 1495 1088 1520 motu
1109 1489 1260 1525 feruntur,
1277 1495 1370 1530 atque
1392 1490 1500 1530 paula-

836 1540 898 1570 itim
923 1540 961 1570 ab
988 1549 1101 1569 occasu
1123 1549 1229 1569 versus
1253 1543 1352 1568 ortum
1379 1549 1504 1568 moven-

837 1597 904 1624 tur,
919 1594 954 1619 ut
971 1588 1084 1618 docent
1099 1587 1290 1618 Astronomi.
1336 1586 1424 1617 Idem
1443 1588 1506 1618 Ve-

839 1644 924 1669 teres
939 1637 1093 1679 putabant
1106 1636 1145 1666 de
1161 1636 1230 1666 Sole
1245 1648 1251 1666 ;
1278 1635 1346 1666 vide
1362 1637 1505 1666 Macrob.

840 1688 949 1718 Somn.
985 1686 1069 1727 Scip.
1096 1686 1119 1716 i.
1154 1687 1191 1715 18
1209 1697 1216 1722 3
1254 1685 1373 1726 Hygin.
1413 1686 1503 1715 Poet.

844 1736 972 1768 Astron.
996 1735 1040 1765 iv.
1067 1736 1129 1771 13;
1155 1733 1239 1764 Plin.
1265 1734 1348 1764 Hist.
1372 1734 1448 1764 Nat.
1471 1734 1505 1764 ii.

849 1787 878 1818 Β.
925 1785 1014 1826 cujus
1046 1784 1141 1814 verba
1186 1782 1339 1814 ascribere
1377 1783 1480 1824 placet
1498 1796 1504 1813 2

848 1839 870 1852 “
884 1834 1034 1866 Omnium
1057 1840 1161 1864 autem
1184 1832 1352 1863 errantium
1370 1832 1506 1863 siderum

850 1889 979 1919 meatus,
1005 1882 1147 1924 interque
1172 1892 1211 1912 ea
1238 1881 1316 1912 Solis
1339 1886 1370 1912 et
1397 1881 1505 1916 Lunae,

851 1932 1034 1964 contrarium
1058 1931 1174 1962 mundo
1198 1941 1289 1972 agere
1313 1941 1450 1965 cursum,
1476 1929 1508 1960 id

850 1987 905 2018 est,
917 1982 1030 2012 laevum
1040 1980 1238 2022 (Auguribus
1250 1978 1401 2010 Romanis
1416 1979 1509 2020 plaga

850 2030 1004 2062 orientalis
1031 2032 1103 2060 laeva
1128 2028 1224 2069 erat,)
1249 2028 1304 2059 illo
1328 2039 1450 2070 semper
1475 2028 1508 2058 in

851 2081 989 2112 dextram
1011 2078 1174 2121 praecipiti.
1219 2079 1260 2108 Et
1272 2077 1415 2119 quamvis
1433 2078 1509 2108 assi-

852 2130 912 2161 dua
936 2128 1135 2161 conversione
1159 2127 1317 2158 immensae
1342 2126 1511 2157 celeritatis

853 2179 1031 2210 attollantur
1051 2179 1089 2208 ab
1106 2188 1153 2213 eo,
1169 2177 1391 2219 rapianturque
1410 2176 1442 2206 in
1457 2186 1508 2206 oc-

851 2240 967 2264 casum,
991 2228 1121 2258 adverso
1145 2232 1249 2257 tamen
1274 2225 1317 2256 ire
1346 2231 1431 2255 motu
1456 2235 1510 2266 per

851 2288 921 2309 suos
933 2287 1066 2319 quaeque
1082 2287 1200 2318 passus.
1230 2275 1279 2306 Ita
1295 2274 1370 2309 fieri,
1382 2285 1420 2304 ne
1436 2285 1509 2304 con-

852 2327 975 2359 volutus
989 2337 1041 2357 aer
1056 2325 1187 2357 eandem
1202 2324 1233 2354 in
1252 2329 1372 2366 partem
1395 2328 1510 2354 aeterna

852 2376 960 2408 mundi
975 2375 1126 2416 vertigine
1144 2374 1257 2415 ignavo
1272 2374 1363 2414 globo
1379 2378 1511 2414 torpeat,

853 2425 908 2457 sed
923 2425 1070 2460 findatur,
1087 2423 1215 2454 adverso
1233 2422 1370 2453 siderum
1385 2422 1511 2452 verbere

853 2474 1005 2505 discretus
1027 2478 1058 2504 et
1083 2471 1254 2513 digestus.’⁷
1301 2471 1432 2510 Impetus
1454 2470 1512 2510 igi-

854 2529 915 2559 tur,
933 2522 1096 2554 celerrima
1109 2521 1181 2552 coeli
1201 2519 1446 2555 circumvolutio,
1462 2519 1514 2559 qui

853 2578 959 2602 caeteru
980 2570 1081 2601 sidera
1101 2571 1205 2605 vincit,
1224 2579 1329 2599 secum
1351 2567 1441 2609 rapit,
1459 2568 1513 2597 So-

853 2620 917 2651 lem
951 2630 1074 2661 quoque
1112 2628 1218 2659 rapere
1249 2617 1333 2655 vult3
1356 2616 1409 2647 ille
1442 2627 1513 2647 vero

855 2668 992 2700 maximo
1022 2678 1092 2698 cum
1126 2667 1232 2697 labore
1262 2670 1366 2696 contra
1396 2664 1515 2694 nititur.

855 2719 989 2757 Impetus
1012 2727 1094 2758 saepe
1114 2716 1152 2747 de
1176 2716 1276 2747 coelo:
1302 2713 1373 2745 vide
1392 2712 1514 2744 Ernesti

856 2768 950 2800 Clav.
968 2766 1037 2798 Cic.
1053 2766 1084 2797 h.
1100 2778 1131 2796 v.
