1763 3181
192 191 278 232 474

584 188 634 228 P.
670 187 781 228 OVI
791 186 883 227 DII
919 185 1199 227 NASONIS

194 304 526 366 Membraque
552 303 816 366 pendentis
843 302 1057 349 tendunt
1081 301 1143 348 ad
1169 301 1332 348 sidera
1355 300 1483 355 coeli,

192 380 306 435 Hic,
335 380 433 426 illic
459 379 542 425 ubi
569 395 699 425 mors
725 378 1071 442 deprenderat,
1100 378 1407 424 exhalantes.

1488 377 1577 422 581

192 457 326 511 Quid
351 457 470 503 mihi
495 463 613 502 tunc
639 456 787 502 animi
814 455 942 501 fuit?
978 470 1039 501 an
1067 454 1199 516 quod
1225 452 1398 500 debuit
1422 467 1549 506 esse,

194 533 266 580 Ut
289 533 441 580 vitam
465 532 700 587 odissem,
724 540 774 579 et
798 548 1033 595 cuperem
1058 547 1172 595 pars
1199 546 1308 578 esse
1334 527 1584 577 meorum?

189 609 301 663 Quo
328 625 380 657 se
405 624 603 671 cunque
630 609 762 655 acies
789 608 1046 654 oculorum
1074 608 1299 661 flexerat,
1328 606 1428 653 illic

191 685 385 746 Vulgus
412 692 518 732 erat
543 691 781 742 stratum3
822 684 974 731 veluti
1001 699 1155 746 quum
1181 683 1345 747 putria
1371 682 1518 729 motis

192 761 352 808 Poma
372 761 558 808 cadunt
578 761 754 817 ramis3
785 760 1072 822 agitataque
1093 761 1204 806 ilice
1227 760 1450 821 glandes.
1489 759 1583 804 586

257 837 468 901 Templa
481 838 618 885 vides
635 844 822 892 contra,
841 836 1077 899 gradibus
1095 836 1327 882 sublimia
1341 835 1525 897 longis;

190 914 424 978 Juppiter
449 915 534 961 illa
557 922 721 962 tenet:
763 914 875 977 quis
901 930 1000 960 non
1026 914 1264 961 altaribus
1291 913 1387 959 illis

193 990 339 1038 Irrita
361 998 472 1038 tura
495 992 642 1039 tulit?
680 991 879 1055 quoties
906 1007 995 1055 pro
1021 992 1233 1053 conjuge
1259 991 1461 1052 conjux,

192 1067 292 1114 Pro
317 1075 469 1130 gnato
494 1068 703 1131 genitor,
727 1068 847 1114 dum
872 1069 1023 1115 verba
1049 1066 1306 1130 precantia
1330 1065 1467 1121 dicit,
1491 1068 1587 1112 590

194 1143 309 1190 Non
334 1144 550 1191 exoratis
576 1144 792 1191 animam
816 1143 974 1191 finivit
998 1145 1048 1190 in
1074 1144 1198 1200 aris;

195 1220 357 1284 Inque
382 1237 531 1268 manu
558 1221 681 1267 turis
708 1236 821 1284 pars
848 1222 1198 1283 inconsumpta
1221 1226 1418 1283 reperta
1442 1219 1544 1265 est!

193 1297 396 1344 Admoti
423 1297 619 1360 quoties
646 1299 863 1362 templis,
891 1299 1011 1345 dum
1034 1305 1149 1345 vota
1173 1297 1404 1344 sacerdos

193 1448 237 1476 tia
257 1452 355 1476 noctes
375 1446 533 1476 Vera-arent
552 1447 704 1477 oculorum
726 1450 857 1487 expertia

191 1506 302 1526 somno.

237 1545 312 1574 580.
349 1543 541 1584 Membraque
573 1547 741 1584 pendentis,
775 1545 854 1586 etc]

194 1593 288 1623 Hunc
318 1603 453 1629 versum,
484 1604 578 1634 quem
607 1604 679 1624 curn
714 1594 858 1635 sequenti

193 1641 313 1672 scutica
341 1641 469 1682 dignum
497 1642 666 1683 judicabat
696 1643 857 1678 Heinsius,

193 1690 336 1722 defendit
372 1691 582 1727 Burmannus,
614 1691 667 1733 qui
703 1694 861 1731 pendentis

194 1740 260 1771 coeli
284 1739 422 1781 explicat
441 1750 458 1770 e
478 1750 569 1771 versu
586 1741 662 1771 528.
676 1740 729 1771 ubi
753 1742 860 1771 coelum

194 1791 284 1828 spissa
310 1790 441 1830 caligine
464 1795 561 1819 terras
584 1790 709 1830 premit.
745 1790 858 1820 Lucre-

197 1837 269 1873 tius,
289 1837 388 1867 1126:
414 1837 479 1867 Aut
495 1840 585 1867 etium.
607 1849 745 1877 suspensa
760 1845 859 1868 manet

196 1887 239 1917 vis
257 1896 326 1916 aere
347 1887 380 1916 in
404 1888 473 1925 ipsa.
519 1886 615 1917 Posse
639 1893 755 1922 tamen,
772 1886 860 1917 addit

196 1936 408 1969 Burmannus,
434 1940 465 1965 et
483 1936 637 1974 perdentis
659 1934 734 1976 legi.
766 1935 860 1966 Certe

195 1984 328 2020 Seneca,
347 1983 420 2013 OEd.
434 1983 487 2014 36.
502 1982 592 2020 dixit,
612 1986 719 2015 coelum
744 1995 860 2015 nocens.

197 2033 258 2064 Sed
280 2034 408 2072 pendere
423 2033 594 2073 eleganter,
611 2039 645 2063 ut
660 2033 680 2063 i.
696 2034 771 2064 268.
784 2045 859 2073 pen-

195 2083 299 2112 dentia
314 2082 430 2116 nubila,
446 2086 477 2111 et
492 2091 575 2112 nunc
597 2081 733 2112 nubibus
755 2082 861 2123 spissis

196 2130 314 2161 coelum
329 2129 512 2161 obductum.
550 2130 622 2166 Hic,
641 2131 706 2161 illic
721 2131 783 2166 ubi,
799 2136 860 2161 etc.

197 2178 347 2210 Heinsius
381 2177 572 2209 emendabat
601 2178 675 2214 Hic,
707 2180 759 2210 vbi
785 2190 861 2209 mors

196 2230 328 2258 animam
344 2229 554 2267 deprenderat.
586 2227 680 2258 Porro
695 2228 766 2263 Hic,
783 2230 858 2264 illic,

199 2277 283 2318 quod
304 2281 336 2308 et
356 2276 458 2317 ipsum
482 2275 645 2307 Heinsium
669 2276 859 2312 offendebat,

198 2325 375 2367 frequenter
385 2324 499 2355 dicitur
514 2336 579 2367 pro,
593 2325 720 2367 ubique,
735 2326 861 2367 passim.

200 2374 352 2404 Eahalare
377 2373 513 2415 denique
540 2384 600 2404 non
625 2384 692 2405 raro
720 2375 860 2407 absolute

199 2422 333 2465 ponitur.

242 2472 317 2503 582.
343 2471 425 2505 Quid
449 2472 522 2501 mihi
550 2477 623 2501 tunc
647 2474 754 2508 animi,
782 2474 860 2514 etc.]

198 2520 332 2551 Lenzius
360 2519 443 2550 hunc
469 2525 502 2550 et
531 2525 714 2561 sequentem
742 2532 862 2553 versum

199 2567 357 2611 transponi
372 2568 439 2600 vult
452 2575 523 2600 ante
539 2570 612 2599 614.
661 2569 743 2604 Quid
758 2573 861 2608 animi,

200 2623 235 2648 ut
260 2617 281 2648 i.
308 2618 382 2648 358.
428 2618 477 2647 An
505 2616 658 2653 adfirmat,
685 2624 717 2649 ut
738 2630 768 2650 ν.
789 2620 863 2652 626.

202 2666 280 2695 Pars
295 2676 351 2696 esse
364 2676 374 2702 ,-
399 2664 484 2695 idem
498 2675 625 2706 passum
641 2676 720 2697 esse.

243 2715 318 2745 585.
344 2713 484 2753 Putria]
518 2713 667 2745 Heinsius
683 2715 738 2751 ait,
753 2726 784 2746 se
802 2715 859 2746 ali-

925 1447 1052 1489 quando
1075 1446 1245 1489 conjecisse
1270 1448 1368 1482 mitia,
1391 1445 1424 1476 id
1446 1451 1504 1481 est,
1524 1456 1589 1476 ma-

926 1503 1006 1530 tura,
1023 1497 1077 1527 sed
1093 1502 1162 1537 post
1178 1507 1210 1526 se
1226 1495 1428 1530 intellexisse,
1438 1496 1543 1534 putria
1556 1504 1588 1524 se

925 1547 1005 1576 bene
1022 1546 1155 1583 habere3
1179 1544 1389 1586 putrescentia
1404 1543 1486 1574 enim
1503 1542 1590 1573 sacil-

926 1595 998 1626 lime
1013 1606 1050 1626 ex
1067 1596 1174 1625 arbore
1193 1593 1339 1624 defluere.
1384 1592 1488 1629 Adde,
1505 1591 1586 1634 quod

926 1654 997 1674 cum
1013 1642 1264 1685 putrescentibus
1288 1641 1387 1683 pomis
1407 1641 1487 1671 bene
1503 1651 1588 1671 com-

926 1698 1074 1734 parantur
1100 1691 1186 1723 foeda
1213 1691 1268 1721 illa
1291 1700 1431 1732 corpora.
1479 1690 1588 1726 Quan-

927 1751 1023 1782 quam
1043 1743 1149 1781 putria
1165 1740 1260 1771 etiam
1277 1749 1344 1770 esse
1359 1744 1498 1781 possunt,
1514 1748 1589 1779 quo-

924 1801 992 1821 rum
1008 1790 1145 1831 petiolus
1160 1795 1207 1820 est
1222 1789 1321 1830 putris
1336 1799 1390 1819 seu
1406 1788 1570 1818 resolutus.

971 1840 1043 1869 587.
1070 1839 1223 1878 Templum
1244 1837 1315 1869 Jovi
1333 1837 1365 1867 in
1380 1843 1484 1867 monte
1510 1837 1590 1867 Pan-

928 1887 1064 1918 hellenio
1083 1889 1201 1918 AEacus
1218 1886 1428 1918 dedicaverat.
1453 1886 1591 1917 Pausan.

927 1936 960 1967 ii.
976 1937 1029 1966 30.
1078 1937 1129 1966 De
1140 1937 1299 1976 gradibus,
1317 1934 1356 1965 ad
1373 1934 1503 1976 templa,
1520 1934 1591 1965 vide

927 1984 967 2014 ad
980 1984 1012 2014 ii.
1028 1985 1057 2014 1.
1105 1984 1231 2026 Longis,
1248 1983 1374 2024 longam
1390 1983 1507 2013 scalam
1523 1983 1590 2013 effi-

928 2032 1097 2064 cientibus.

970 2082 1047 2112 590.
1067 2082 1127 2112 Pro
1139 2088 1233 2123 gnato
1242 2083 1363 2123 genitor
1375 2092 1384 2118 ;
1400 2079 1593 2111 Basileensis

928 2136 959 2160 et
982 2130 1110 2166 Morem,
1134 2130 1196 2160 Pro
1219 2137 1312 2172 gnato
1333 2132 1483 2171 genetrix,
1509 2128 1592 2169 quod

926 2180 1037 2221 probat
1052 2180 1262 2214 Burmannus,
1278 2179 1352 2221 quia
1366 2185 1480 2209 matres
1493 2177 1593 2218 magis

927 2229 959 2258 in
984 2234 1058 2259 vota
1085 2239 1256 2270 precesque
1285 2239 1340 2269 pro
1368 2226 1439 2258 filiis
1473 2226 1594 2257 ardent.

928 2278 988 2308 Pro
998 2279 1073 2307 dicit
1084 2288 1164 2307 unus
1176 2276 1311 2312 Cios-ani,
1320 2276 1427 2317 fudit3
1444 2275 1594 2306 Cantabr.

927 2332 959 2356 et
983 2326 1280 2368 Menardi,f1mdit,
1302 2325 1387 2367 quod
1408 2325 1521 2356 melius
1545 2326 1594 2366 τῷ

928 2377 1021 2405 irrita
1036 2375 1202 2405 convenire
1225 2375 1307 2406 idem
1329 2375 1594 2416 putat;jimdere

929 2423 1011 2454 enim
1037 2424 1069 2454 in
1098 2424 1214 2454 talibus
1242 2423 1320 2454 locis
1347 2433 1425 2459 esse,
1453 2422 1592 2465 perdere.

931 2473 970 2503 In
995 2475 1067 2510 aris,
1096 2473 1136 2503 ad
1162 2483 1241 2504 aras.
1288 2473 1425 2504 Exoratae
1451 2483 1522 2507 (ιν-ιε,
1552 2471 1593 2502 ad

929 2532 1008 2563 quas
1026 2528 1161 2553 exoratae
1177 2532 1195 2552 a
1211 2521 1282 2552 Diis
1299 2532 1420 2564 preces.
1466 2523 1591 2557 Anima,

929 2570 1005 2606 vita,
1021 2570 1104 2611 quod
1119 2580 1199 2600 unus
1214 2571 1284 2601 MS.
1298 2581 1315 2601 e
1330 2571 1431 2611 glossa
1447 2569 1556 2600 habet.

972 2619 1049 2650 593.
1087 2620 1206 2649 Admoti
1229 2621 1340 2659 quoties
1364 2619 1488 2658 templis,
1510 2617 1589 2658 etc.]

930 2667 1093 2709 Virgilius,
1107 2668 1223 2710 Georg.
1238 2667 1282 2698 iii.
1294 2668 1376 2698 486:
1403 2668 1482 2707 Saepe
1496 2668 1525 2697 in
1543 2667 1592 2696 ho-

931 2728 1000 2747 nore
1019 2717 1113 2747 Deum
1129 2718 1221 2747 medio
1237 2724 1318 2748 stans
1333 2718 1426 2747 hostia
1441 2718 1479 2747 acl
1494 2727 1590 2751 arum,
