1729 3207
234 210 317 250 xxii
755 201 1090 243 PRAEFATIO

234 322 474 368 astronomi,
493 318 728 374 geographi
754 319 794 358 in
827 331 912 357 rem
938 330 1055 356 suam
1076 322 1173 355 sunt
1198 314 1260 354 usi
1282 330 1289 353 ε
1328 321 1454 367 atque
1482 312 1606 354 etiarn

234 400 414 441 artifices
435 398 600 452 mythos
622 398 821 451 operibus
844 396 929 436 suis
949 400 1286 449 expresserunt*¹.

292 477 545 518 Persuasum
568 482 657 515 erat
675 473 855 522 Graecis,
877 486 1001 526 posse
1025 471 1143 513 Deos
1158 471 1318 526 figuras
1338 471 1439 511 dare
1461 476 1503 510 et
1523 468 1610 509 adi-

232 569 368 604 mere3
400 554 528 607 idque
561 552 710 593 crebro
737 565 829 592 esse
861 551 915 590 ab
946 550 993 590 iis
1025 550 1197 599 factum,
1227 557 1273 590 ut
1298 548 1364 589 vel
1393 548 1437 588 in
1468 554 1610 588 sontes

233 631 625 678 animadverterent,
640 628 705 669 vel
722 628 1012 669 laborantibus
1034 634 1351 669 succurrerent:
1374 640 1500 680 quam
1521 624 1610 680 opi·

234 711 399 751 nionem
427 724 451 749 a
480 707 785 756 sacerdotibus,
807 706 916 747 fictis
938 705 1130 760 pluribus
1151 705 1370 760 exemplis,
1392 703 1612 746 confirma-

234 797 317 830 tam
345 802 435 829 esse
464 786 672 840 latiusque
702 800 890 840 sparsam
918 785 1144 826 admodum
1172 793 1235 825 est
1263 783 1479 825 credibile.
1542 781 1612 823 Sic

234 866 387 920 mythis
420 864 545 906 illatae
579 871 676 905 sunt
701 863 1060 917 metamotplcoses,
1084 878 1179 917 quae
1207 862 1441 916 phantasiae
1468 866 1614 915 poeta-

235 959 325 985 rum
357 943 486 984 latum
516 957 709 996 campum
742 942 1093 997 praesternebant,
1121 956 1251 996 quum
1275 940 1333 981 illi
1359 947 1402 981 et
1422 938 1614 993 vulgatas

234 1028 487 1063 exornarent
515 1021 816 1075 ingenioseque
836 1020 1062 1069 variarent,
1085 1027 1128 1060 et
1152 1034 1176 1060 a
1199 1034 1243 1060 se
1272 1019 1460 1059 inventas
1485 1016 1616 1058 adde-

233 1107 340 1142 rent.
410 1099 666 1141 Simonidem
700 1100 870 1153 quidem
910 1099 1095 1140 carmine
1135 1097 1283 1138 lusisse
1320 1096 1488 1144 scimus,
1529 1108 1615 1149 quo

234 1177 454 1220 mulierum
483 1177 665 1232 origines
689 1192 768 1231 pro
796 1177 953 1231 ingenii
982 1184 1134 1218 natura
1158 1176 1281 1217 variis
1305 1190 1359 1217 ex
1387 1176 1515 1216 rebus
1542 1174 1617 1216 de-

235 1257 424 1298 duceret·
488 1255 558 1296 Ex
590 1255 888 1310 antiquissimis
920 1255 1047 1310 hujus
1078 1255 1245 1310 generis
1272 1253 1428 1308 mythis
1454 1253 1617 1294 Home-

237 1350 309 1376 rus
341 1333 561 1375 nonnullos
585 1342 628 1375 et
656 1333 873 1375 Hesiodus
900 1340 1134 1374 servarunt.
1197 1333 1332 1388 Apud
1362 1331 1479 1373 illum
1505 1331 1616 1373 enim

236 1427 321 1454 non
345 1413 471 1454 modo
492 1412 673 1454 Proteus
701 1413 964 1454 transformis
990 1413 1186 1462 occurrit,
1209 1413 1284 1454 sed
1309 1419 1352 1454 et
1376 1412 1505 1453 draco
1526 1410 1618 1466 qui-

237 1491 348 1540 dam,
370 1491 514 1532 Niobe
545 1497 588 1532 et
616 1490 846 1533 Phaeacum
875 1492 991 1533 navis
1017 1492 1061 1532 in
1092 1506 1209 1541 saxa,
1234 1490 1447 1532 Pandarei
1474 1496 1617 1531 autem

237 1569 323 1610 filia
353 1570 396 1610 in
425 1569 641 1611 lusciniam
671 1572 884 1613 transiisse
914 1570 1127 1626 leguntur.
1190 1570 1240 1611 In
1265 1569 1445 1611 Hesiodi
1472 1567 1618 1610 Theo-

237 1647 362 1702 gonia
400 1654 617 1702 amputato
657 1647 873 1703 Gorgonis
914 1650 1053 1704 capite
1094 1649 1308 1702 Chrysaor
1342 1655 1385 1689 et
1424 1647 1616 1702 Pegasus

237 1723 474 1779 prosiliunt,
506 1734 548 1766 et
585 1725 628 1766 in
662 1725 794 1768 altero
830 1728 1027 1777 carmine,
1063 1728 1179 1782 quod
1210 1727 1264 1769 ab
1298 1726 1517 1782 Operibus
1556 1725 1619 1767 in-

239 1803 440 1857 scriptum
459 1809 538 1851 est,
560 1802 790 1845 Pandionis
810 1804 897 1846 filia
917 1806 960 1846 in
981 1805 1253 1847 hirundinem
1278 1804 1617 1846 transformatur.

240 1882 385 1935 Atque
417 1881 529 1922 idem
562 1880 631 1923 ille
662 1883 704 1923 in
730 1882 937 1940 Catalogo
971 1884 1193 1926 mulierum
1226 1883 1452 1938 deperdito
1485 1880 1618 1922 multo

240 1959 422 2014 plurium
449 1960 844 2015 metamorphoseon
872 1969 1020 2004 auctor
1045 1963 1196 2004 fuerat.
1259 1961 1357 2003 Hoc
1385 1961 1513 2016 igitur
1532 1975 1620 2014 my-

241 2037 409 2078 thorum
443 2052 578 2092 genus
612 2054 741 2093 quum
775 2047 818 2081 et
851 2041 989 2095 ipsum
1025 2040 1190 2082 Graecis
1225 2039 1428 2095 placeret,
1465 2046 1512 2080 ut
1545 2039 1619 2094 qui

242 2116 369 2157 rebus
394 2114 567 2157 ludicris
595 2116 869 2168 ducerentur,
891 2119 1157 2173 prodierunt,
1180 2118 1253 2173 qui
1278 2118 1322 2159 id
1351 2123 1620 2172 segregatum

242 2208 266 2233 a
286 2191 456 2247 reliquis
477 2199 719 2235 tractarent.
782 2194 967 2236 Corinna
993 2195 1156 2246 mulier,
1179 2197 1299 2250 cujus
1319 2202 1422 2236 aetas
1444 2195 1619 2244 ineerta,

243 2272 408 2325 scripsit
437 2274 603 2320 Ἐτεροίων
624 2275 776 2323 Βίβλους,
801 2272 1080 2315 Callisthenes
1107 2273 1353 2328 Olynthius,
1377 2271 1620 2314 Aristotelis

243 2350 425 2398 auditor,
456 2355 751 2401 Μεταμορφώσεις,
783 2351 1024 2405 Antigonus
1051 2351 1283 2406 Carystius,
1309 2359 1499 2406 tempore
1520 2351 1621 2392 Pto-

242 2428 374 2470 lemaei
397 2429 683 2486 Philadelphi,
705 2433 929 2481 Ἀλλοιώσεις,
953 2429 1173 2471 Nicander
1194 2428 1342 2470 Attalo
1369 2429 1426 2470 II.
1450 2427 1623 2484 aequalis

241 2512 501 2557 Ἐτεροιοιίμενα,
532 2517 574 2550 et
592 2510 846 2553 Parthenius
869 2512 1165 2557 Μεταμορφώσεις.
1219 2508 1355 2549 Erant
1387 2508 1527 2557 etiam,
1549 2507 1621 2561 qui

244 2598 404 2632 certum
437 2592 515 2632 sibi
552 2591 963 2632 transformationum
999 2604 1132 2644 genus
1172 2587 1453 2629 enarrandum
1488 2599 1623 2626 sume-

286 2718 298 2732 ³
324 2714 402 2744 Vide
419 2714 533 2755 Ileynii
549 2714 722 2745 Commeat.
737 2713 775 2744 de
794 2713 910 2754 origine
932 2719 963 2743 et
984 2712 1085 2743 causis
1105 2712 1189 2742 sabb.
1207 2711 1362 2743 Homeric.
1378 2712 1409 2742 in
1429 2710 1511 2741 Nov.
1531 2710 1623 2741 Com-

245 2774 373 2800 mentar.
390 2769 451 2800 vol.
466 2768 529 2799 viii.
570 2768 646 2800 Item
663 2769 838 2799 Commeat.
854 2768 892 2798 de
910 2766 1089 2808 Apollodori
1106 2764 1255 2796 Biblioth.
