1763 3181
407 182 1028 225 METAMORPHOSEON
1062 182 1180 223 LIB.
1204 182 1295 223 III.
1456 183 1539 224 261

155 298 266 346 Hoc
299 299 476 362 probat
499 298 794 346 Alcimedon
812 317 823 355 ;
864 304 929 353 et,
957 298 1042 360 qui
1082 298 1404 360 requiemque
1433 313 1535 343 mo-

352 376 574 438 dumque

153 451 291 500 Voce
316 452 468 500 dabat
491 452 654 508 remis,
683 452 954 499 animorum
978 451 1199 498 hortator
1218 449 1454 513 Epopeus
1474 469 1483 506 3

155 528 264 577 Hoc
290 545 460 577 omnes
481 529 562 576 alii
583 546 592 576 :
622 529 801 592 praedae
823 535 925 575 tam
945 543 1078 575 caeca
1103 526 1284 590 cupido
1311 527 1415 573 est!
1443 529 1539 573 620

156 605 271 653 Non
296 613 463 654 tamen
486 606 613 653 hanc
641 621 780 652 sacro
804 605 973 651 violari
999 604 1217 667 pondere
1243 603 1415 667 pinum

154 682 429 746 Perpetiar,
457 682 589 739 dixi3
631 697 744 745 pars
770 681 848 727 hic
875 680 994 727 mihi
1020 680 1238 727 maxima
1256 680 1411 743 juris;

153 759 315 822 Inque
336 759 471 807 aditu
497 759 713 806 obsisto:
754 758 870 805 furit
895 758 1253 805 audacissimus
1281 757 1413 803 omni

154 836 231 884 De
252 853 455 885 numero
478 837 721 901 Lycabas
739 836 824 900 qui
850 835 1049 882 Thusca
1074 835 1246 898 pulsus
1272 834 1333 881 ab
1360 834 1481 880 urbe

153 913 390 971 Exilium,
419 914 525 961 dira
549 929 745 977 poenam
771 929 858 976 pro
883 912 1035 968 caede,
1065 912 1249 958 luebat.
1440 913 1534 958 625

152 990 203 1037 Is
229 990 364 1047 mihi,
392 991 511 1037 dum
536 997 683 1046 resto,
705 989 910 1053 juvenili
938 996 1139 1051 guttura
1164 1004 1330 1051 pugno

153 1067 340 1131 Rupit;
377 1075 426 1115 et
451 1084 718 1115 excussum
743 1067 962 1114 misisset
986 1067 1035 1112 in
1060 1081 1276 1129 aequora,
1305 1065 1346 1111 si
1372 1081 1469 1112 non

151 1142 439 1202 Haesissem,
457 1145 681 1209 quamvis
698 1161 885 1200 amens,
899 1145 948 1191 in
963 1144 1080 1192 fune
1100 1149 1339 1190 retentus
1371 1143 1530 1204 [chus‚

152 1221 314 1286 Impia
345 1223 490 1270 turba
522 1223 734 1286 probant
764 1222 979 1269 factum:
1020 1228 1126 1267 tum
1158 1220 1377 1282 denique
1405 1219 1531 1266 Bac-

153 1298 383 1346 Bacchus
410 1300 540 1347 enim
564 1299 738 1357 fuerat,
765 1301 916 1347 veluti
942 1299 1155 1346 clamore
1182 1299 1374 1344 solutus
1440 1299 1536 1343 630

154 1375 230 1423 Sit
253 1392 415 1440 sopor,
440 1392 568 1440 aque
593 1393 727 1424 mero
753 1377 957 1425 redeant
982 1375 1030 1422 in
1058 1382 1261 1439 pectora
1287 1390 1477 1428 sensus,

149 1508 251 1541 video.
295 1509 340 1546 Si,
365 1521 459 1552 quum
487 1511 661 1541 Melanthus
688 1512 809 1552 nigrum

152 1564 250 1595 notet,
274 1559 382 1590 ludere
404 1560 513 1597 voluit,
537 1560 625 1592 lusus
649 1560 701 1592 ille
723 1561 808 1603 inep-

152 1613 201 1639 tus
223 1614 280 1640 est.
327 1609 513 1646 Melanthus,
537 1610 654 1652 Hygin.
700 1611 807 1647 Melas,

149 1657 234 1698 quod
249 1657 346 1688 forma
362 1657 500 1699 quidem,
515 1669 576 1689 non
594 1666 698 1690 autem
715 1659 809 1700 signi—

150 1706 294 1738 ficatione
309 1707 422 1739 differt.
466 1709 567 1739 Prot-a>
583 1710 687 1744 tutela,
704 1709 734 1739 id
750 1715 806 1745 est,

150 1762 284 1797 proreta,
312 1756 500 1798 πρωράτης,
520 1763 622 1788 custos
642 1763 673 1788 et
696 1758 807 1799 guber-

150 1810 249 1842 nator,
274 1805 307 1836 in
330 1817 420 1848 prora
446 1807 544 1838 navis.
595 1807 681 1838 Alibi
713 1809 808 1838 tutela

149 1857 233 1885 navis
252 1860 300 1886 est
319 1855 519 1887 simulacrum
536 1856 599 1887 Dei
620 1857 760 1887 tutelaris
776 1857 807 1887 in

149 1904 246 1946 puppi
269 1905 469 1935 collocatum.
518 1905 600 1936 Vide
617 1905 731 1947 Virgil.
749 1907 805 1936 ΖΕ-

151 1953 236 1983 neid.
251 1965 281 1984 x.
297 1954 367 1984 171.

192 2003 267 2034 619.
293 2004 369 2034 Erat
387 2003 520 2043 Epopeus
531 2004 716 2042 κελευστὴς,
730 2015 807 2043 pau-

149 2054 257 2088 sarius,
278 2052 414 2083 hortator
434 2053 596 2093 remigum,
613 2053 666 2095 qui
683 2054 806 2095 remigi-

150 2101 209 2132 bus
233 2103 350 2132 modum
379 2101 485 2138 dabat,
513 2108 544 2132 et
573 2113 655 2133 nunc
681 2113 807 2144 pergere

145 2151 288 2192 jubebat,
304 2162 386 2182 nunc
408 2163 517 2182 cessare
539 2152 578 2183 ab
598 2162 699 2193 opere,
716 2158 808 2193 atque

149 2200 244 2231 etiam
268 2201 409 2232 canendo
433 2203 565 2231 animum
589 2201 727 2231 addebat
753 2201 807 2232 de-

151 2248 299 2291 fatigatis.
344 2249 477 2280 Modum
507 2256 612 2281 autem
638 2250 732 2280 dabat
759 2251 808 2281 vel

151 2309 227 2335 voce,
242 2304 275 2330 et
287 2299 443 2330 interdum
459 2299 586 2340 quidem
607 2299 680 2330 satis
696 2300 808 2330 acerba

149 2348 278 2388 (Senec.
295 2348 394 2390 Epist.
410 2349 482 2387 56.)
498 2349 547 2379 vel
572 2348 751 2390 portisculo,
774 2348 804 2378 id

150 2403 208 2432 est,
237 2396 393 2433 malleolo,
415 2407 507 2438 quem
536 2407 628 2427 manu
655 2397 781 2427 tenebat
796 2408 803 2433 3

150 2445 221 2476 vide
251 2446 398 2477 Gronovii
427 2447 596 2477 Observat.
624 2446 664 2476 iv.
690 2447 744 2476 26.
776 2452 807 2476 et

150 2495 311 2526 Drakenb.
326 2495 365 2525 ad
379 2495 489 2525 Silium
505 2495 662 2531 Italicum,
678 2495 720 2525 vi.
733 2496 806 2525 366.

150 2544 253 2574 Locus
277 2544 404 2585 elegans
422 2543 455 2575 in
473 2555 542 2576 eam
565 2554 628 2574 rem
651 2550 698 2574 est
723 2543 807 2585 apud

149 2592 295 2634 Xenoph.
312 2593 422 2623 OEcon.
438 2593 499 2623 xxi.
514 2594 546 2623 3.
593 2593 688 2628 Caeca,
710 2598 807 2623 teme-

151 2640 241 2677 raria,
264 2640 385 2678 insana,
401 2653 471 2683 quae
498 2648 638 2672 excaecat
659 2641 808 2677 animum,

152 2699 213 2729 quo
238 2688 340 2720 minus
353 2689 472 2727 videat,
489 2689 565 2731 quid
588 2688 626 2720 sit
647 2690 732 2730 pium
755 2694 808 2719 aut

151 2738 291 2780 impium.
336 2739 481 2780 Hyginus
500 2740 601 2774 addit,
617 2749 668 2769 eos
688 2744 810 2780 propter

196 2787 296 2818 VOL.
321 2788 386 2819 III.

878 1512 1007 1542 formam
1038 1516 1236 1551 constuprare
1265 1508 1426 1539 Bacchum
1451 1507 1536 1538 volu-

877 1561 947 1591 isse.
994 1560 1089 1602 Apud
1115 1560 1284 1590 Homerum
1309 1557 1441 1589 vinculis
1467 1568 1537 1587 eum

878 1611 973 1651 ligare
986 1610 1105 1645 volunt,
1129 1609 1182 1639 sed
1207 1608 1262 1639 illa
1288 1612 1397 1649 sponte
1423 1606 1539 1637 cadunt

879 1660 916 1690 de
932 1659 1086 1690 manibus.

919 1710 991 1739 621.
1027 1708 1158 1743 Pondus,
1187 1706 1339 1747 quidquid
1369 1704 1539 1747 imponitur

880 1759 951 1788 navi
973 1768 1103 1799 corpus:
1131 1768 1181 1787 xv.
1197 1757 1273 1786 694.
1292 1755 1335 1786 sic
1351 1761 1397 1785 est
1411 1767 1483 1784 onus
1499 1754 1538 1784 de

876 1818 1001 1849 corpore
1018 1805 1081 1837 Dei
1096 1816 1208 1837 navem
1223 1811 1392 1846 premente.
1440 1804 1538 1834 Navis

876 1857 1009 1887 violat-nr
1030 1854 1178 1897 pondere,
1194 1854 1269 1896 quia
1294 1864 1341 1884 res
1362 1853 1456 1894 impia
1480 1858 1538 1889 est,

877 1906 983 1936 Deum
1012 1904 1042 1934 vi
1072 1903 1240 1933 abductum
1268 1902 1300 1932 in
1327 1913 1364 1932 ea
1393 1901 1537 1932 retinere.

879 1954 956 1984 Pars
971 1955 1030 1989 hic,
1050 1958 1112 1983 etc.
1148 1953 1223 1982 Erat
1238 1951 1370 1982 Acoetes
1385 1951 1538 1991 guberna-

878 2009 925 2034 tor
954 2002 1054 2033 navis.
1106 2002 1236 2031 Homer.
1263 2001 1294 2031 d.
1317 2000 1339 2030 l.
1365 2010 1455 2030 versu
1489 2001 1537 2029 15.

877 2053 994 2094 Hygin.
1019 2052 1051 2082 d.
1067 2051 1088 2081 l.
1135 2051 1212 2080 Pars
1239 2051 1284 2080 hic
1309 2051 1382 2080 mihi
1409 2051 1533 2079 maxima

866 2105 964 2142 juris.
998 2102 1144 2136 Maxima,
1160 2099 1273 2141 inquit,
1287 2111 1357 2139 pars
1374 2099 1467 2140 hujus
1483 2109 1537 2129 na—

879 2152 923 2181 vis
940 2157 986 2182 est
1001 2161 1084 2180 mea.

919 2201 994 2230 626.
1011 2199 1160 2234 Juveuz'li,
1171 2198 1311 2239 adeoque
1328 2196 1407 2226 forti.
1419 2207 1449 2226 x.
1462 2197 1537 2226 675.

866 2249 1145 2288 jecitjuveniliter,
1162 2257 1282 2277 summa
1300 2245 1339 2276 vi.
1374 2245 1482 2283 Rupit,
1498 2244 1536 2273 (le

877 2305 990 2328 conatu
1026 2296 1225 2338 capiendum,
1255 2304 1398 2335 rumpere
1429 2293 1538 2323 voluit.

877 2346 995 2387 Hygin.
1026 2346 1068 2375 nil
1102 2344 1222 2379 definit,
1256 2345 1402 2382 injurium
1438 2343 1473 2371 ab
1504 2343 1538 2371 iis

874 2406 973 2434 passus
989 2401 1043 2424 est.

919 2445 992 2474 630.
1019 2444 1143 2473 Solutus
1168 2441 1275 2481 sopora]
1301 2441 1435 2470 Solvitur
1455 2450 1535 2468 som-

876 2504 944 2529 nus,
962 2503 1057 2533 quum
1079 2491 1257 2533 depellitur,
1274 2490 1363 2530 fugit.
1402 2490 1425 2518 A
1450 2499 1536 2523 mero,

876 2547 946 2583 post
970 2551 1086 2571 merum
1116 2540 1282 2580 digestum.
1327 2538 1393 2572 Quo
1415 2549 1458 2566 me
1487 2538 1536 2566 de-

867 2593 957 2632 ferre
971 2592 1095 2630 puratis.
1132 2589 1254 2619 Servius
1268 2588 1300 2618 d.
1315 2588 1335 2618 l.
1350 2593 1535 2626 etperreclus

879 2642 907 2669 in
937 2650 1023 2674 nare,
1052 2650 1107 2679 quo
1127 2640 1300 2672 duceretur,
1326 2636 1537 2676 ¹intermgurit.

880 2689 1107 2728 Responderunt
1134 2688 1192 2723 illi,
1217 2698 1271 2726 quo
1301 2686 1400 2715 vellet.
1446 2684 1537 2714 Liber

879 2740 932 2772 ait,
950 2739 988 2766 ad
1007 2737 1137 2771 Naaum,
1149 2737 1278 2766 insulam
1291 2737 1344 2765 sibi
1356 2739 1514 2764 sacratam.

1008 2786 1037 2815 D
1054 2786 1072 2815 d
