1763 3181
231 185 317 227 338
628 184 676 224 P.
712 181 921 224 OVIDII
956 181 1237 224 NASONIS

233 300 446 348 Demere
471 299 698 347 tentabat
721 298 827 344 laevi
853 313 1053 360 quoque
1079 297 1254 344 robora
1278 297 1434 360 postis

235 377 516 441 Cinyphius
542 376 771 424 Pelates:
810 374 1023 422 tentanti
1049 375 1256 422 dextera
1278 374 1380 420 fixa
1403 381 1479 422 est

234 455 458 518 Cuspide
483 453 800 500 Marmaridae
827 451 1053 507 Coruthi‚
1080 450 1315 514 lignoque
1341 451 1572 498 cohaesit:

234 531 458 580 Haerenti
478 532 607 578 latus
633 530 798 577 hausit
821 529 987 585 Abas3
1028 545 1120 576 nec
1145 528 1328 576 corruit
1351 528 1449 583 ille,
1534 532 1622 575 126

235 609 337 656 Sed
362 609 604 656 retinente
630 622 830 654 manum
855 606 1069 653 moriens
1095 622 1122 653 e
1148 612 1290 669 poste
1313 605 1567 668 pependit.

237 687 483 734 Sternitur
508 693 558 733 et
583 684 861 740 Menaleus,
890 683 1095 731 Perseia
1119 690 1282 730 castra
1306 689 1565 745 sequutus,

236 763 303 811 Et
329 763 678 810 Nasamoniaci
707 761 920 826 Dorylas
945 760 1220 807 ditissimus
1247 759 1378 821 agri;

237 841 388 888 Dives
414 840 517 902 agri
545 840 776 903 Dorylas,
805 855 903 902 quo
926 855 1024 885 non
1048 837 1340 901 possederat
1365 837 1487 883 alter
1534 839 1625 882 130

237 918 422 973 Latius,
450 923 535 964 aut
559 917 766 965 totidem
791 917 999 964 tollebat
1022 915 1161 963 farris
1188 929 1405 962 acervos.

237 994 399 1058 Hujus
425 994 474 1041 in
499 994 704 1057 obliquo
726 994 933 1041 missum
959 994 1096 1041 stetit
1120 993 1322 1055 inguine
1347 990 1556 1038 ferrum:

238 1071 421 1119 Letifer
445 1072 529 1118 ille
552 1072 721 1119 locus:
751 1087 899 1135 quem
925 1077 1192 1135 postquam
1216 1069 1432 1115 vulneris
1457 1075 1629 1114 auctor

235 1149 603 1211 Singultantem
629 1148 859 1203 animam,
887 1154 937 1195 et
959 1154 1239 1195 versantem
1263 1146 1450 1192 lumina
1471 1145 1594 1191 vidit

238 1225 468 1273 Bactrius
484 1225 826 1289 Halcyoneus,
852 1231 882 1249 “
904 1224 1028 1281 Hoc,
1048 1225 1182 1288 quod
1202 1222 1432 1288 preniis‚''
1450 1221 1626 1285 inquit,

437 1309 467 1326 “
494 1303 675 1350 habeto
1535 1301 1626 1346 135

238 1379 317 1427 De
337 1386 412 1426 tot
435 1379 564 1442 agris
589 1387 729 1426 terrae
752 1379 795 1427 :'’
822 1394 1105 1442 corpusque
1130 1393 1383 1441 exsangue
1409 1375 1624 1439 reliquit.

237 1456 459 1519 Torquet
479 1456 529 1503 in
550 1456 680 1502 hunc
702 1456 897 1503 hastam
919 1455 1079 1502 calido
1105 1455 1167 1502 de
1192 1455 1393 1501 vulnere
1418 1460 1610 1517 raptam

237 1533 409 1580 Victor
433 1532 771 1581 Abantiades:
812 1533 978 1581 media
1002 1549 1114 1596 quae
1140 1549 1256 1580 nare
1281 1539 1484 1595 recepta

240 1609 447 1657 Cervice
463 1617 642 1657 exacta
659 1617 750 1667 est,
769 1611 817 1657 in
837 1618 1106 1675 partesque
1122 1611 1309 1658 eminet
1324 1610 1511 1657 ambas.
1537 1611 1626 1655 139

284 1760 355 1790 123.
373 1760 526 1800 Demere]
552 1759 620 1791 Cic.
636 1759 717 1790 dixit
737 1762 901 1792 convellere

241 1810 398 1850 repagula.
435 1809 566 1844 Robora,
588 1810 737 1851 repagula
759 1811 899 1840 roborea.

242 1859 365 1899 Cinyps,
380 1869 451 1900 pars
466 1858 572 1900 Libyae
595 1869 666 1889 cum
682 1859 810 1890 flumine
826 1870 899 1900 cog-

241 1907 367 1938 nomini.
414 1908 609 1937 Marmaridae
633 1907 714 1937 inter
728 1908 900 1949 Aigyptum

241 1962 273 1988 et
300 1958 444 1998 Cyrenen
468 1956 661 1988 incolebant.
709 1957 792 1987 Plin.
816 1969 845 1987 v.
871 1958 901 1988 6.

243 2006 321 2036 Fi.1a
340 2013 392 2037 est.
415 2005 522 2036 Simile
545 2005 631 2047 quid,
648 2006 702 2037 xii.
719 2007 900 2037 331—387.

243 2056 393 2091 Hamire,
411 2054 577 2086 confodere
602 2066 655 2085 seu
671 2055 840 2097 transigere
856 2056 900 2085 la-

244 2111 291 2135 tus
305 2104 385 2135 dixit
395 2105 462 2146 jam
479 2106 605 2135 Lucret.
621 2116 652 2135 v.
674 2105 766 2135 1323.
781 2115 817 2135 ex
836 2105 899 2135 Ho-

243 2154 369 2191 merico,
384 2153 552 2196 ἀφύσσειν.
589 2154 788 2185 Schirachius
803 2160 901 2184 meta-

243 2203 371 2245 phoram
392 2203 465 2235 inde
486 2204 614 2234 ductam
633 2209 733 2245 putat,
749 2203 832 2244 quod
847 2213 900 2234 ex-

243 2253 402 2284 hauriatur
413 2253 550 2294 sanguis.
574 2253 692 2284 Melius
707 2252 791 2283 haud
807 2252 901 2283 dubie

244 2303 387 2343 Heynius
419 2302 458 2333 ad
488 2303 578 2344 Virg.
610 2302 737 2333 AEneid.
767 2301 800 2332 ii.
830 2302 903 2332 600.

243 2350 318 2392 quia
343 2350 515 2382 hauriendo
544 2356 722 2393 penetretur
748 2360 820 2381 vase
845 2350 903 2380 im-

245 2399 336 2430 misso
356 2406 386 2431 et
407 2400 589 2431 diffindatur
609 2410 704 2441 aqua.
750 2399 903 2442 Exempla

245 2450 345 2480 multa
359 2449 451 2491 hujus
466 2450 631 2480 locutionis
646 2460 663 2480 e
677 2449 776 2492 poetis
797 2456 828 2480 et
842 2449 904 2480 his-

245 2498 349 2529 toricis
377 2499 505 2540 collegit
532 2498 692 2529 Drakenb.
716 2498 756 2529 ad
782 2498 901 2533 Silium,

246 2559 276 2577 v.
291 2547 367 2578 524.

293 2598 362 2626 128.
380 2596 487 2626 Castra
508 2602 660 2635 sequutus,
684 2605 825 2636 pugnans
848 2605 902 2636 pro

247 2646 369 2676 Perseo.
393 2645 448 2675 xii.
464 2646 546 2675 285:
573 2646 608 2674 sit
625 2644 720 2686 jbrtis
740 2650 902 2675 castrorum

247 2696 335 2725 turba
367 2701 497 2724 luorum.
543 2694 734 2729 Nasamones,
759 2694 905 2734 Cyrenen

249 2744 435 2775 incolebant.
481 2742 613 2779 Plinius,
639 2754 669 2773 v.
687 2745 717 2773 5.
739 2742 791 2772 ubi
813 2748 844 2772 et
865 2741 903 2771 de

969 1760 1130 1791 fertilitate
1148 1760 1214 1801 agri
1229 1758 1405 1801 Cyrenaici.
1451 1758 1492 1788 Et
1506 1757 1630 1788 omnino

968 1809 1077 1840 Africa
1101 1809 1296 1851 πυροφόρος.
1341 1808 1379 1838 In
1403 1806 1538 1838 nummis
1557 1816 1628 1836 curn

968 1858 1062 1900 spicis
1082 1865 1114 1889 et
1139 1868 1234 1889 cornu
1255 1857 1362 1899 Copiae
1390 1855 1535 1887 cernitur.
1579 1854 1628 1885 Ibi

969 1908 1103 1938 Romani
1121 1907 1287 1937 immensas
1310 1905 1516 1947 possessiones
1532 1903 1629 1934 habe-

968 1957 1057 1987 bant.
1106 1956 1279 1986 Ditissimus
1299 1956 1366 1997 agri
1386 1953 1480 1985 etiam
1497 1952 1626 1984 AEneid.

969 2017 999 2036 x.
1012 2006 1085 2036 563.
1117 2005 1236 2040 Latius,
1248 2004 1372 2035 latiores
1388 2013 1487 2045 agros.
1534 2002 1629 2032 Tolle-

969 2055 1028 2085 bat.
1054 2054 1131 2084 Tolli
1153 2053 1310 2094 eleganter
1332 2052 1478 2083 dicuntur
1499 2061 1569 2092 quae
1590 2061 1628 2081 ex

969 2103 1050 2144 agris
1072 2103 1199 2133 redeunt
1226 2108 1257 2133 et
1281 2101 1481 2143 colliguntur.
1527 2101 1577 2131 Sic
1598 2107 1630 2132 et

970 2154 1055 2184 Fast.
1070 2152 1111 2182 iv.
1128 2153 1201 2182 560.

1015 2201 1085 2232 134.
1109 2201 1297 2242 Singultare,
1318 2210 1388 2230 cum
1412 2198 1550 2240 singultu
1574 2209 1628 2229 seu

969 2249 1104 2280 motibus
1132 2248 1320 2280 convulsivis
1349 2247 1506 2278 exhalare.
1553 2247 1630 2277 AEn.

969 2299 1012 2330 ix.
1028 2300 1102 2330 333.
1124 2305 1249 2328 truncus
1269 2298 1418 2339 sunguine
1439 2297 1629 2336 singultans;

971 2349 1045 2379 415.
1061 2349 1155 2388 longis
1167 2348 1350 2388 singultibus
1366 2347 1419 2375 ilia
1430 2346 1543 2384 pulsat.

1017 2398 1090 2427 1:38.
1117 2398 1310 2431 Abantiades,
1336 2396 1479 2430 Persem,
1503 2395 1630 2424 Abantis

971 2456 1134 2488 pronepos.
1181 2445 1321 2475 Acrisius
1336 2443 1418 2475 enim
1434 2444 1559 2473 Danaes
1574 2453 1629 2484 pa-

971 2501 1017 2525 ter
1033 2501 1108 2530 erat,
1124 2493 1208 2525 filius
1224 2494 1372 2524 Abantis.

1017 2546 1086 2575 139.
1121 2545 1155 2574 ln
1179 2549 1334 2583 partesque
1363 2543 1473 2572 eminet
1500 2540 1625 2580 ambas]

972 2594 1153 2634 Διαμπερὲς
1171 2592 1233 2623 tale
1256 2592 1352 2622 telum
1370 2591 1408 2621 ab
1424 2590 1559 2620 Homero
1574 2600 1626 2619 vo-

971 2650 1071 2673 catur.
1128 2643 1266 2672 Libram.
1303 2640 1384 2671 Vide
1411 2639 1451 2670 ad
1480 2639 1525 2669 iii.
1555 2639 1627 2668 311.

974 2692 1148 2721 Libratione
1172 2691 1237 2727 ina,
1259 2690 1305 2721 vis
1330 2689 1468 2719 maxima
1491 2687 1627 2718 addeba-

972 2748 1020 2771 tur
1044 2740 1130 2777 telis;
1153 2740 1260 2780 itaque
1285 2745 1315 2769 et
1337 2739 1409 2768 AEn.
1428 2737 1471 2768 ix.
1494 2738 1567 2767 418.
1592 2737 1628 2765 li-
