1729 3207
214 184 329 224 xxxii
734 179 1076 222 PRAEFATIO

217 306 353 338 torum
394 303 790 350 tempestattunque.
853 294 998 348 Atque
1040 293 1132 335 haec
1171 294 1231 334 ita
1272 301 1451 335 tractata
1487 303 1599 343 sunt,

215 383 261 415 ut
290 375 427 415 omnia
456 374 543 415 fere
573 374 673 414 artis
698 373 921 414 rhetoricae
946 380 989 413 et
1016 373 1195 426 poeticae
1222 381 1439 427 praecepta
1459 387 1600 414 exem-

214 452 294 507 plis
334 467 387 493 ex
428 452 508 493 hoc
548 467 678 506 opere
719 451 863 505 petitis
904 449 1105 491 illustrari
1143 451 1320 505 possint.
1398 450 1601 492 Continet

213 530 323 571 enim
363 530 637 577 narrationes,
678 529 905 577 orationes,
946 527 1161 582 epistolas,
1204 528 1440 583 soliloquia,
1481 537 1601 570 nota-

214 608 348 648 tiones
382 622 558 656 morum,
596 607 902 661 descriptiones
939 607 1169 657 hominum,
1206 607 1409 657 locorum,
1442 622 1600 658 rerum,

213 685 405 739 hymno&
427 684 543 726 lusus
575 685 747 739 ingenii,
770 692 817 725 ut
845 699 1013 726 carmen
1034 686 1301 740 pastoritium
1329 694 1371 728 et
1398 694 1601 736 παρακλαυ-

214 767 352 813 σίθυρον,
387 763 724 818 prosopopoeiaS,
767 761 1074 811 similitudines,
1111 765 1356 815 sententias,
1392 767 1600 817 acumina,

213 844 372 899 figuras
393 841 731 896 omnis-generis.
794 840 861 881 Ea
882 856 982 882 vero
1009 843 1263 884 tractatione
1291 858 1403 886 nunc
1419 845 1600 900 jucundi

213 931 256 964 et
281 922 415 963 teneri
442 935 589 962 sensus
616 921 659 960 in
687 919 824 960 animo
852 918 1033 974 legentis
1061 921 1317 971 excitantur,
1339 937 1450 964 nunc
1473 923 1601 965 vehe-

213 1002 437 1043 mentiores
458 1000 650 1041 adfectus
672 1006 1001 1041 commoventur.

269 1080 438 1128 Restat,
460 1086 508 1120 ut
530 1080 618 1133 jam
639 1078 870 1126 videamus,
893 1092 978 1131 quo
1007 1092 1205 1119 successu
1233 1077 1303 1118 illa
1325 1078 1507 1120 Ovidius
1528 1095 1601 1121 ex-

213 1159 437 1201 ornaverit.
500 1158 849 1199 Conformaverat
884 1158 1099 1212 ingenium
1139 1158 1194 1198 ad
1234 1159 1601 1212 praestantissimo-

212 1253 320 1287 rum,
342 1252 449 1292 quos
478 1237 650 1278 Graecia
673 1244 716 1278 et
744 1237 883 1278 Roma
910 1236 1109 1285 tulerant,
1131 1244 1353 1291 poetarum
1380 1237 1599 1293 exempla;

213 1332 351 1371 neque
375 1316 482 1358 adeo
505 1317 656 1357 mirum
680 1323 758 1365 est,
781 1316 936 1369 passim
961 1330 1056 1356 eum
1084 1315 1257 1356 eosdem
1283 1322 1326 1356 et
1352 1316 1395 1355 in
1422 1317 1602 1370 disposi-

213 1396 325 1437 tione
346 1410 486 1436 rerum
506 1395 822 1436 tractandarum
843 1401 886 1435 et
906 1394 949 1433 in
966 1393 1222 1434 ornamentis
1243 1392 1385 1435 multis
1401 1394 1601 1437 imitando

212 1474 486 1529 expressisse.
548 1472 670 1514 Pleni
710 1480 808 1514 sunt
847 1479 1071 1527 poetarum
1109 1472 1341 1527 principes,
1383 1472 1600 1515 Homerus

214 1551 521 1608 Virgiliusque‚
553 1552 613 1592 sic
647 1551 758 1592 enim
795 1549 952 1591 Iliados
985 1557 1028 1591 et
1049 1549 1261 1591 AEneidos
1287 1551 1395 1591 ratio
1420 1551 1599 1602 ferebat,

213 1629 369 1685 praeliis
397 1630 686 1683 caedibusque,
708 1628 751 1668 in
772 1628 928 1682 quibus
955 1628 1217 1678 enarrandis,
1240 1643 1293 1669 ne
1321 1629 1496 1670 taedium
1516 1629 1601 1672 lec-

213 1710 294 1750 tori
314 1716 519 1757 crearent,
542 1708 823 1763 pugnantium
848 1707 1045 1761 patriam,
1068 1706 1274 1755 habitum,
1297 1714 1489 1757 conatus,
1511 1707 1602 1749 vul-

213 1802 328 1837 nera,
349 1794 505 1828 mortes
525 1787 706 1826 maxima
725 1786 929 1826 varietate
947 1785 1277 1839 descripserunt.
1340 1785 1502 1827 Noster
1525 1787 1602 1842 igi-

215 1874 296 1914 tur,
319 1880 449 1919 quum
477 1864 661 1905 Perseus
689 1871 732 1905 et
755 1863 953 1905 Theseus
982 1864 1036 1904 ab
1067 1878 1118 1905 eo
1146 1865 1411 1918 producendi
1442 1874 1599 1917 essent,

214 1958 393 1998 quorum
429 1943 559 1983 virtus
599 1943 724 1983 etiam
763 1943 806 1983 in
846 1942 1003 1996 praeliis
1042 1943 1269 1992 enituerat,
1305 1958 1383 1985 nec
1417 1943 1510 1985 haec
1545 1945 1600 1986 ab

214 2037 343 2077 opere
361 2037 436 2062 suo
456 2037 494 2061 v.
512 2028 556 2062 et
577 2022 648 2061 xii.
665 2022 813 2062 abesse
834 2021 981 2071 voluit,
1002 2036 1158 2076 easque
1181 2022 1489 2077 descriptiones
1514 2038 1599 2065 non

215 2100 341 2141 modo
371 2100 412 2139 in
443 2100 638 2140 universa
668 2099 967 2149 delineatione,
1000 2100 1075 2141 sed
1115 2101 1241 2141 etiam
1270 2102 1313 2141 in
1343 2102 1599 2156 quibusdam

214 2177 490 2219 bellatoribus
529 2179 724 2219 notandis
756 2179 810 2219 ad
845 2179 1041 2234 exempla
1078 2178 1150 2220 illa
1188 2181 1447 2235 composuit3
1488 2195 1600 2222 eam-

216 2257 397 2309 demque
424 2256 628 2297 rationem
652 2257 777 2298 etiam
804 2258 845 2297 in
874 2259 964 2312 apri
988 2257 1210 2312 Calydonii
1229 2259 1453 2301 venatione
1480 2274 1599 2302 secu-

216 2342 284 2375 tus
307 2342 383 2375 est.
446 2334 755 2376 Celebrabatur
780 2337 965 2377 omnium
991 2351 1182 2378 sermone
1205 2336 1394 2379 sublimis
1415 2337 1485 2379 ille
1506 2337 1599 2380 Ho-

216 2412 319 2453 meri
344 2411 477 2460 locus,
499 2427 584 2466 quo
605 2412 778 2468 Jupiter
798 2428 1002 2455 concusso
1024 2415 1162 2469 capite
1183 2415 1414 2470 Olympum
1433 2424 1596 2458 movet:

217 2490 341 2531 talem
361 2491 490 2545 igitur
511 2491 662 2532 «Iovem
688 2501 730 2533 et
755 2493 845 2547 ipse
870 2494 1052 2535 induxit.
1115 2494 1254 2535 Pestis
1275 2495 1596 2551 descriptiones,

215 2584 335 2622 quas,
357 2569 614 2624 Thucydide
637 2580 872 2626 praeeunte,
895 2572 1123 2614 Lucretius
1150 2581 1277 2628 atque
1300 2573 1506 2629 Virgilius
1527 2574 1599 2616 de-

216 2648 379 2696 derant,
401 2649 555 2703 cupide
583 2650 636 2690 ab
663 2652 855 2692 omnibus
882 2652 1158 2707 legebantur3
1192 2652 1312 2693 simili
1336 2653 1465 2707 igitur
1486 2651 1594 2702 loco,

216 2733 409 2767 auctores
430 2725 521 2767 illos
548 2727 768 2781 effingens,
791 2745 911 2771 suum
934 2746 1104 2785 quoquc
1132 2746 1239 2786 opus
1268 2732 1444 2772 ornavit.
1505 2731 1596 2772 Ne—
