1763 3181
382 179 1002 223 METAMORPHOSEON
1035 178 1154 220 LIB.
1190 178 1272 219 IV.

143 295 210 343 Et
229 312 343 343 cum
369 296 549 345 Lenaeo
574 296 782 360 genialis
807 294 1025 343 consitor
1048 310 1171 351 uvae,

1436 181 1523 223 273

1329 293 1493 356 [Evan
1511 316 1522 354 ;

145 372 528 437 Nycteliusque,
563 373 866 435 Eleleusque
899 387 1095 435 parenS,
1130 378 1182 418 et
1213 371 1443 429 Iacchus,
1477 380 1527 421 et

144 449 211 497 Et
235 466 346 513 quae
371 457 612 514 praeterea
629 467 718 515 per
744 449 921 497 Graias
947 448 1160 513 plurima
1184 456 1358 512 gentes

144 526 375 583 Nomina,
399 527 562 584 Liber,
582 528 736 576 habes
756 545 765 576 :
802 528 892 575 tibi
919 527 1050 574 enim
1074 527 1425 590 inconsumpta
1445 529 1524 591 ju-

144 603 219 650 Tu
245 620 368 667 puer
391 611 619 661 aeternUS,
646 612 700 653 tu
725 605 1109 664 formosissimus
1136 605 1235 652 alto
1301 606 1526 667 [ventas3

147 680 462 745 Conspiceris
484 683 607 731 coelo
626 701 636 731 :
660 684 768 739 tibi,
787 700 941 746 quum
967 683 1072 730 sine
1092 682 1323 729 cornibus
1341 683 1527 739 adstas,

143 757 433 821 Virgineum
458 768 609 824 caput
633 767 727 808 est.
770 760 950 807 Oriens
969 759 1059 807 tibi
1084 759 1260 814 victUS,
1280 759 1343 806 ad
1368 776 1529 823 usque

146 833 359 882 Decolor
373 842 596 884 extremo
613 853 713 900 qua
730 837 970 899 tinguitur
990 835 1134 883 India
1152 836 1345 898 Gange.
1465 840 1523 883 21

148 967 241 998 Decet
255 969 390 998 intonsus
404 970 497 1000 crinis
515 975 677 1010 utrumque
694 970 802 1005 Deum,

146 1016 230 1059 apud
245 1017 417 1054 Tibullum,
430 1019 458 1049 Ι.
473 1018 562 1060 Eleg.
577 1018 618 1048 iv.
633 1019 686 1050 38.

192 1067 242 1098 14.
264 1067 390 1098 Lenaeus
410 1066 481 1098 α’πό
499 1070 556 1099 τοῦ
574 1069 689 1106 ληνοῦ,
705 1079 723 1099 a
741 1074 802 1100 tor-

146 1115 255 1153 culari,
282 1126 301 1147 a
336 1117 515 1148 calcatorio.
560 1117 698 1148 Geniacis
732 1130 803 1155 nvo,

146 1175 216 1206 quae
232 1165 318 1203 facit,
333 1172 369 1197 ut
386 1166 478 1208 genio
492 1167 723 1208 indulgeamus,
740 1167 805 1199 laeti

145 1219 178 1244 et
197 1213 312 1246 hilares
333 1215 438 1251 simus,
455 1216 615 1257 egregium
635 1216 714 1247 adeo
735 1227 803 1247 uvae

146 1263 319 1304 epitheton,
347 1266 476 1306 genialis
496 1266 663 1305 platanus-,-
687 1265 730 1296 xi.
752 1266 804 1297 95.

148 1311 258 1353 virgil.
279 1313 396 1354 Georg.
418 1313 440 1344 i.
461 1314 534 1344 302.
551 1315 682 1356 genialis
705 1315 804 1351 hiems,

146 1366 220 1403 apta
244 1361 459 1393 conviviorum
484 1362 646 1394 hilaritati.
692 1364 804 1404 Nycte-

146 1412 217 1448 lius,
244 1412 333 1453 cujus
359 1422 449 1443 sacra
475 1418 570 1445 noctu
597 1413 805 1445 celebrantur.

146 1459 259 1502 Virgil.
274 1461 392 1502 Georg.
404 1461 446 1492 iv.
457 1463 533 1493 521.
545 1469 712 1493 nocturnus
724 1463 804 1494 Bac-

146 1510 228 1540 chus.
286 1510 416 1546 Eleleus,
447 1511 574 1542 Iacchus
609 1518 641 1543 et
671 1512 759 1542 Euan
788 1522 804 1543 a

148 1559 278 1591 vocibus
304 1561 546 1593 Bacchantium.
581 1562 657 1593 Scil.
687 1562 808 1594 Eleleus

149 1618 168 1639 a
196 1619 273 1640 voce
302 1609 410 1641 ἐλελεῦ
440 1621 503 1652 qua
534 1610 739 1652 procedentes
767 1611 807 1642 ad

149 1657 247 1699 Orgia
283 1658 484 1695 celebranda,
519 1660 558 1691 ad
587 1660 806 1691 conferendam

147 1716 295 1748 pugnam,
326 1708 505 1739 utebantur.
554 1709 673 1740 Vinum
703 1715 807 1741 autem

148 1755 288 1787 hortatur
307 1766 343 1787 ac
362 1756 465 1787 reddit
482 1757 639 1789 hominem
655 1758 806 1790 audacem

147 1805 188 1836 ad
217 1804 323 1836 omnia
349 1806 580 1846 aggredienda3
603 1808 686 1838 unde
707 1809 805 1839 Hora-

148 1854 228 1886 tius:
254 1856 294 1885 ad
310 1856 419 1894 proelz'a
434 1857 534 1887 trudit
550 1858 699 1888 inermem.
738 1858 805 1888 Iac-

147 1905 220 1935 chus
239 1903 308 1936 α’πὸ
328 1907 389 1943 τῆς
409 1904 541 1946 ἷακχῆς,
556 1906 614 1937 hoc
637 1912 684 1937 est
703 1917 721 1937 a
743 1907 807 1938 cla-

147 1964 244 1985 more.
289 1953 377 1985 Ευαη
406 1965 466 1985 vox
494 1961 540 1986 est
569 1966 631 1997 qua
661 1956 807 1987 Bacchus

147 2002 214 2044 ipse
229 2002 432 2044 significatur.

195 2053 244 2083 17.
254 2052 397 2090 Nomina,
408 2053 508 2089 Liber,
522 2054 634 2094 habes]
650 2054 806 2095 Repente,

149 2101 247 2133 veluti
267 2101 368 2133 surore
391 2103 538 2144 abreptus
563 2109 594 2134 et
618 2104 695 2145 ipse,
714 2103 806 2134 Libe-

147 2161 216 2181 rum
249 2151 430 2192 alloquitur.
481 2152 628 2184 Similiter
657 2153 806 2184 Claudia-

150 2211 218 2237 nus,
244 2200 349 2231 xxxiv.
373 2202 415 2232 29
429 2213 438 2240 3
462 2201 539 2233 forte
568 2213 605 2233 ex
635 2202 808 2235 imitatione

150 2249 267 2280 Nostri.
306 2250 530 2292 Inconsnmpta‚
545 2252 686 2293 ἄφθιτος,
698 2262 807 2293 perpe-

151 2305 215 2336 tua,
240 2303 366 2330 aetema.
391 2299 497 2331 Tibul.
523 2301 550 2332 I.
572 2300 616 2331 iv.
639 2302 703 2332 37:
737 2301 811 2332 Solis

151 2354 262 2378 aeterna
278 2354 320 2378 est
340 2348 445 2380 Phcrbo
461 2349 634 2390 Bacchoque
649 2352 809 2390 juventus.

152 2396 276 2428 Dicitur
311 2398 460 2429 Juventas
497 2399 570 2429 Dea
614 2399 810 2440 juventutis,

152 2446 233 2477 hanc
257 2446 352 2488 igitur
372 2458 490 2484 vocem,
515 2447 616 2489 magis
642 2447 811 2490 poeticam,

151 2505 224 2526 eum
238 2495 368 2527 Heinsio
381 2497 565 2528 servandam
581 2507 706 2528 censeo.
742 2497 810 2527 Ad-

151 2543 236 2575 ditur
263 2555 349 2584 puer,
376 2555 449 2576 nam
484 2545 589 2577 media
617 2551 664 2576 est
691 2545 813 2576 Bacchi

153 2599 231 2623 aetas
250 2592 331 2624 inter
348 2593 498 2635 juvenem
519 2598 551 2624 et
571 2604 712 2636 puerum,
728 2594 812 2625 Fast.

154 2639 201 2671 iii.
237 2641 311 2672 773.
363 2642 469 2673 Fuisse
506 2648 611 2673 autem
647 2642 811 2673 Bacchum

144 2688 404 2730 formosissimum,
429 2690 521 2722 docet
540 2690 747 2727 Brukhusius,
772 2691 811 2722 ad

154 2738 258 2770 Tibul.
274 2739 318 2771 II.
337 2739 383 2770 iii.
405 2741 458 2771 35.
506 2740 588 2771 Hinc
612 2746 645 2771 et
667 2741 813 2770 candidus

871 974 1009 1004 vocatur,
1025 968 1110 1010 apud
1125 968 1303 1005 Horatium,
1321 969 1347 1000 I.
1368 969 1430 1000 Od.
1447 970 1533 1002 xviii.

874 1019 933 1056 113
957 1028 1018 1058 quo
1042 1017 1180 1059 epitheto
1196 1017 1331 1058 virgines
1351 1019 1414 1050 fere
1434 1019 1530 1061 insig-

872 1067 930 1097 niri
954 1068 1065 1098 solent.
1114 1067 1307 1106 Conspiceris,
1330 1079 1384 1110 pro
1409 1080 1446 1105 es,
1470 1080 1532 1100 non

871 1116 964 1146 modo
988 1116 1161 1151 sonantius,
1179 1115 1234 1147 sed
1260 1117 1354 1148 etiam
1374 1118 1533 1150 efficacius

873 1165 911 1195 ad
933 1175 1070 1196 sensum.
1107 1168 1192 1198 Nam
1219 1168 1348 1206 conspici
1373 1167 1530 1205 dicuntur,

873 1214 926 1255 qui
949 1214 1020 1245 dote
1046 1214 1152 1256 aliqua
1177 1220 1231 1246 aut
1249 1215 1362 1247 virtute
1385 1216 1532 1258 insignes,

872 1264 1001 1294 aliorum
1016 1264 1122 1295 oculos
1137 1264 1170 1294 in
1184 1275 1217 1295 se
1233 1275 1397 1296 conversos
1411 1272 1532 1299 tenent.

875 1313 954 1343 Co‘lo
968 1313 1116 1344 Bacchus
1131 1312 1293 1354 impositus
1308 1319 1379 1356 post
1389 1314 1534 1347 victorias

872 1368 988 1402 partas,
1014 1372 1105 1393 versu
1132 1363 1208 1392 613.
1248 1362 1369 1403 Regius
1395 1369 1427 1394 et
1452 1365 1533 1396 Bur-

872 1421 1005 1443 mannus
1034 1417 1156 1454 putant,
1185 1411 1334 1443 Ovidium
1364 1413 1415 1444 hic
1444 1414 1533 1456 sequi

872 1471 936 1497 eos,
964 1461 1016 1503 qui
1038 1462 1141 1492 Solem
1162 1466 1193 1492 et
1213 1462 1377 1493 Bacchum
1398 1463 1533 1495 eundem

873 1521 939 1542 esse
959 1511 1143 1549 tradebant;
1169 1521 1263 1552 quam
1285 1511 1437 1543 rationem
1457 1523 1533 1545 sane

875 1560 987 1602 virgil.
1009 1562 1123 1602 Georg.
1144 1561 1167 1591 i.
1187 1561 1282 1592 5—7.
1304 1568 1454 1602 sequutus
1476 1568 1534 1595 est.

878 1609 998 1640 Cornua
1015 1620 1111 1651 parva
1126 1610 1241 1640 dantur
1251 1610 1378 1641 Baccho
1394 1622 1455 1641 non
1469 1617 1534 1642 tam

876 1671 894 1691 a
908 1660 1087 1702 pictoribus,
1105 1671 1198 1702 quam
1222 1670 1240 1690 a
1257 1661 1370 1701 poetis.
1410 1661 1534 1703 Deponi

876 1715 1018 1751 poterant
1035 1721 1042 1746 3
1067 1709 1227 1740 haerebant
1250 1709 1334 1740 enim
1352 1720 1414 1740 non
1434 1710 1465 1741 in
1482 1722 1535 1742 ca-

875 1758 951 1800 pite,
966 1757 1020 1789 sed
1040 1758 1072 1788 in
1092 1757 1228 1788 filamine
1246 1758 1391 1799 quodam.
1437 1760 1536 1791 Erant

875 1813 979 1838 autem
1002 1818 1120 1838 cornua
1143 1807 1227 1848 apud
1251 1807 1381 1838 Veteres
1409 1810 1534 1850 symbo-

875 1856 939 1887 lum
958 1855 1129 1898 majestatis
1151 1861 1182 1886 et
1203 1856 1369 1898 potentiae:
1395 1856 1460 1888 vid.
1477 1858 1536 1891 Th.

875 1905 1050 1935 Bartholin.
1072 1904 1111 1935 de
1137 1904 1286 1935 Unicorn.
1312 1915 1381 1947 cap.
1408 1907 1427 1937 2
1449 1913 1480 1938 et
1503 1910 1535 1940 3.

875 1955 958 1985 Hinc
967 1954 1112 1985 Bacchus
1121 1956 1270 1995 corniger,
1278 1956 1414 1995 κεραῖος,
1422 1968 1535 1998 κερασ-

873 2003 982 2045 φόρος,
1005 2004 1215 2045 ταυρόκερως.
1252 2003 1302 2034 De
1325 2006 1460 2046 virgineo
1484 2018 1533 2037 ca-

873 2054 935 2091 pite
950 2053 1021 2084 vide
1042 2053 1082 2083 ad
1102 2052 1145 2083 iii.
1162 2053 1234 2083 607.
1280 2054 1329 2084 Ad
1345 2065 1447 2094 usque.
1474 2057 1533 2087 Us-

876 2113 937 2143 que
952 2102 992 2133 ad
1009 2113 1077 2133 eam
1093 2108 1217 2137 terram,
1234 2112 1307 2143 qua.

918 2152 970 2182 21.
995 2152 1122 2183 Decolor
1145 2158 1282 2187 eni-emo,
1299 2151 1380 2192 ete.]
1406 2152 1456 2183 De
1481 2163 1534 2183 ex-

875 2200 1033 2242 peditione
1060 2200 1181 2231 Bacchi
1206 2199 1328 2235 Indica,
1353 2200 1442 2242 cujus
1468 2212 1534 2232 cre-

874 2249 931 2279 bra
957 2249 1040 2291 apud
1066 2255 1174 2291 poetas
1197 2248 1325 2284 mentio,
1341 2248 1406 2279 vid.
1427 2250 1534 2281 Nonni

876 2298 1067 2339 Dionysiaca
1083 2304 1114 2329 et
1126 2297 1223 2328 Diod.
1236 2298 1298 2328 Sic.
1310 2298 1364 2328 lib.
1380 2299 1422 2328 iv.
1445 2299 1537 2330 Liber

876 2354 964 2389 pater
986 2348 1105 2390 primus
1127 2347 1264 2378 omnium
1289 2358 1359 2378 curn
1385 2348 1534 2385 exercitu,

876 2396 908 2427 in
922 2408 983 2438 quo
994 2397 1139 2427 mulieres
1151 2407 1275 2438 quoque
1285 2402 1374 2427 erant
1388 2396 1537 2432 furentes.

878 2446 909 2476 in
936 2445 1060 2476 Indiam
1089 2446 1246 2486 ingressus
1274 2445 1379 2481 fuisse,
1404 2456 1536 2488 eamque

879 2494 1049 2535 subegisse,
1059 2504 1096 2525 ac
1109 2500 1230 2535 gentem
1242 2494 1320 2524 nulli
1330 2505 1470 2535 unquam
1483 2495 1536 2526 ho—

878 2543 997 2574 minum
1020 2543 1195 2579 obnoxiam,
1212 2553 1248 2573 ac
1264 2543 1329 2573 sola
1344 2543 1449 2584 quiete
1465 2555 1538 2575 con-

880 2598 1009 2628 tentam,
1033 2592 1172 2623 caedibus
1198 2591 1442 2633 libidinibusque
1462 2604 1536 2624 vex-

880 2642 946 2672 asse
963 2652 999 2672 ac
1016 2641 1175 2683 polluisse,
1185 2640 1321 2682 indeque
1335 2641 1537 2682 magnificen-

880 2690 1032 2721 tissimum
1060 2690 1253 2733 triumphum
1281 2690 1453 2732 reportasse
1479 2691 1538 2722 fer-

881 2745 942 2769 tur.
1005 2739 1130 2770 Decolor
1163 2738 1202 2769 de
1239 2738 1341 2769 colore
1371 2738 1478 2770 vitiato
1507 2747 1539 2771 et

1340 2890 1353 2912 ι’
