1763 3181
410 165 1028 209 METAMORPHOSEON
1062 166 1181 209 LIB.
1214 166 1297 209 VI.
1446 168 1531 209 415

149 281 248 329 Vix
273 282 400 329 dixit
415 301 427 340 ;
467 282 730 346 timuitque
759 298 858 329 suae
885 283 1127 346 praesagia
1151 283 1347 330 mentis.
1433 286 1530 329 510

153 358 223 406 Ut
245 360 399 407 semel
423 359 656 423 imposita
680 366 756 407 est
778 360 925 424 pictae
950 359 1230 407 Philomela
1252 359 1430 407 carinae
1448 377 1459 417 3

148 435 522 501 Admotumque
546 438 726 485 fretum
750 438 913 495 remis,
939 438 1188 501 tellusque
1213 438 1438 501 repulsa:

150 519 181 537 “
208 513 480 572 Vicimus,’⁷
502 515 780 572 exclamat3
824 520 854 538 ‘⁶
881 531 1076 562 mecum
1102 531 1213 562 mea
1231 522 1346 561 vota
1365 513 1527 561 ferun·

152 589 459 654 Exultatque
481 591 660 647 animo,
687 591 769 638 vix
794 597 843 638 et
868 591 1162 653 sua'g‘audia
1185 591 1351 638 differt
1374 590 1528 652 [tur!”

153 667 431 727 Barbarus3
473 679 523 717 et
546 685 792 732 nusquam
818 669 985 716 lumen
1011 659 1275 731 detorquet
1299 668 1360 714 ab
1387 667 1487 713 illa.

152 744 266 792 Non
292 746 450 802 aliter,
475 762 625 809 quam
651 762 805 809 quum
830 746 1041 809 pedibus
1059 746 1305 809 praedator
1325 742 1532 792 obuncis

152 822 398 886 Deposuit
423 823 537 870 nido
562 824 782 887 leporem
807 823 835 869 J
841 823 944 870 ovis
966 824 1067 870 ales
1093 823 1142 869 in
1168 823 1295 879 alto;
1435 823 1528 868 517

152 898 305 947 Nulla
323 900 440 962 fuga
463 908 540 948 est
564 908 738 965 capto3
779 907 973 965 spectat
998 916 1087 947 sua
1110 899 1312 963 praemia
1331 905 1513 962 raptor.

148 976 364 1041 Jamque
389 978 482 1025 iter
507 978 739 1026 effectum
760 998 769 1036 3
804 981 1010 1042 jamque
1036 978 1085 1024 in
1111 993 1201 1024 sua
1223 977 1366 1023 litora
1389 974 1534 1022 fessis

151 1053 413 1118 Puppibus
439 1055 693 1114 exierant3
736 1072 891 1119 quum
916 1072 1003 1102 rex
1028 1053 1287 1100 Pandione
1311 1060 1478 1099 natam

152 1131 211 1179 In
235 1133 430 1180 stabula
453 1134 554 1181 alta
576 1134 740 1190 trahit,
768 1132 900 1179 silvis
926 1133 1137 1179 obscura
1160 1130 1368 1178 vetustis
1387 1148 1397 1187 ;

153 1209 322 1273 Atque
358 1211 426 1257 ibi
458 1211 744 1274 pallentem,
772 1210 1134 1274 trepidamque,
1170 1214 1221 1256 et
1257 1213 1437 1254 cuncta
1474 1205 1534 1253 ti-

351 1294 587 1343 mentem,
1439 1285 1534 1329 522

154 1363 220 1410 Et
238 1365 343 1427 jam
368 1380 482 1411 cum
508 1364 739 1420 lacrimis,
769 1363 853 1410 ubi
879 1364 943 1410 sit
966 1377 1215 1425 germana,
1243 1365 1515 1422 rogantem,

153 1440 396 1499 Includit3
435 1441 699 1506 fassusque
724 1441 878 1497 nefas,
906 1448 956 1488 et
979 1439 1234 1502 virginem,
1262 1444 1312 1485 et
1335 1453 1483 1484 unam

194 1585 267 1615 510.
292 1584 444 1626 Praesagia
459 1584 592 1624 mentis]
631 1584 681 1614 De
696 1583 810 1614 talibus

148 1634 315 1674 proesagz'is,
340 1633 381 1663 cf.
401 1633 442 1663 xi.
459 1633 544 1672 457;
567 1633 693 1664 Homer.
708 1634 749 1663 ΙΙ.
774 1637 810 1663 Ζ.

151 1683 231 1720 4865
248 1682 359 1722 Virgil.
371 1682 496 1713 AEneid.
507 1682 560 1713 xii.
571 1683 621 1712 7'2.
654 1683 812 1712 Admotum

140 1732 264 1772 fretum
286 1733 382 1767 remis,
398 1731 533 1762 insolens
556 1731 670 1762 locutio
692 1731 813 1762 videtur

151 1781 230 1811 Intt.
247 1781 301 1822 qui
322 1792 391 1812 eam
407 1782 453 1812 ve]
476 1781 654 1817 emendant,
671 1786 706 1811 ut
727 1783 807 1813 Bur-

152 1832 354 1867 mannus‚vel
365 1842 418 1873 per
431 1830 619 1873 hypallagen
631 1830 808 1872 explicant:

152 1880 206 1912 sed
222 1881 286 1911 sine
298 1891 403 1916 causa,
413 1880 529 1922 opinor,
543 1886 718 1921 utrumque.
743 1884 809 1915 Na-

153 1930 200 1960 vis
213 1931 370 1970 repellitur
386 1940 405 1960 a
417 1929 538 1964 tellure,
555 1928 609 1958 sed
624 1928 655 1958 id
671 1928 745 1958 dum
763 1929 807 1965 fit,

151 1984 276 2021 propter
290 1979 445 2020 aequalem
459 1983 490 2008 et
501 1978 633 2008 celerem
648 1978 734 2008 navis
748 1989 811 2009 mo—

152 2033 219 2058 tum
235 2033 315 2059 terra
336 2029 439 2067 repelli
459 2033 490 2057 et
511 2028 646 2057 recedere
667 2027 808 2058 videtur:

153 2078 258 2108 confer
279 2076 323 2108 xi.
338 2078 410 2108 466.
456 2076 539 2107 Hine
567 2077 656 2106 tellus
680 2078 812 2116 repulsa.

154 2127 239 2158 Huic
264 2126 455 2158 simillimum
485 2132 531 2156 est
559 2126 701 2161 alterum,
728 2126 811 2167 quod

154 2177 364 2219 impugnatur,
378 2177 501 2218 fretum
527 2177 699 2206 admovetur
725 2178 812 2206 remis

152 2238 218 2269 pro,
230 2227 305 2257 remi
321 2225 523 2256 admoventur
536 2225 626 2254 freto.
651 2224 812 2255 Schirach.

154 2281 254 2319 putat,
274 2276 396 2306 labores
420 2274 570 2315 remigum
593 2273 643 2303 hic
667 2273 813 2309 describi,

155 2325 230 2355 dum
254 2324 373 2355 instant
388 2329 419 2354 et
436 2323 590 2364 repellunt
611 2332 719 2362 aquas.
760 2323 811 2352 1⁷2·-

154 2376 258 2405 cz'mus.
316 2373 367 2403 De
396 2373 455 2403 hac
484 2382 561 2403 voce
595 2371 812 2407 exultantium,

156 2423 227 2454 vide
241 2423 280 2453 ad
295 2422 336 2453 iv.
352 2422 428 2453 356.

198 2472 273 2502 514.
300 2472 483 2511 Ewltatque
503 2471 610 2505 animo,
626 2469 704 2509 etc.]
752 2469 813 2499 Hic

155 2531 262 2552 versus
274 2525 435 2563 suspectus
447 2519 586 2554 Heinsio,
598 2518 718 2548 effictus
733 2518 812 2548 Bur-

155 2579 269 2600 manno
291 2570 414 2600 videtur
429 2579 467 2599 ex
484 2568 525 2599 iv.
540 2569 612 2598 350.
634 2572 665 2597 et
688 2567 722 2597 ii.
740 2567 813 2597 863.

158 2620 334 2659 Detorquet.
367 2618 443 2654 Alii,
473 2619 644 2656 distorquet,
672 2616 813 2656 deflectit,

155 2674 216 2699 etc.
254 2669 434 2698 Burmanno
450 2666 563 2698 arridet
576 2665 706 2696 duorum
721 2664 815 2694 MSS.

157 2717 260 2754 lectio,
285 2718 438 2748 declinat:
474 2715 526 2747 sed
553 2717 705 2754 detorquet
734 2714 813 2744 bene

877 1583 1046 1618 delectum,
1070 1581 1145 1622 quia
1165 1580 1270 1610 lumen
1294 1579 1389 1609 fixum
1414 1584 1480 1609 erat
1505 1578 1537 1608 in

876 1632 941 1663 illo.
985 1632 1126 1671 Languet
1156 1634 1263 1659 contra
1291 1630 1434 1664 declinat,
1462 1626 1537 1668 quia

879 1682 961 1712 furor
977 1678 1195 1721 exprimendus
1211 1683 1268 1709 est.

923 1731 996 1762 516.
1021 1730 1149 1759 Pedibus
1164 1729 1303 1763 obzwzcis3
1328 1726 1422 1766 vulgo
1436 1727 1535 1755 adun-

875 1783 916 1811 cis
938 1781 986 1821 (et
1000 1779 1045 1808 ita
1060 1778 1187 1819 quidem
1210 1776 1303 1817 Regii
1319 1775 1412 1805 nostri
1430 1774 1456 1813 3)
1481 1774 1536 1805 sed

874 1829 946 1861 vide
970 1829 1197 1861 Burmannum‚
1220 1825 1259 1855 ad
1284 1823 1461 1865 Virgilium,
1478 1824 1535 1853 AE-

875 1878 961 1909 neid.
979 1877 1022 1907 xi.
1040 1877 1114 1907 755.
1158 1875 1241 1905 Jovis
1261 1876 1330 1904 ales.
1375 1873 1537 1903 Drakenb.

876 1927 916 1957 ad
941 1925 1062 1960 Silium,
1084 1924 1138 1954 xii.
1162 1925 1213 1955 56.
1239 1934 1276 1954 ex
1295 1922 1412 1953 AEliani
1437 1923 1479 1952 H.
1495 1921 1538 1953 A.

878 1975 922 2006 ix.
945 1976 992 2005 10.
1021 1978 1135 2009 monet,
1160 1983 1221 2002 non
1248 1982 1370 2002 omnem
1400 1970 1537 2012 aquilam

878 2025 995 2055 dictam
1008 2034 1074 2054 esse
1089 2023 1172 2053 Jouis
1185 2023 1296 2057 alitem,
1309 2021 1361 2051 sed
1377 2031 1445 2051 eam
1458 2020 1538 2051 dun-

878 2080 977 2109 taxat,
995 2084 1064 2114 quae
1090 2082 1249 2113 nunquam
1272 2081 1364 2101 carne
1387 2075 1538 2100 vescatur.

878 2126 997 2155 Verum
1013 2122 1087 2153 talia
1103 2132 1162 2152 nou
1182 2121 1321 2161 urgenda
1336 2125 1407 2150 sunt
1430 2119 1461 2149 in
1483 2129 1538 2160 po-

878 2180 939 2205 eta.
985 2172 1023 2202 In
1039 2174 1122 2208 alto,·
1146 2171 1247 2206 multi,
1263 2172 1298 2200 ab
1313 2171 1384 2205 alto,
1398 2169 1480 2210 quod
1497 2169 1537 2199 ad

879 2222 1043 2264 sequentia
1057 2219 1251 2251 referendum
1267 2219 1357 2249 foret.

923 2272 996 2302 519.
1023 2270 1183 2311 Effectum,
1200 2269 1382 2310 perfectum,
1407 2266 1538 2298 finitum.

882 2321 974 2351 Fessa>
988 2319 1086 2361 poetis
1101 2319 1257 2359 finguntur
1281 2328 1374 2348 naves
1397 2322 1450 2347 aut
1470 2316 1539 2357 jac-

881 2375 966 2405 tatae,
983 2374 1036 2399 aut
1057 2368 1183 2408 longum
1202 2366 1260 2397 iter
1280 2376 1425 2397 emensae.
1470 2366 1539 2395 Sta-

881 2420 952 2448 bala
973 2420 1037 2448 alla
1060 2417 1153 2446 etiam
1173 2415 1303 2446 Latinus
1317 2415 1463 2449 habebat,
1480 2415 1539 2444 AE-

881 2467 966 2498 neid.
982 2466 1025 2496 ix.
1044 2466 1117 2496 388.
1155 2464 1244 2494 Silvis
1264 2466 1386 2494 obscura
1406 2464 1539 2498 vetustis,

880 2516 950 2546 ideo
971 2516 1111 2550 obscura,
1136 2513 1210 2554 quia
1234 2513 1323 2548 silva,
1345 2511 1377 2542 in
1404 2521 1465 2552 qua
1489 2521 1538 2541 ar-

879 2565 970 2596 bores
994 2563 1086 2594 nullae
1109 2573 1208 2599 caesae,
1239 2562 1336 2592 densa
1359 2566 1436 2591 erat.
1463 2561 1538 2591 AEn.

881 2614 920 2645 vi.
939 2615 997 2645 179
1011 2626 1017 2644 :
1045 2612 1116 2642 Itur
1131 2615 1164 2642 in
1178 2613 1334 2651 antiquam
1347 2611 1462 2645 silvam,
1477 2615 1536 2639 sta-

880 2665 950 2694 bala
967 2662 1190 2704 astrifer-arum.

924 2713 997 2743 524.
1022 2711 1126 2751 Nefas,
1139 2707 1468 2751 nefariamljbidinem.
1499 2707 1538 2736 Et
