1763 3181
418 173 1041 215 METAMORPHOSEON
1074 173 1192 214 LIB.
1226 173 1335 214 VII.
1481 176 1565 216 477

176 284 224 330 Ν
228 300 284 332 ec
307 291 373 341 te,
391 301 570 347 magne
594 294 751 350 pater,
780 288 934 334 nostri
960 287 1118 350 pudet
1143 303 1252 334 esse
1274 294 1558 350 parentem3

173 358 279 407 Aut
302 361 422 407 mihi
447 362 598 409 redde
614 379 768 418 meos,
786 369 873 410 aut
894 380 973 410 me
990 379 1192 426 quoque
1213 363 1372 410 conde
1397 363 1562 425 sepul-

172 434 264 483 Ille
279 444 447 484 notam
465 438 659 500 fulgore
674 439 828 495 dedit,
848 440 1133 502 tonitruque
1150 439 1384 486 secundo.
1407 438 1561 499 [cro.''

173 517 206 536 “
230 512 456 577 Accipio,
485 515 686 577 sintque
712 516 807 562 ista
831 532 1005 578 precor
1029 515 1192 562 felicia
1215 515 1394 561 mentis
1464 517 1561 561 620

173 588 329 650 Signa
342 589 490 647 tuae,”
506 590 635 638 dixi:
657 597 687 614 “
700 592 835 653 quod
850 592 939 638 das
955 591 1091 647 mihi,
1104 591 1350 654 pigneror,
1364 589 1560 637 omen.”

236 664 382 712 Forte
405 666 499 713 fuit
517 668 664 730 juxta
688 667 870 730 patulis
895 658 1144 714 rarissima
1168 666 1333 721 ramis,

170 740 324 788 Sacra
345 741 472 799 Jovi,
497 759 712 806 quercus
732 743 794 790 de
821 743 1009 790 semine
1038 742 1309 789 Dodonaeo.

167 815 264 863 Hic
290 834 378 864 nos
403 818 671 881 frugilegas
693 820 980 883 aspeximus
1005 819 1200 880 agmine
1222 819 1369 880 longo

167 892 368 941 Grande
394 911 517 942 onus
543 895 722 957 exiguo
746 896 976 942 formicas
997 911 1079 942 ore
1105 902 1350 956 gerentes,
1457 896 1553 941 625

167 968 472 1033 Rugosoque
499 987 643 1018 suum
667 978 920 1019 servantes
946 971 1130 1018 cortice
1156 971 1350 1017 callem.
1409 969 1552 1030 [dixi‚

164 1045 299 1092 Dum
324 1062 584 1094 numerum
609 1046 786 1103 miror;
820 1053 850 1071 ‘⁶
877 1047 1122 1103 Totidem,
1150 1053 1291 1110 pater
1315 1044 1552 1108 optime,'’

164 1127 197 1146 “
222 1122 297 1169 Tu
323 1123 443 1169 mihi
467 1123 532 1170 da
556 1123 704 1178 civeS,
732 1130 782 1170 et
806 1123 971 1170 inania
987 1123 1168 1169 moenia
1191 1121 1419 1185 supple.”

161 1198 440 1255 Intremuit,
467 1201 716 1263 ramisque
742 1216 917 1247 sonum
943 1201 1049 1247 sine
1074 1199 1272 1246 fiamine
1297 1198 1444 1244 motis

158 1275 277 1323 Alta
290 1276 430 1323 dedit
445 1293 658 1339 quercus
673 1293 682 1323 ;
702 1277 880 1340 pavido
895 1275 1014 1322 mihi
1025 1276 1247 1322 membra
1260 1274 1435 1321 timore
1451 1276 1548 1321 630

158 1351 480 1409 Horruerant,
493 1354 792 1416 stabantque
813 1369 989 1400 comae:
1014 1359 1181 1399 tamen
1201 1350 1372 1397 oscula
1386 1357 1544 1405 terrae,

158 1427 544 1492 Roboribusque
569 1430 712 1477 dedi:
743 1446 836 1477 nec
861 1445 941 1475 me
966 1443 1165 1491 sperare
1188 1426 1407 1482 fatebar;

159 1504 433 1569 Sperabam
458 1513 642 1562 tamen,
661 1512 812 1568 atque
838 1505 1000 1552 animo
1025 1519 1137 1550 mea
1160 1509 1274 1550 vota
1296 1502 1542 1549 fovebam.

884 1664 952 1694 Sat.
968 1663 988 1694 i.
1005 1664 1057 1694 33.
1074 1663 1211 1692 Parvula
1233 1660 1480 1703 magnifm'mica
1499 1662 1544 1692 la-

200 1664 274 1694 622.
299 1664 689 1704 Rarissima—-Dodonoeoq
716 1665 816 1701 Quer—

884 1713 969 1742 boris.
1016 1712 1156 1752 Rugosus
1181 1717 1289 1746 cortex,
1315 1721 1378 1740 non
1399 1709 1542 1740 formica·

157 1723 212 1743 cus
228 1713 383 1743 Dodonoeae
405 1720 494 1743 erant
515 1713 736 1749 celeberrimae,
761 1713 816 1744 sed

153 1761 186 1792 in
208 1761 311 1792 insula
326 1761 444 1802 AEgina
463 1764 632 1792 rarissima.
676 1761 726 1792 Sic
750 1761 815 1792 Re-

154 1809 225 1851 gius
255 1816 286 1841 et
319 1811 493 1841 Burmann.
541 1811 694 1841 Arborem
731 1810 814 1841 enim

151 1859 267 1899 patulis
289 1860 381 1889 ramis
404 1857 532 1889 minime
556 1858 618 1888 dici
643 1869 734 1900 posse
754 1870 812 1900 pu-

150 1913 219 1939 tant
233 1919 346 1938 raram.
382 1909 492 1938 Monet
503 1917 592 1949 porro
608 1907 809 1939 Burmannus

147 1968 237 2000 posse
267 1962 299 1987 et
333 1958 500 1987 clarissima
528 1955 602 1997 legi.
659 1957 808 1988 Heinsius

146 2012 298 2041 suaserat,
321 2006 477 2036 latissima.
523 2005 551 2034 E
565 2015 629 2036 ver.
644 2005 717 2035 636.
740 2005 804 2036 col-

147 2055 237 2096 ligas,
253 2059 378 2096 poetam
390 2063 539 2096 quercum
555 2053 695 2095 plurimis
712 2054 805 2084 ramis

146 2103 286 2134 indicare
297 2103 443 2134 voluisse.
470 2102 579 2143 Atque
593 2102 684 2144 plura
696 2113 805 2133 occur-

146 2157 220 2183 runt
248 2151 330 2188 loca,
359 2151 412 2182 ubi
447 2150 612 2181 densitatis
644 2150 802 2182 notionem

145 2200 370 2243 exspectasses,
385 2204 418 2230 et
437 2205 542 2230 tamen
563 2210 653 2230 rarus
672 2210 802 2242 usurpa-

145 2256 212 2281 tum
236 2253 294 2284 est,
315 2254 351 2279 ut
374 2247 520 2289 Virgilio,
544 2247 613 2278 Ecl.
632 2259 664 2278 v.
687 2249 727 2287 73
750 2248 803 2280 vii.

143 2299 210 2336 463
232 2296 377 2328 Cornelio
397 2296 483 2338 Nep.
502 2296 531 2327 Ι.
546 2307 576 2327 ν.
594 2297 625 2327 3.
669 2297 804 2328 Lenzius

144 2347 203 2378 hoc
217 2345 287 2376 loco
305 2346 488 2375 rarissimam
502 2344 732 2386 interpretatur,
748 2355 802 2376 eu-

140 2396 193 2437 jus
214 2393 292 2425 rami
314 2404 347 2424 se
370 2404 431 2424 non
451 2399 606 2435 premunt,
626 2392 706 2424 inter
726 2404 803 2435 quos

144 2454 262 2486 magna
303 2442 406 2485 potius
450 2443 626 2479 intervalla,
662 2443 802 2484 adeoque

144 2503 279 2535 quercus
294 2492 454 2523 altissima.

187 2542 264 2573 624.
276 2542 338 2572 Hic
353 2541 598 2583 nos—frugilegas,
608 2540 684 2580 eta]
697 2540 799 2571 Locus

143 2590 259 2626 suavis,
286 2599 348 2631 quo
370 2599 418 2620 res
440 2588 542 2620 tenuis
561 2589 672 2619 decore
693 2594 798 2619 ornata

143 2643 176 2669 et
203 2643 315 2668 natura
351 2635 548 2667 formicarum
583 2636 716 2667 fideliter
745 2647 799 2667 ex-

143 2696 259 2728 pressa.
305 2685 431 2717 Gmnde
455 2688 571 2727 exiguo.
593 2685 752 2721 Horatius,
768 2685 797 2716 Ι.

185 2734 285 2766 VOL.
303 2733 365 2765 ΙΙΙ.

883 1771 962 1796 rum,
1000 1765 1035 1790 ut
1071 1758 1270 1790 Schirachius
1305 1759 1448 1801 putabat,
1485 1757 1542 1789 sed

883 1820 1015 1851 quercus
1029 1821 1039 1848 3
1053 1810 1157 1840 Sectus
1170 1815 1281 1844 cortes,
1298 1808 1340 1839 ix.
1357 1808 1433 1838 658.
1469 1808 1541 1838 Ser-

881 1866 966 1894 vant,
986 1868 1092 1889 omnes
1119 1863 1224 1888 terunt
1252 1856 1388 1887 eundem
1413 1856 1539 1887 callem.

879 1907 1012 1943 Plinius,
1028 1907 1113 1937 Hist.
1131 1906 1208 1936 Nat.
1224 1905 1265 1936 xi.
1278 1906 1320 1936 36
1335 1917 1341 1935 :
1368 1905 1471 1936 Silices
1485 1906 1537 1935 iti-

873 1968 943 1988 nere
966 1957 1165 1987 formicarum
1193 1956 1313 1985 attritos
1338 1956 1481 1990 videmus,
1507 1959 1537 1984 et-

871 2009 905 2037 in
929 2017 1012 2046 opere
1036 2007 1168 2036 semitam
1183 2005 1318 2046 juetam,
1333 2015 1370 2034 ne
1392 2006 1457 2044 quis
1475 2005 1534 2034 du-

872 2057 953 2091 bitot,
969 2056 1099 2096 qualibet
1119 2057 1152 2085 in
1171 2065 1216 2089 re,
1234 2055 1305 2094 quid
1326 2055 1414 2092 possit
1434 2064 1532 2093 quan-

871 2106 1054 2144 tulacunque
1068 2104 1236 2134 assiduitas.
1273 2101 1386 2132 Inavz'a
1401 2103 1507 2132 moenia
1521 2112 1532 2138 ‚-

868 2153 1047 2184 hominibus
1083 2161 1193 2182 vacua.
1246 2151 1387 2189 suppleri
1417 2149 1531 2180 dieun-

872 2208 920 2232 tur
949 2212 1019 2242 quae
1046 2200 1198 2231 exhausta
1223 2204 1305 2230 sunt.
1343 2198 1531 2234 Intremuit,-

869 2250 1022 2281 firmando
1067 2248 1162 2279 omini
1179 2260 1188 2286 ;
1231 2246 1386 2278 exauditis
1431 2245 1532 2288 preci-

870 2300 939 2329 bus.

912 2348 986 2378 630.
1002 2347 1117 2376 Pavido
1137 2346 1221 2381 mihi,
1237 2344 1314 2384 etc.]
1339 2345 1454 2375 Sensus
1477 2354 1528 2375 eo-

869 2406 947 2431 rum,
964 2394 1077 2436 quibus
1089 2392 1211 2434 signum
1228 2391 1399 2434 praesentiae
1413 2392 1528 2422 divinae

869 2445 991 2475 datum.
1039 2443 1147 2473 Oscula
1167 2442 1342 2482 figebantur
1361 2451 1423 2471 non
1441 2448 1528 2472 terrae

867 2492 959 2523 modo
985 2490 1167 2533 peregrinae,
1199 2499 1293 2531 quam
1324 2488 1392 2530 quis
1421 2500 1527 2531 sospes

865 2541 1051 2582 attingebat,
1078 2539 1132 2569 sed
1159 2544 1191 2570 et
1219 2538 1304 2574 locis,
1334 2537 1388 2568 ubi
1417 2539 1525 2569 laetum

865 2590 988 2630 signum
1025 2592 1220 2630 apparuerat.
1266 2587 1440 2622 Roboribus,
1477 2596 1525 2617 ro-

863 2637 943 2673 bori,
955 2636 1095 2678 quercui.
1129 2635 1193 2666 Nec
1204 2646 1259 2671 me,
1274 2640 1336 2666 etc.
1350 2644 1387 2666 ex
1404 2639 1521 2666 naturae

864 2686 1008 2717 humanae
1024 2683 1169 2715 veritate.

992 2734 1011 2763 3
1027 2732 1058 2762 Η
