1729 3207
406 219 1029 262 METAMORPHOSEON
1064 219 1183 260 LIB.
1207 218 1271 259 II.

154 335 449 400 Corripuere
473 336 620 391 viam,
646 335 960 398 pedibusque
985 350 1072 397 per
1097 349 1210 380 aera
1234 333 1382 380 motis

155 413 431 460 Obstantes
455 411 649 459 findunt
673 411 896 466 nebulas,
924 410 1203 474 pennisque
1228 410 1375 457 levati

154 490 468 536 Praetereunt
491 496 623 536 ortos
649 488 826 536 iisdem
851 488 914 535 de
935 488 1159 552 partibus
1186 486 1363 534 Euros.

1445 490 1535 533 16O

156 567 256 614 Sed
272 567 379 613 leve
395 566 589 629 pondus
606 571 732 622 erat3
756 581 846 612 nec
863 565 997 628 quod
1014 579 1315 626 cognoscere
1332 570 1538 627 possent

154 643 283 691 Solis
309 642 455 706 equi3
496 642 744 706 solitaque
763 643 940 705 jugum
966 642 1208 704 gravitate
1235 642 1452 688 carebat.

153 719 325 784 thue
350 720 523 767 labant
546 715 706 767 curvae
723 721 860 782 justo
887 719 992 765 sine
1017 718 1238 781 pondere
1263 733 1429 772 naves,

152 797 351 860 Perque
376 813 511 844 mare
536 796 794 843 instabiles
817 794 971 841 nimia
994 794 1194 842 levitate
1219 793 1468 849 feruntur3

154 875 238 922 Sic
263 891 412 923 onere
438 875 632 922 insueto
656 889 837 921 vacuos
864 873 950 919 dat
973 872 1023 918 in
1048 887 1162 919 aera
1187 872 1360 927 saltus,

1449 872 1539 917 165

155 952 541 1016 Succutiturque
567 953 681 1007 alte,
710 951 985 1013 similisque
1011 956 1088 997 est
1112 964 1283 996 currus
1309 947 1459 994 inani.

154 1028 300 1083 Quod
316 1029 462 1076 simul
482 1045 538 1076 ac
556 1044 772 1084 sensere,
790 1034 953 1084 ruunt,
966 1026 1238 1088 tritumque
1254 1024 1544 1087 relinquunt

154 1104 450 1169 Quadrijugi
467 1106 702 1170 spatium,
716 1121 825 1161 nec,
844 1120 943 1168 quo
959 1103 1112 1167 prius,
1127 1101 1300 1149 ordine
1318 1107 1538 1147 currunt.

200 1246 271 1276 158.
308 1245 405 1281 Viam,
429 1244 498 1281 iter,
523 1246 681 1284 corripere,
705 1244 813 1274 celeri-

155 1303 201 1326 ter
217 1294 329 1326 faeere.
376 1294 457 1325 Euri
478 1294 540 1325 fere
561 1293 737 1325 excitantur
752 1293 815 1324 sole

154 1343 271 1374 oriente
285 1355 293 1382 3
316 1343 390 1374 solis
405 1342 488 1374 enim
505 1342 700 1374 advenientis
713 1342 815 1373 calore

155 1403 209 1423 aer
223 1398 377 1424 movetur.

201 1442 272 1473 160.
297 1442 487 1472 Proetereunt
504 1441 612 1477 Euros,
627 1440 747 1482 proprie
764 1451 816 1471 ac-

125 1527 131 1533 .
157 1490 218 1532 cipi
249 1495 360 1532 potest,
400 1501 462 1521 non
500 1489 745 1532 proverbialiter,
778 1489 817 1519 de

156 1540 316 1571 celerrimo
341 1540 460 1576 volatu,
488 1546 524 1570 ut
551 1539 683 1582 putabat
710 1540 818 1569 Burm.

158 1599 339 1630 quanquam
363 1588 395 1619 id
415 1588 447 1619 in
470 1589 540 1620 aliis
562 1588 638 1619 locis
655 1587 747 1622 valet,
764 1588 818 1618 ubi

157 1638 229 1680 equi
253 1638 413 1669 hominum
437 1638 666 1673 describuntur,
691 1643 724 1668 ut
748 1637 817 1668 Vir—

158 1687 214 1728 gil.
229 1689 308 1718 AEn.
321 1687 374 1718 xii.
391 1688 466 1718 334.
484 1688 547 1718 345
562 1698 569 1724 3
585 1686 702 1717 Manil.
719 1697 748 1717 v.
761 1686 818 1725 793

159 1743 191 1766 et
215 1747 297 1778 saepe
325 1736 410 1778 apud
436 1737 618 1772 Homerum,
638 1735 692 1776 qui
714 1741 819 1766 tamen

159 1797 256 1828 equos
275 1796 437 1827 nunquam
457 1786 618 1817 celeriores
635 1784 745 1820 ventis,
765 1785 820 1815 sed

160 1846 248 1877 aeque
262 1836 379 1866 celeres
391 1846 428 1866 ac
441 1841 550 1866 ventos
564 1835 650 1871 facit,
662 1834 820 1876 quoniam,

159 1886 343 1916 observante
364 1885 471 1916 Schol.
497 1885 537 1915 ad
560 1884 650 1915 Iliad.
673 1888 714 1915 K.
737 1884 819 1915 4372

159 1933 296 1976 Ἀνὲμου
311 1934 436 1965 Θᾶσσον
455 1932 559 1965 οὐδὲν.
582 1933 665 1964 Vide
682 1933 820 1964 Valken.

161 1983 298 2015 Diatrib.
315 1983 422 2025 Eurip.
438 1994 469 2025 p.
488 1984 559 2014 107.
595 1984 712 2014 Verum
729 1982 820 2013 hodie

161 2032 289 2074 quidem
314 2032 387 2074 equi
411 2031 540 2073 Anglici
568 2031 653 2062 venti
679 2031 821 2062 celerita-

161 2086 225 2112 tem
247 2081 324 2113 adeo
347 2087 512 2123 superant:
539 2080 610 2112 vide
631 2080 822 2121 Buescliing.

161 2130 193 2161 in
212 2131 427 2172 Vorbereitung
441 2141 497 2161 zur
514 2130 711 2171 Geogrophz'e,
727 2140 758 2171 p.
769 2131 820 2160 58.

164 2191 194 2211 n.
225 2182 264 2210 2:
292 2179 453 2220 multoque
482 2179 609 2210 celerior
639 2189 677 2210 ex
705 2179 821 2209 ratione

164 2228 357 2271 aspectabili,
374 2234 404 2259 et
422 2228 566 2270 opinione
582 2228 732 2258 Veterum
753 2238 820 2258 cur-

164 2288 216 2308 sus
231 2277 315 2308 solis.
353 2277 465 2318 Itaque
481 2284 511 2309 et
526 2278 652 2308 Homer.
669 2276 699 2307 h.
715 2277 822 2313 solem,

165 2338 195 2368 p.
214 2327 284 2357 106.
299 2327 372 2357 Ern.
389 2327 444 2358 hos
458 2338 554 2368 equos
571 2326 732 2357 celeriores
747 2326 823 2357 facit

166 2375 276 2412 ventis,
297 2386 335 2407 ex
354 2376 571 2407 emendatione
587 2375 712 2417 quidem
729 2375 822 2406 Valk.

166 2435 260 2466 quem
275 2424 345 2456 vide
363 2425 395 2457 d.
409 2425 431 2456 l.
470 2426 558 2461 Pars,
579 2425 662 2466 regio
685 2424 772 2463 coeli,
790 2431 824 2455 ut

168 2484 262 2516 saepe.

212 2523 283 2554 161.
299 2523 355 2554 Sed
372 2524 432 2554 leve
448 2525 576 2563 pondus,
591 2522 672 2563 etc.]
699 2521 825 2553 Levitas

165 2571 300 2612 corporis
324 2571 468 2614 princeps
494 2571 680 2603 confusionis
707 2580 823 2609 causa3

168 2619 241 2650 hinc
263 2621 424 2651 commode
445 2631 514 2652 eam
535 2632 605 2651 mox
621 2619 824 2651 similitudine

170 2679 230 2699 non
255 2670 335 2701 male
364 2670 488 2701 delecta
512 2671 656 2701 illustrat.
693 2669 825 2700 Lucian.

168 2717 201 2748 d.
216 2718 255 2748 l.:
281 2718 318 2750 Οἱ
340 2718 439 2750 ἰ’πποι
459 2719 500 2757 ὡς
514 2718 655 2761 ᾔσθοντο
671 2719 727 2749 οὐκ
743 2718 824 2749 ὄντα

167 2766 219 2808 ἐμὲ
234 2768 293 2799 τὸν
308 2767 538 2808 ἐπιβεβηκότα,
555 2766 825 2810 καταφρονήσαν-

881 1255 934 1280 τες
962 1243 1020 1273 τοῦ
1046 1240 1210 1282 μειρακίου
1238 1238 1455 1281 ἐξετράποντο
1483 1241 1546 1277 τῆς

883 1291 968 1323 ὁδοῦ.
1000 1291 1050 1322 Cf.
1062 1300 1134 1320 cum
1151 1288 1234 1320 omni
1251 1288 1280 1319 h.
1293 1288 1315 1319 l.
1328 1289 1437 1319 Senec.
1449 1288 1546 1330 Hipp.

886 1342 968 1372 1065
984 1351 1053 1381 sqq.
1082 1339 1273 1380 Cognoscere,
1291 1338 1338 1368 vel
1355 1336 1482 1373 sentire,
1498 1338 1545 1368 vel

884 1399 1062 1431 agnoscere.
1099 1389 1209 1418 Senec.
1226 1387 1257 1417 d.
1273 1387 1295 1418 l.
1311 1399 1316 1417 :
1346 1387 1465 1417 Currus
1486 1398 1546 1416 uon

883 1451 970 1469 suum
986 1448 1144 1480 agnoscens
1164 1448 1248 1467 (mus.
1291 1436 1419 1475 Jugum,
1436 1440 1470 1465 ut
1485 1446 1548 1466 ver.

888 1489 959 1519 109.
980 1489 1068 1518 solito
1089 1488 1243 1527 gravitate
1267 1487 1399 1515 carebat.
1425 1485 1548 1526 Nempe

887 1537 966 1573 Diis,
991 1537 1104 1578 quibus
1128 1546 1242 1576 magna
1267 1535 1408 1565 membra
1434 1534 1548 1576 passim

885 1587 1073 1621 tribuuntur,
1089 1585 1183 1615 etiam
1207 1585 1413 1626 ponderosum
1436 1594 1548 1625 eorpus

886 1647 952 1667 esse
968 1636 1115 1665 debebat.
1153 1633 1235 1664 Hinc
1251 1635 1353 1675 gravis
1369 1645 1479 1664 curi-*us
1493 1635 1547 1664 Jo-

886 1686 932 1716 vis
957 1686 1065 1715 Horat.
1086 1684 1113 1714 I.
1135 1683 1196 1714 Od.
1220 1683 1272 1713 xii.
1291 1684 1343 1714 58.
1389 1683 1547 1714 Caeterum

888 1734 1020 1765 eandem
1050 1733 1235 1764 sententiam
1266 1739 1312 1764 ter
1338 1732 1416 1763 dixit
1441 1733 1550 1774 loqua-

887 1784 976 1815 citer.

934 1834 1005 1863 163.
1036 1832 1183 1872 Labant]
1226 1832 1354 1868 Labore,
1384 1836 1493 1861 nutare
1517 1830 1549 1862 in

890 1887 1053 1923 utramque
1076 1887 1207 1923 partem.
1255 1881 1389 1914 Pondus,
1408 1880 1439 1909 id
1465 1881 1549 1921 quod

889 1931 961 1962 navi
989 1929 1167 1972 imponitur.
1207 1929 1374 1965 Instabiles,
1394 1940 1464 1969 quae
1489 1940 1550 1960 non

889 1986 1008 2012 certum
1023 1986 1055 2010 et
1069 1980 1191 2010 firmum
1207 1990 1331 2010 cursum
1351 1984 1470 2014 teuent,
1488 1979 1549 2009 liuc

888 2030 1002 2061 illucve
1034 2029 1194 2071 jactantur
1232 2039 1250 2059 a
1282 2027 1396 2058 ventis.
1443 2028 1548 2058 Etiam

889 2080 977 2120 Virg.
1003 2079 1118 2119 Georg.
1140 2077 1183 2108 iv.
1208 2078 1285 2108 195:
1314 2078 1432 2118 Cymboe
1454 2078 1548 2107 insta—

889 2129 959 2157 biles
965 2128 1071 2168 fluctu
1081 2129 1225 2166 jactante
1239 2127 1395 2156 saburram
1414 2125 1550 2156 Tullum.

890 2177 979 2206 Ferri
994 2181 1025 2207 et
1039 2176 1195 2217 φερεσΘαι,
1211 2174 1333 2216 proprie
1348 2174 1387 2204 de
1404 2184 1498 2204 nave.

934 2226 1004 2256 165.
1032 2226 1144 2255 Vocuos
1158 2226 1222 2259 dat,
1239 2223 1317 2264 etc..]
1344 2222 1481 2253 Facilius
1502 2223 1549 2253 fu-

889 2275 973 2311 isset,
1003 2285 1113 2304 currus
1149 2283 1240 2303 onere
1278 2278 1401 2303 assueto
1431 2282 1551 2302 vacuus

890 2324 945 2355 dat
959 2324 1073 2354 saltum
1087 2335 1095 2360 3
1120 2323 1174 2353 sed
1190 2321 1289 2363 magis
1304 2322 1473 2363 poeticum,
1489 2322 1549 2351 sal-

892 2379 939 2403 tus
949 2384 1035 2403 onere
1050 2383 1166 2402 vacuos.
1191 2371 1240 2402 Cf.
1252 2371 1381 2401 Homer.
1395 2370 1429 2400 h.
1443 2370 1551 2412 Apoll.

892 2432 954 2452 ver.
969 2422 1042 2451 234.

939 2472 1007 2501 167.
1019 2471 1155 2511 Ruunt]
1172 2469 1314 2512 Euripid.
1330 2468 1362 2499 αὶ
1377 2468 1401 2499 δ’
1414 2468 1551 2500 ἕπταντ’

891 2519 941 2550 ἐπ’
970 2519 1096 2561 αἰθέρος
1125 2519 1272 2560 πτύχας.
1314 2518 1436 2549 Ibidem
1463 2525 1552 2560 pater

891 2569 1074 2610 aliquandiu
1086 2568 1225 2609 sequitur
1238 2578 1373 2602 currum,
1387 2567 1551 2598 inclamat-

891 2630 953 2661 que
969 2618 1052 2649 filio:
1078 2617 1166 2648 έκεῒσ’
1183 2618 1252 2649 ἔλα·
1269 2619 1310 2659 τῇ
1325 2616 1380 2658 ῥα,
1398 2622 1459 2648 etc.

938 2668 1008 2697 168.
1042 2666 1210 2706 Currant]
1247 2666 1354 2697 Verba
1382 2676 1551 2695 nec—ciir-

892 2723 966 2745 rmit
992 2715 1088 2746 otiose
1110 2714 1227 2745 addita.
1272 2713 1367 2756 Apud
1394 2714 1507 2745 Manil.
1532 2714 1552 2745 i.

894 2767 967 2796 742.
988 2764 1163 2801 Phaethon,
1184 2770 1218 2795 ut
1240 2764 1336 2805 major
1356 2769 1484 2805 parente
1505 2763 1550 2793 vi-
