1763 3181
402 178 1021 221 METAMORPHOSEON
1054 178 1173 219 LIB.
1202 178 1265 218 II.
1440 180 1523 222 175

145 294 262 341 Sors
286 310 397 342 mea
421 295 674 358 principiis
698 294 791 341 fuit
813 294 1104 357 irrequieta3
1144 293 1382 356 pigetque
1424 297 1519 340 386

141 371 380 418 Actorum
405 371 511 419 sine
534 372 631 419 fine
655 370 790 428 mihi,
821 371 926 418 sine
951 371 1152 426 honore,
1178 371 1418 417 laborum.

142 446 363 501 Quilibet
384 449 508 496 alter
532 455 648 510 agat
671 454 924 511 portantes
949 447 1136 493 lumina
1160 463 1348 494 currus.

143 523 197 570 Si
221 540 366 572 nemo
392 532 484 581 est,
511 540 783 587 omnesque
810 523 904 571 Dei
930 540 1027 570 non
1052 539 1200 586 posse
1223 522 1466 580 fatentur3

145 599 260 664 Ipse
285 608 423 664 agat;
452 609 508 649 ut
532 603 725 658 saltem,
744 601 863 648 dum
883 608 1075 663 nostras
1102 606 1263 647 tentat
1283 601 1521 656 habenas,

144 678 391 727 Orbatura
414 687 579 743 patres
605 680 870 743 aliquando
894 679 1100 726 fulmina
1124 685 1292 742 ponat.
1424 681 1510 725 391

142 755 269 802 Tum
287 756 428 812 sciet,
454 757 742 820 ignipedum
766 756 892 803 vires
913 762 1149 819 expertus
1176 771 1432 818 equorum,

148 832 257 880 Non
291 834 531 881 meruisse
555 850 746 889 necem,
774 833 858 896 qui
884 849 981 879 non
1006 833 1132 879 bene
1158 832 1343 879 rexerit
1367 831 1526 879 illos.'’

141 908 282 957 Talia
304 910 551 957 dicentem
577 910 900 957 circumstant
923 909 1088 956 omnia
1114 908 1282 955 Solem

144 985 386 1043 Numina;
428 1003 550 1034 neve
574 987 691 1034 velit
713 987 942 1033 tenebras
968 985 1201 1033 inducere
1227 987 1391 1041 rebus,

145 1063 385 1128 Supplice
400 1081 520 1113 voce
538 1071 735 1127 rogant:
764 1064 940 1111 missos
961 1079 1162 1127 quoque
1177 1062 1373 1126 Jupiter
1388 1064 1527 1125 ignes

144 1140 382 1196 Excusat,
409 1142 743 1206 precibusque
767 1142 926 1188 minas
951 1141 1179 1203 regaliter
1204 1141 1357 1187 addit.
1430 1143 1524 1188 397

141 1217 346 1281 Colligit
369 1226 609 1276 amentes,
635 1226 686 1267 et
710 1219 871 1266 adhuc
896 1224 1080 1266 terrore
1104 1224 1342 1281 paventes
1409 1217 1523 1278 [vit:

142 1289 364 1343 Phoebus
382 1312 563 1359 equos3
592 1296 894 1359 stimuloque
914 1295 1121 1342 domans
1145 1301 1196 1341 et
1214 1294 1416 1341 verbere
1436 1311 1525 1340 see-

144 1370 295 1419 Saevit
317 1372 465 1429 enim,
493 1380 767 1436 natumque
791 1373 1028 1436 objectat,
1055 1379 1106 1419 et
1129 1371 1341 1434 imputat
1365 1370 1476 1417 illis.

208 1448 308 1496 III.
346 1449 414 1497 At
437 1457 578 1514 pater
601 1451 913 1515 omnipotens
938 1449 1158 1513 ingentia
1181 1448 1363 1495 moenia
1386 1449 1496 1495 coeli

144 1610 224 1630 nemo
239 1606 290 1636 est,
306 1605 368 1631 etc.
410 1600 460 1632 Cf.
474 1602 515 1633 58
528 1612 556 1632 S.
604 1601 678 1642 Ipse,
692 1602 800 1639 αὐτὸς,

143 1648 285 1690 princeps
309 1656 410 1680 coetus
429 1650 573 1692 alicujuS.
618 1652 649 1681 N
653 1662 712 1681 unc
728 1662 800 1682 vero

142 1697 331 1740 indignantis
343 1705 400 1730 est.
431 1700 538 1731 Tentat
553 1701 690 1732 habenas.
714 1701 801 1732 Peri·

866 1601 976 1632 Heins.
985 1600 1170 1642 displicent3
1182 1600 1265 1642 apud
1272 1609 1377 1630 omnes
1384 1598 1529 1639 leguntur

868 1656 899 1682 et
914 1650 1053 1693 apprime
1069 1650 1165 1680 dolori
1183 1655 1312 1691 paterno
1327 1648 1528 1679 conveniunt.

869 1701 954 1731 Nota
976 1700 1157 1741 rhythmum
1178 1699 1210 1729 in
1230 1698 1331 1729 verbis
1350 1704 1478 1728 amentes
1499 1704 1531 1728 et

141 1747 247 1778 culum
262 1748 347 1785 facit,
360 1759 399 1779 an
414 1749 539 1780 flectere
554 1760 607 1780 eas
620 1750 727 1792 possit.
752 1751 802 1781 Ita

142 1803 259 1828 tentare
268 1804 377 1833 castra,
389 1809 469 1829 mare
479 1804 510 1829 et
522 1798 594 1830 alia.
634 1799 749 1829 Orbata
755 1811 799 1836 ra,

142 1851 204 1876 etc.
248 1846 420 1888 Indignans
440 1847 588 1888 loquitur,
605 1848 694 1889 quasi
709 1848 799 1890 Jupi-

143 1901 189 1925 ter
209 1895 276 1937 jam
299 1896 403 1938 plures
428 1902 532 1938 patres
556 1896 686 1928 fulmine
712 1898 800 1928 orba-

144 1949 232 1975 vent.

186 1995 261 2024 392.
287 1994 444 2035 Ignipedes
458 1994 531 2035 equi
547 1993 639 2025 valde
655 1994 801 2035 displice-

141 2044 218 2074 bant
232 2042 373 2074 Heinsio.
417 2042 480 2073 Sed
499 2044 598 2084 equis,
614 2043 668 2084 qui
683 2043 801 2073 vehunt

141 2092 240 2134 ignes,
253 2092 307 2134 qui
321 2092 410 2134 ignes
423 2095 455 2123 in
463 2100 581 2132 pectore
590 2094 707 2129 habent,
720 2096 801 2134 ignes

143 2153 192 2173 ore
218 2148 246 2173 et
270 2144 393 2173 naribus
418 2142 531 2184 efflant,
556 2145 608 2174 85.
635 2144 706 2174 119.
730 2144 801 2174 154.

142 2202 205 2223 non
219 2192 301 2222 male
316 2202 334 2222 a
348 2191 450 2233 poetis
466 2194 549 2233 ignei
568 2195 653 2232 pedes
675 2191 742 2223 dari
758 2192 802 2223 vi-

142 2242 267 2273 dentur.

185 2292 259 2322 395.
283 2291 366 2321 Neve
394 2292 466 2321 velit
492 2290 663 2330 inducere]
701 2290 801 2320 Urba-

143 2340 222 2376 nius‚
236 2350 341 2381 quam,
357 2350 395 2370 ne
410 2339 551 2371 inducat.
577 2340 645 2375 Res,
656 2338 801 2369 mundus,

144 2389 221 2419 Mox
234 2389 381 2430 majestas
389 2390 408 2420 J
412 2388 477 2419 ovis
488 2389 567 2419 bene
578 2393 698 2418 notata.
725 2388 800 2417 Pre-

142 2449 198 2475 ces,
213 2438 326 2479 quibus
341 2439 426 2468 minae
442 2438 610 2474 adduntur,
626 2448 645 2468 a
661 2437 729 2469 Cic.
743 2437 801 2467 At-

143 2486 199 2518 tic.
213 2487 273 2518 IX.
287 2487 332 2518 iii.
343 2493 476 2524 armatae,
489 2497 508 2518 a
521 2488 596 2518 Tac.
606 2487 690 2517 Ann.
705 2484 737 2516 ii.
749 2487 802 2517 57.

144 2541 327 2567 contumaces
349 2535 506 2567 dicuntur.
550 2536 646 2578 Apud
668 2535 801 2566 Lucian.

146 2584 232 2615 Dial.
254 2585 349 2616 Deor.
370 2586 423 2616 25.
447 2585 571 2627 Jupiter
593 2584 668 2615 satis
692 2585 803 2616 acerbe

147 2632 179 2663 in
194 2633 375 2675 Apollinem
387 2634 554 2671 invehitur,
572 2634 665 2665 etille
679 2645 711 2665 se
727 2644 802 2675 pec-

149 2681 235 2712 casse
249 2682 376 2713 fatetur.

210 2731 390 2762 398—400,
421 2731 588 2773 Pei-peram
634 2730 665 2761 hi
699 2741 805 2761 versus

866 1757 1017 1789 parentes.
1064 1748 1180 1779 Similis
1201 1747 1399 1789 negligentiae
1424 1757 1528 1777 exem-

867 1799 920 1841 pla
930 1798 1074 1840 Heynius
1084 1798 1124 1829 ad
1136 1797 1241 1828 Tibul.
1253 1798 1280 1827 I.
1291 1797 1333 1826 ix.
1344 1797 1387 1826 23
1404 1796 1435 1825 in
1451 1796 1530 1827 Obs.

868 1848 1006 1890 collegit.
1036 1848 1074 1877 In
1085 1858 1154 1888 sqq.
1165 1847 1349 1885 stimuloque,
1361 1850 1424 1875 etc.
1436 1844 1528 1875 luxu-

868 1897 963 1927 riatur
989 1895 1096 1927 Ovidii
1125 1894 1295 1936 ingenium.
1341 1894 1409 1923 Hoc
1435 1894 1529 1929 enim,

869 1945 952 1988 quod
976 1944 1115 1976 homines
1138 1945 1273 1974 furentes
1297 1943 1398 1973 facere
1419 1943 1529 1978 solent,

870 2000 903 2026 ut
918 1995 994 2025 iram
1010 1999 1156 2025 evomant
1170 1994 1203 2023 in
1216 2003 1264 2023 res
1279 1992 1432 2027 innoxias,
1449 1992 1530 2022 male

870 2044 1027 2074 transtulit
1042 2043 1081 2074 ad
1096 2043 1215 2073 Deum.
1262 2042 1300 2071 Sa
1310 2043 1380 2077 vire,
1396 2040 1529 2071 verberi-

868 2094 926 2123 bus
953 2092 1072 2133 agitare
1100 2091 1186 2122 alios.
1235 2091 1370 2126 Verbere,
1394 2090 1530 2131 flagello.

870 2142 996 2177 Natum,
1012 2147 1142 2172 mortem
1157 2140 1235 2171 nati.

912 2191 1093 2221 ‘ioh-530.
1106 2191 1241 2229 Atpater
1249 2190 1440 2227 omnipotens,
1452 2189 1528 2228 etc]

869 2240 992 2280 Jupiter
1002 2239 1031 2271 vi
1043 2238 1217 2280 comprimit
1229 2238 1365 2273 Callisto,
1375 2237 1532 2278 Lycaonis

870 2289 976 2325 filiam,
994 2299 1087 2330 quam
1104 2292 1266 2329 propterea
1284 2286 1388 2317 Diana
1403 2297 1420 2316 e
1436 2287 1529 2317 choro

868 2349 923 2370 suo
952 2337 1096 2369 secedere
1122 2337 1233 2378 jubet,
1262 2336 1285 2365 J
1288 2347 1345 2366 ιιιιο
1369 2340 1474 2366 autem
1498 2335 1530 2366 in

868 2399 970 2418 ursam
994 2391 1105 2416 mutat.
1150 2385 1188 2414 In
1214 2394 1283 2414 eam
1305 2394 1400 2425 quum
1425 2385 1530 2418 Arcas,

868 2436 965 2479 ipsius
980 2442 1011 2466 et
1025 2437 1043 2467 J
1048 2436 1113 2466 ovis
1129 2434 1220 2469 filius,
1233 2433 1405 2469 incidisset,
1417 2432 1531 2474 sagitta

869 2496 938 2516 eam
961 2484 1138 2525 transfigere
1161 2483 1312 2524 parabat;
1334 2482 1387 2513 sed
1404 2481 1530 2522 Jupiter

871 2535 977 2565 ambos
992 2538 1120 2574 repente
1135 2532 1278 2572 abreptos
1290 2531 1321 2561 in
1335 2530 1416 2561 coelo
1432 2530 1528 2560 collo—

871 2590 933 2619 cat,
954 2582 1117 2623 sideraque
1140 2580 1244 2611 vicina
1265 2579 1350 2610 facit.
1395 2579 1530 2619 Nempe,

872 2631 1025 2667 Arcades,
1041 2630 1094 2671 qui
1111 2628 1263 2660 Callistus
1285 2627 1463 2669 sepulcrum
1482 2637 1529 2657 os-

872 2680 1046 2716 tentabant,
1057 2679 1152 2709 Paus.
1168 2676 1235 2708 viii.
1250 2689 1280 2718 p.
1293 2677 1368 2707 671.
1385 2686 1529 2716 eamque,

873 2740 969 2771 quum
984 2728 1016 2759 in
1031 2727 1110 2758 vivis
1122 2730 1215 2763 esset,
1225 2725 1416 2757 carissimam
1431 2723 1528 2756 habu-
