1763 3181
426 175 1043 218 METAMORPHOSEON
1078 176 1195 217 LIB.
1224 177 1315 218 III.

171 291 423 339 Flectere:
452 299 503 339 et
529 291 720 338 Oleniae
747 291 883 338 sidus
910 291 1122 355 pluviale
1148 293 1370 356 capellae,

1461 180 1544 221 259

1449 297 1542 341 594

169 368 542 432 Taygetenque,
557 367 865 432 Hyadasque
885 368 1038 415 oculis
1055 367 1343 432 Arctonque
1361 371 1542 426 notavi,

168 445 539 508 Ventorumque
564 445 754 500 domos,
781 452 831 492 et
854 452 1025 508 portus
1051 445 1301 508 puppibus
1328 454 1486 510 aptos.

170 521 314 569 Forte
339 518 515 585 petens
542 521 718 576 Delon,
748 521 887 568 Chiae
913 522 1101 568 telluris
1128 522 1189 568 ad
1214 538 1323 569 oras

167 598 420 662 Applicor,
444 605 493 646 et
516 599 705 646 dextris
731 599 950 646 adducor
974 599 1116 661 litora
1140 599 1313 657 remis3

168 674 347 737 Doque
370 676 502 722 leves
529 675 683 722 saltus
705 694 714 732 ;
755 675 968 738 udaeque
994 675 1174 723 innitor
1198 692 1374 732 arenae,

1445 681 1541 725 599

169 752 283 799 Nox
303 753 387 800 ubi
403 761 698 817 consumpta
713 760 803 801 est.
845 753 1036 800 Aurora
1050 754 1313 801 rubescere
1329 754 1541 818 primum

169 830 429 893 Coeperat:
470 846 673 892 cxurgo,
695 830 969 892 laticesque
994 830 1171 877 inferre
1196 838 1420 878 recentes

164 906 440 962 Admoneo,
468 913 787 970 monstroque
806 907 949 962 viam,
968 924 1080 970 quae
1105 908 1255 955 ducat
1277 908 1340 956 ad
1365 909 1540 955 undas.

166 982 282 1047 Ipse
307 984 428 1047 quid
455 1000 573 1031 aura
596 984 715 1031 mihi
739 985 928 1031 tumulo
954 985 1212 1047 promittat
1236 986 1297 1032 ab
1322 986 1421 1032 alto

164 1148 195 1178 in
219 1148 322 1190 capite
343 1149 450 1185 Tauri,
466 1160 534 1191 quae
561 1161 656 1191 quum
682 1150 822 1182 oriuntur

163 1205 194 1229 et
207 1198 364 1235 occidunt,
380 1199 481 1240 largos
494 1198 606 1230 imbres
622 1199 716 1230 cient.
745 1200 819 1231 Gel-

164 1248 222 1278 lius
238 1248 279 1278 N.
294 1248 332 1278 A.
350 1247 416 1279 xiii.
433 1250 463 1279 9.
510 1249 613 1285 Quare
631 1249 754 1290 Hyades
777 1250 819 1280 sic

163 1297 266 1334 dictae,
281 1296 348 1328 ἀπὸ
372 1299 429 1329 τοῦ
451 1297 528 1329 ὕειν.
568 1299 690 1335 Arcton,
708 1299 820 1330 Ursam

163 1347 331 1384 borealem,
359 1347 564 1389 Cynosuram,
591 1348 642 1378 vel
675 1348 818 1379 Helicen.

167 1397 326 1427 Ventorum
350 1399 455 1432 domos,
472 1396 625 1438 regiones,
647 1397 732 1428 unde
755 1398 817 1439 spi-

163 1452 243 1476 rant.

206 1496 279 1526 597.
309 1495 438 1535 Delam]
471 1495 569 1526 Delos
597 1495 698 1526 insula
727 1496 819 1526 maris

165 1544 278 1585 AEgaei.
324 1545 401 1581 Diae,
418 1555 525 1576 verum
546 1554 613 1575 esse
633 1556 693 1575 non
709 1551 819 1587 potest.

165 1595 225 1625 Dia
238 1594 321 1625 enim
335 1600 382 1625 est
395 1594 505 1625 eadem
521 1605 590 1636 quae
605 1595 704 1625 Naxos
720 1595 821 1633 (Plin.

163 1644 203 1674 H.
216 1644 258 1675 N.
273 1644 314 1675 iv.
332 1643 399 1683 12.)
425 1643 457 1674 in
481 1654 576 1685 quam
602 1643 714 1675 deferri
737 1644 818 1675 Bac-

161 1693 238 1724 chus
253 1693 388 1729 volebat,
404 1704 482 1724 vers.
497 1694 570 1724 636.
586 1694 658 1724 690.
683 1693 819 1724 Difficile

161 1748 207 1773 est
228 1754 334 1774 verum
356 1753 467 1774 nomen
492 1742 542 1773 hic
566 1753 725 1785 reponere,
742 1754 817 1784 quo-

163 1792 245 1823 niam
261 1792 425 1829 nescimus,
441 1792 523 1823 unde
539 1792 668 1823 Acoetes
682 1792 817 1829 solverit,

161 1852 219 1873 nec
237 1842 341 1873 caeteri
364 1847 504 1873 auctores
520 1841 638 1883 aliquid
654 1841 729 1872 certi
745 1852 816 1884 sup-

161 1891 313 1932 peditant.
352 1892 388 1922 In
416 1891 529 1931 hymno
551 1891 708 1922 Homeric.
725 1896 755 1921 et
778 1891 817 1921 ab

161 1940 279 1981 Hygin.
304 1941 408 1971 nullus
435 1941 522 1971 locus
546 1945 815 1971 commemoratur.

162 1988 256 2030 Apud
273 1989 420 2031 Apollod.
435 1989 581 2020 Bacchus
602 2000 639 2020 ex
662 1988 765 2019 Icaria
785 1989 816 2019 in

165 2039 270 2070 Naxon
296 2039 451 2070 transferri
465 2039 556 2077 vult3
582 2044 686 2070 nautae
712 2046 817 2070 autem

160 2098 229 2118 eam
250 2088 383 2119 insulam
403 2087 701 2130 praeternavigantes
714 2089 817 2118 Asiam

161 2142 283 2178 petunt,
304 2143 338 2168 ut
353 2137 489 2179 praedani
505 2137 548 2168 ibi
564 2137 712 2169 vendant.
757 2138 816 2169 Per

160 2187 262 2217 Asiam
285 2187 428 2228 Heynius
451 2186 598 2228 intelligit
618 2186 726 2218 Asiam
747 2189 813 2229 pro-

160 2234 224 2276 prie
239 2235 366 2272 dictam,
383 2235 489 2277 Lydiae
505 2242 637 2278 partem.
676 2236 732 2272 At,
751 2237 815 2277 qui,

160 2284 271 2315 relicta
286 2284 396 2321 Icaria,
413 2286 527 2316 Naxon
542 2286 813 2327 praeternavigant‚

160 2332 181 2362 ii
207 2344 269 2364 non
290 2333 470 2364 deseruntur
498 2344 587 2365 cursu
615 2333 646 2364 in
672 2334 816 2375 Lydiam,

160 2381 214 2412 sed
235 2382 334 2423 magis
351 2383 514 2424 magisque
535 2384 574 2414 ab
590 2394 628 2414 ea
642 2383 818 2416 discedunt.

161 2431 319 2462 Revocavi
335 2431 540 2473 antiquiorem
553 2432 720 2463 lectionem
732 2442 815 2463 eam-

161 2490 221 2520 que
234 2479 437 2521 plurimorum
453 2480 606 2517 codicum,
623 2481 713 2513 Chz'ae.
743 2481 815 2512 Non

161 2534 265 2560 autem
287 2529 422 2571 intellig.
454 2531 540 2561 Chios
564 2530 666 2561 insula
685 2531 816 2562 celebris

159 2588 254 2620 prope
270 2578 399 2610 Ioniam.
444 2580 634 2621 Quanquam
656 2580 737 2610 enim
754 2580 814 2621 Ly-

160 2626 219 2657 dus
233 2627 337 2658 Delon
362 2634 472 2670 petens
491 2628 652 2660 commode
677 2629 717 2659 ad
740 2628 813 2659 dex-

161 2682 259 2707 terum
284 2677 351 2718 ejus
373 2677 447 2709 litus
473 2678 630 2720 appellere
653 2678 813 2720 potuisset,

161 2735 221 2756 non
245 2731 348 2757 tamen
373 2727 485 2757 Naxon
510 2727 550 2758 ad
574 2727 732 2758 dexteram
757 2727 813 2757 ha-

886 1151 1013 1185 buisset,
1030 1152 1084 1183 sed
1107 1162 1123 1182 e
1144 1153 1268 1192 regione
1288 1158 1320 1183 et
1339 1152 1430 1193 longe
1444 1162 1543 1183 remo-

887 1208 963 1232 tam.
994 1201 1056 1231 Sed
1069 1200 1271 1242 cogitandum
1288 1200 1409 1231 videtur
1421 1201 1460 1231 de
1475 1201 1542 1238 Ceo,

887 1261 982 1292 quam
1000 1250 1136 1281 Romani
1157 1250 1298 1280 nonnulli
1317 1256 1348 1281 et
1365 1251 1451 1280 Ceam
1474 1251 1542 1281 dix-

885 1306 985 1335 erunt,
1001 1305 1032 1330 et
1047 1299 1178 1330 Ptolem.
1214 1299 1312 1335 Kt'av.
1324 1305 1358 1330 ut
1373 1299 1452 1330 adeo
1466 1299 1543 1331 forte

885 1355 916 1379 et
944 1348 974 1379 h.
993 1348 1016 1378 l.
1043 1358 1059 1378 e
1087 1348 1215 1379 consilio
1240 1349 1456 1379 nonnullorum
1483 1349 1542 1380 Cice

885 1398 1115 1429 rescribendum
1136 1397 1185 1428 sit.
1221 1398 1268 1429 Ea
1284 1398 1421 1439 quinque
1443 1398 1542 1430 millia

885 1458 1030 1489 passuum
1047 1447 1183 1478 distabat
1195 1448 1234 1477 ab
1246 1448 1380 1483 Helena,
1392 1448 1541 1489 quemad-

885 1497 1011 1527 modum
1027 1497 1095 1527 haec
1117 1507 1136 1527 a
1155 1496 1250 1527 Sunio
1273 1497 1401 1527 totidem
1423 1507 1544 1539 passus.

885 1546 969 1577 Plin.
993 1547 1077 1577 Hist.
1106 1547 1181 1577 Nat.
1204 1545 1245 1576 iv.
1272 1547 1407 1578 12—20.
1452 1547 1542 1578 Idem

885 1596 990 1632 tradit,
1001 1595 1132 1627 eandem
1147 1601 1179 1626 et
1196 1596 1229 1625 H
1229 1598 1385 1636 ydrussam
1396 1595 1542 1638 (ὑδρόεσ-

885 1645 978 1684 eam)
995 1644 1084 1686 aquis
1099 1644 1323 1680 abundantem,
1339 1645 1459 1676 Graeeis
1476 1656 1543 1677 esse

886 1694 1014 1726 dictam.
1037 1694 1075 1725 Ei
1090 1694 1184 1735 igitur
1198 1695 1278 1725 bene
1294 1694 1449 1731 convenit,
1459 1695 1543 1736 quod

886 1743 1014 1775 Acoetes
1038 1754 1108 1774 mox
1136 1749 1250 1779 narrat,
1280 1753 1311 1774 se
1342 1744 1440 1773 laticis
1463 1744 1542 1784 *infe-

887 1796 973 1824 rendi
999 1804 1092 1824 causa
1119 1792 1178 1823 huc
1202 1792 1368 1834 appulisse.
1409 1792 1543 1824 Ovidius

885 1842 988 1883 igitur,
1009 1842 1062 1884 qui
1086 1841 1152 1872 haec
1177 1852 1232 1872 suo
1258 1841 1348 1871 modo
1370 1842 1541 1879 exornavit,

884 1902 956 1923 eum
985 1891 1073 1922 finxit
1097 1901 1115 1922 e
1139 1890 1206 1921 sinu
1232 1890 1378 1921 Saronico
1402 1890 1542 1922 solvisse.

888 1941 1000 1976 Tellus,
1018 1940 1111 1971 etiam
1128 1940 1166 1970 de
1189 1939 1292 1970 insula
1308 1939 1420 1970 dicitur
1434 1940 1543 1981 poetis.

885 1989 960 2022 vid.
978 1989 1130 2031 Heynius,
1152 1989 1191 2020 ad
1207 1988 1319 2030 Virgil.
1336 1989 1411 2020 AEn.
1427 1988 1473 2020 iii.
1491 1990 1542 2021 73.

884 2039 915 2069 in
932 2040 1021 2070 Varr.
1037 2039 1110 2069 lect.
1148 2039 1306 2069 Addua-ere
1330 2039 1418 2069 litora
1443 2042 1541 2075 remis,

884 2098 937 2130 per
950 2087 1173 2129 metonymiam
1188 2098 1253 2129 pro,
1269 2089 1418 2117 adducere
1435 2099 1538 2124 remos,

884 2149 987 2168 navem
1009 2139 1047 2168 ad
1069 2139 1168 2168 litora.
1206 2137 1244 2166 In
1260 2137 1388 2176 vulgata
1407 2138 1541 2168 adducor

884 2189 972 2218 litora
993 2188 1080 2217 remis
1099 2185 1282 2217 subauditur
1297 2185 1472 2226 praepositio
1488 2189 1539 2218 ad.

885 2237 985 2268 Saltus
1000 2239 1046 2272 do,
1063 2235 1156 2266 exilio
1181 2246 1197 2265 e
1221 2245 1298 2265 nave
1314 2234 1345 2264 in
1361 2234 1447 2265 litus.
1482 2235 1541 2266 Le-

884 2297 942 2322 ves,
966 2292 1002 2316 ut
1026 2286 1137 2315 Horat.
1162 2285 1208 2315 II.
1234 2284 1302 2314 Sat.
1327 2283 1368 2313 vi.
1390 2284 1443 2314 98.
1471 2285 1541 2315 levis

884 2332 978 2366 exilit.

928 2384 1001 2414 603.
1030 2384 1208 2412 Promittere
1233 2381 1271 2411 de
1296 2380 1386 2412 bonis
1409 2391 1539 2422 progno-

884 2432 982 2467 sticis,
1003 2438 1038 2463 ut
1056 2433 1240 2462 denunciare
1264 2431 1303 2461 de
1323 2430 1413 2461 malis
1429 2431 1541 2472 Virgil.

885 2482 998 2523 Georg.
1028 2481 1049 2512 i.
1079 2482 1152 2512 453.
1200 2481 1350 2511 Sociorum
1375 2479 1539 2511 duodecim

883 2530 1010 2562 nomina
1024 2530 1119 2562 habet
1129 2530 1247 2571 Hygin.
1259 2529 1368 2560 eadem
1382 2529 1456 2565 fere,
1469 2540 1538 2570 quae

883 2580 914 2611 h.
929 2580 950 2610 l.
967 2581 1080 2610 Noster
1099 2589 1137 2610 ea
1158 2589 1213 2621 per
1231 2584 1330 2609 totum
1351 2578 1455 2608 locum
1477 2577 1538 2608 dis-

882 2628 996 2670 posuit,
1014 2638 1053 2659 ne
1067 2638 1129 2658 uno
1146 2628 1214 2658 loco
1233 2626 1396 2657 cumulata
1411 2625 1539 2656 taedium

882 2677 1036 2708 afferrent.
1095 2677 1194 2707 Erant
1221 2681 1324 2706 autem
1354 2673 1400 2704 illi
1430 2685 1539 2706 secun-

883 2726 956 2756 dum
983 2726 1106 2756 Homer.
1129 2725 1235 2766 hymn.
1260 2729 1291 2754 et
1312 2723 1387 2754 alios
1409 2723 1540 2764 piratae;
