1729 3207
456 229 1109 273 METAMORPHOSEON.
1411 234 1481 275 lvii

85 353 217 395 verat,
241 359 373 399 quum
399 345 539 399 ipsum
565 352 779 399 premeret
806 343 1033 392 Hercules,
1063 344 1116 384 de
1144 344 1359 398 Dejanira
1386 360 1476 387 cer-

86 432 191 466 tans.
255 423 382 464 Hanc
402 423 550 463 victori
571 423 614 462 in
634 423 815 476 patriam
836 422 1033 463 redeunti
1048 422 1212 462 Nessus
1231 437 1383 476 rapere
1406 439 1476 464 vo-

82 502 182 551 luit,
216 501 293 542 sed
319 499 521 541 Herculis
552 500 706 554 sagitta
732 506 940 539 venenata
971 498 1193 539 confossus
1224 500 1392 549 cecidit,
1418 508 1474 549 et,

84 595 136 621 ne
167 578 326 620 inultus
354 578 528 632 periret,
551 585 686 632 raptae
707 584 865 618 vestem
889 577 1010 617 dedit
1038 577 1242 630 sanguine
1271 593 1346 617 suo
1372 579 1476 619 tinc—

81 666 178 699 tam.
227 656 295 697 Ea
315 656 515 697 dubitans
537 654 753 709 aliquanto
773 661 872 707 post
893 654 946 693 de
974 654 1111 693 mariti
1133 668 1289 702 amore,
1313 662 1472 695 vestem

83 736 123 777 ei
152 735 264 776 misit
295 734 502 782 eamdem,
539 748 624 787 qua
662 733 837 773 indutus
877 747 1008 785 quum
1047 738 1406 781 concremaretur,
1435 739 1478 773 et

83 813 242 854 Lichas
257 811 439 852 famulus
455 813 509 852 ab
526 826 576 852 eo
593 825 671 865 per
687 810 785 851 a'era
802 811 953 850 missus
974 810 1017 850 in
1037 825 1186 850 saxam
1203 810 1475 864 obriguisset,

85 891 225 946 periit,
256 897 313 938 et,
346 895 547 931 renovata
582 889 674 944 ejus
695 889 837 943 facie,
870 889 912 927 in
947 886 1102 928 coelum
1138 894 1203 928 est
1237 888 1474 928 traductus.

83 968 197 1010 Tum
226 967 427 1008 Alcmena
458 974 593 1008 mater
627 967 681 1007 ad
709 967 827 1007 Iolen
858 981 1012 1006 nurum
1048 981 1092 1006 se
1125 965 1318 1013 contulit,
1351 966 1475 1019 eique

89 1045 389 1087 Galanthidem
419 1045 463 1084 in
488 1045 716 1092 mustelam,
745 1052 789 1085 et
818 1044 886 1085 illa
912 1044 1091 1085 vicissim
1120 1044 1331 1097 Dryopen
1363 1058 1479 1083 soro-

83 1139 171 1165 rem
192 1138 311 1164 suam
330 1124 374 1163 in
391 1124 502 1164 loton
521 1138 766 1164 conversam
788 1125 985 1164 narravit.
1036 1123 1212 1163 Interim
1233 1123 1477 1175 supervenit

82 1202 185 1255 ipsis
209 1201 369 1249 Iolaus,
393 1208 592 1255 reparata
621 1215 698 1254 per
726 1200 884 1241 Heben
896 1202 1143 1255 juventute:
1174 1200 1218 1239 id
1246 1200 1363 1252 quod
1394 1214 1476 1239 non

83 1295 208 1335 posse
236 1279 431 1319 omnibus
459 1280 721 1334 contingere,
752 1279 925 1334 Jupiter
946 1279 1082 1319 AEaci
1109 1276 1307 1331 exemplo
1336 1278 1476 1318 docet.

84 1358 214 1400 Hunc
236 1357 403 1411 fugiens
425 1358 603 1399 flliletas
620 1359 662 1398 in
676 1358 824 1399 Asiam
844 1357 1052 1405 discessit,
1071 1364 1114 1397 et
1136 1356 1360 1410 Byblidem
1382 1370 1480 1409 pro-

84 1437 241 1479 creavit
272 1442 401 1490 atque
436 1436 649 1483 Caemanm
679 1436 801 1490 cujus
834 1435 906 1475 illa
942 1434 1155 1475 desiderio
1193 1433 1406 1473 tabefacta
1437 1434 1479 1472 in

71 1515 237 1570 fontem
264 1514 441 1554 transiit.
491 1513 604 1560 Quae
625 1514 799 1568 quidem
823 1528 890 1554 res
915 1513 1047 1566 magis
1071 1512 1176 1551 mira
1203 1510 1368 1551 cunctis
1391 1511 1479 1550 visa

86 1579 211 1642 esset,
239 1593 319 1633 nisi
348 1591 478 1647 paulo
507 1598 604 1632 ant-e
632 1591 771 1646 Iphis,
800 1591 893 1645 ipso
926 1590 1171 1643 nuptiarum
1201 1588 1286 1635 die,
1322 1587 1480 1627 virilem

87 1686 231 1712 semum
251 1670 500 1725 accepisset.

145 1748 242 1789 Lib.
266 1747 324 1788 X.
360 1747 441 1788 His
465 1746 623 1800 nuptiis
648 1747 721 1800 qui
747 1746 998 1787 interfuerat
1032 1745 1294 1800 Hymenaeus
1320 1744 1374 1784 ad
1401 1745 1481 1783 Or-

79 1828 233 1883 pheum
268 1826 367 1867 inde
397 1841 441 1867 se
473 1824 666 1873 contulit,
696 1825 772 1865 sed
806 1823 915 1865 malo
948 1824 1100 1872 omine,
1133 1821 1480 1877 quandoquidem

86 1919 186 1947 mox
222 1905 326 1947 obiit
360 1904 594 1958 Eurydice,
631 1917 770 1958 neque
816 1903 871 1943 ad
916 1916 1094 1956 superos
1141 1899 1290 1940 reduci
1326 1898 1478 1952 potuit.

87 1983 278 2025 Moerore
298 1983 429 2038 igitur
448 1982 672 2037 perculsus
694 1981 900 2036 Orpheus
925 1987 1090 2021 montes
1113 1977 1322 2019 solitarios
1346 1976 1480 2030 petiit,

88 2077 187 2118 quo,
209 2077 313 2104 sono
333 2062 437 2116 lyrae
457 2062 549 2116 ejus
571 2060 779 2115 impulsae,
800 2064 1077 2101 accurrerunt
1100 2057 1290 2103 arbores,
1309 2061 1351 2094 et
1372 2054 1482 2094 inter

90 2148 262 2182 caeteras
276 2141 407 2196 pinus
427 2155 481 2181 ex
502 2140 593 2194 Aty
613 2127 742 2193 atque
760 2152 980 2193 cupressus
1001 2151 1024 2176 e
1051 2134 1285 2189 Cyparisso
1305 2138 1480 2172 mutata.

89 2218 283 2260 Canebat
314 2224 457 2258 autem
486 2216 556 2257 ille
589 2217 643 2257 de
673 2224 800 2270 raptu
833 2213 1109 2268 Ganymedis,
1139 2211 1193 2251 de
1227 2208 1483 2263 IIyacitzthi,

89 2297 142 2338 ab
164 2295 367 2350 Apolline
394 2295 522 2336 amati
548 2301 592 2335 et
618 2293 845 2341 interfecti,
874 2292 917 2331 in
942 2289 1212 2345 hyacinthum
1237 2287 1400 2334 florem,
1429 2286 1483 2325 de

95 2375 364 2415 Cho-astaram
379 2374 422 2414 in
438 2379 596 2420 tam-os,
615 2371 669 2412 de
687 2369 1031 2424 Propaetidaram
1046 2367 1089 2406 in
1105 2365 1284 2419 lapides,
1300 2363 1354 2403 de
1373 2362 1486 2415 Pyg-

91 2452 279 2494 malionis
306 2458 449 2493 statua
478 2452 522 2491 in
550 2450 760 2491 mulierem
791 2448 926 2488 vivam
955 2445 1085 2498 (unde
1117 2450 1241 2483 natus
1276 2440 1485 2494 Paphus)

93 2532 146 2572 de
174 2531 385 2585 Myrrhae,
416 2536 593 2584 propter
620 2529 829 2568 incestum
856 2539 953 2566 cum
978 2529 1100 2577 patre
1129 2518 1417 2566 concubitum,
1443 2517 1487 2556 in

94 2608 320 2662 Myrrham
344 2608 555 2655 arborem,
578 2612 707 2659 atque
735 2604 788 2644 de
810 2600 1032 2648 Adonidis,
1054 2598 1123 2640 cui
1142 2596 1294 2638 Venus
1316 2594 1488 2647 [lippo-

94 2685 220 2726 menis
236 2692 280 2726 et
292 2684 509 2725 Atalantoe
524 2684 567 2723 in
583 2681 741 2736 templo
755 2678 1129 2722 concumbentium
1142 2675 1185 2715 in
1201 2675 1337 2715 leones
1354 2678 1488 2712 trans-

96 2763 367 2804 formationes
389 2768 649 2810 narraverat,
671 2762 714 2800 in
735 2773 969 2800 anemonem
990 2754 1237 2796 mutatione.

160 2855 258 2882 VOL.
283 2855 348 2882 111.
1123 2832 1150 2870 h
