1763 3181
408 189 1025 232 METAMORPHOSEON
1060 189 1178 230 LIB.
1211 190 1292 231 IV.

1466 191 1552 231 307

174 304 347 366 Regna
361 305 489 352 redit
501 305 648 361 Ditis,
661 312 1016 369 sumptumque
1033 306 1299 368 recingitur
1315 321 1545 368 anguem.

237 382 468 429 Protinus
493 383 713 431 AEolides
738 383 901 430 media
924 383 1219 430 furibundus
1246 383 1295 429 in
1320 383 1432 430 aula
1457 386 1546 430 511

171 458 397 507 Clamat:
439 465 469 483 “
490 459 573 506 Io!
612 460 835 515 comites,
863 460 938 506 his
964 460 1087 506 retia
1112 460 1302 507 tendite
1329 460 1490 507 silvis:

171 534 267 582 Hic
292 536 439 583 modo
464 552 576 583 cum
603 537 800 599 gemina
816 537 920 583 visa
945 544 1021 583 est
1046 537 1164 583 mihi
1183 537 1318 600 prole
1344 536 1551 583 1eaena.⁷'

171 611 340 674 thue
364 612 494 670 ferae,
523 613 745 676 sequitur
768 614 977 675 vestigia
1000 613 1226 677 conjugis
1253 630 1440 670 amens,

170 688 350 752 Deque
378 690 487 737 sinu
512 691 681 738 matris
707 691 966 748 ridentem,
994 699 1044 739 et
1068 708 1218 755 parva
1244 692 1518 739 Learchum

171 765 386 814 Brachia
409 767 714 825 tendentem,
743 769 888 833 rapit,
915 778 965 817 et
994 770 1071 817 bis
1097 777 1273 833 terque
1298 787 1385 834 per
1410 785 1553 816 auras

169 841 312 890 More
337 851 465 891 rotat
489 843 680 902 fundae3
721 845 981 909 rigidoque
1007 846 1214 894 infantia
1233 863 1353 894 saxo

1456 849 1551 893 517

169 919 386 968 Discutit
409 938 524 968 ossa
547 922 685 970 ferox
708 941 717 971 :
757 930 863 970 tum
889 924 1109 987 denique
1135 924 1333 972 concita
1356 930 1529 979 mater,

169 996 270 1044 Seu
295 998 434 1045 dolor
458 999 550 1046 hoc
576 999 708 1056 fecit,
736 1017 824 1047 seu
849 1001 1006 1064 sparsi
1031 1017 1183 1048 causa
1206 1001 1400 1057 veneni,

170 1073 437 1132 Exululat;
478 1078 740 1140 passisque
760 1077 887 1140 fugit
911 1078 1039 1125 male
1067 1094 1187 1125 sana
1205 1078 1426 1141 capillis3

167 1150 340 1214 Teque
365 1152 526 1201 ferens
552 1170 756 1217 parvum
781 1154 943 1210 nudis,
966 1154 1244 1211 Melicerta,
1271 1156 1484 1211 lacertis,

171 1227 321 1286 Evoe,
350 1229 550 1278 Bacche
568 1232 576 1277 l
615 1239 775 1279 sonat.

363 1384 490 1432 nus?

841 1231 1029 1279 Bacchi
1054 1234 1146 1279 sub
1172 1232 1370 1280 nomine
1394 1232 1423 1279 J
1430 1249 1527 1279 uno

170 1304 327 1354 Risit:
368 1314 432 1363 et,
462 1314 492 1332 “
515 1308 622 1355 Hos
649 1326 767 1356 usus
793 1317 997 1373 praestat
1020 1310 1159 1367 tibi‚''
1185 1311 1315 1358 dixit
1346 1317 1376 1334 ‘⁶
1398 1311 1552 1358 alum-

497 1385 506 1401 5

1457 1391 1552 1435 523

234 1459 468 1509 Imminet
492 1463 773 1525 aequoribus
794 1467 1028 1529 scopulus
1048 1484 1056 1513 :
1089 1482 1202 1529 pars
1229 1465 1328 1512 ima
1352 1472 1555 1513 cavatur

207 1616 284 1647 511.
310 1615 455 1646 Protinus
470 1617 612 1653 AEolides,
627 1617 704 1657 etc.]
753 1619 826 1649 Jam

167 1665 207 1696 ad
222 1665 286 1696 fab.
303 1664 402 1706 ipsam
415 1665 506 1696 redit.
520 1666 638 1707 Hygin.
655 1666 716 1696 sab.
731 1666 772 1697 iv.
788 1678 825 1697 ex

166 1714 314 1757 Euripide
340 1721 455 1752 narrat,
481 1716 513 1746 in
537 1717 699 1747 venatione
729 1717 826 1747 filium

164 1764 204 1794 ab
216 1764 408 1796 Athamante
419 1776 484 1796 esse
495 1765 705 1796 interfectum.
730 1766 825 1808 Apud

165 1812 402 1854 Apollodorum,
418 1814 515 1845 filium
538 1825 590 1855 pro
605 1825 695 1845 cervo
719 1815 824 1846 habet.

163 1864 189 1892 A
205 1863 317 1894 Nostro
328 1863 411 1894 Fast.
424 1863 455 1894 d.
466 1863 489 1894 l.
502 1864 690 1905 imagofalsa
704 1869 824 1894 tantum

164 1919 434 1944 commemoratur.
481 1914 610 1944 Lem-chi
625 1913 728 1944 credes
752 1919 825 1955 apte

162 1966 194 1991 et
216 1961 257 1992 ad
281 1961 556 1994 commiserationis
573 1969 605 1993 et
631 1962 670 1993 ad
696 1962 827 1993 horroris

164 2021 290 2042 sensum
303 2017 440 2042 narrata.

205 2062 282 2092 518.
308 2061 444 2098 Concita,
459 2061 491 2092 in
506 2061 639 2092 furorem
656 2061 781 2092 adacta.

207 2111 283 2142 519.
308 2111 410 2151 Sparsi
424 2122 514 2142 causa
534 2111 668 2152 veneni]
709 2112 826 2142 Locum

163 2169 229 2190 esse
258 2170 368 2190 sanum
396 2159 489 2191 credo
519 2170 591 2191 cum
620 2161 799 2191 Burmanno
814 2172 821 2197 3

163 2208 219 2239 sed
234 2209 329 2250 paulo
344 2209 489 2240 subtilius
503 2209 557 2240 ille
573 2220 696 2240 sensum
712 2209 825 2251 repetit

163 2267 181 2288 e
196 2256 282 2288 scitis
298 2257 563 2300 philosophorum,
582 2259 635 2300 qui
655 2270 773 2289 causum
794 2262 825 2289 et

165 2309 320 2338 materiam
345 2307 555 2344 distinxerint,
574 2314 610 2338 ut
632 2319 722 2339 causa
744 2313 826 2339 esset

165 2356 303 2398 operatio
313 2356 431 2393 divina,
441 2367 595 2388 venenum
606 2359 742 2388 materia.
758 2358 826 2388 Imo

165 2416 255 2436 causa
269 2408 374 2437 veneni
387 2406 509 2437 videtur
529 2417 596 2437 esse
611 2417 763 2437 venenum
778 2407 826 2448 ip-

166 2465 246 2492 sum,
262 2462 418 2496 quatenus
439 2465 534 2486 causa
548 2460 615 2486 erat
635 2455 724 2485 istius
743 2455 824 2485 furo-

163 2503 216 2535 ris.
260 2503 417 2540 Similiter,
437 2504 472 2535 ii.
496 2505 570 2535 836.
593 2515 683 2534 causa
704 2506 824 2535 umoris.

165 2553 258 2585 Lenz.
282 2564 401 2584 causam
427 2553 565 2596 explicat
592 2560 763 2589 auctorem,
791 2559 825 2584 ut

165 2601 258 2633 Furia
276 2601 481 2643 intelligatur.
527 2602 615 2633 Idem
635 2602 768 2638 dubitat,
785 2612 825 2633 an

165 2649 216 2681 hic
227 2661 332 2682 versus
343 2651 499 2693 profectus
509 2650 549 2681 sit
561 2652 600 2681 ab
613 2651 738 2687 Ovidio,
751 2650 826 2692 quia

166 2710 262 2730 causa
277 2700 387 2731 furoris
402 2700 499 2731 dubia
518 2711 585 2731 esse
602 2711 663 2731 non
677 2700 825 2742 potuerit.

165 2748 304 2790 Apparet
320 2755 435 2785 tamen,
452 2749 529 2791 quid
550 2755 656 2781 auctor
676 2755 828 2791 sequutus

895 1618 934 1649 sit
949 1618 997 1648 his
1012 1618 1124 1649 verbis.
1158 1618 1281 1660 'Nempe
1296 1618 1434 1650 indicare
1449 1619 1556 1655 voluit,

895 1668 1043 1698 atrociam
1060 1667 1148 1698 istius
1161 1668 1306 1698 facinoris
1316 1674 1435 1699 tantam
1452 1668 1558 1705 fuisse,

894 1723 927 1747 ut
947 1717 994 1748 vel
1015 1717 1098 1747 solus
1121 1717 1228 1747 matris
1250 1719 1333 1747 dolor
1357 1718 1421 1749 sine
1437 1729 1556 1749 veneno

894 1772 1023 1807 accepto
1036 1766 1167 1797 furorem
1183 1767 1303 1797 efficere
1320 1769 1466 1807 potuerit.
1493 1768 1555 1798 132·-

892 1817 1008 1851 ululat,
1031 1821 1093 1847 etc.
1142 1816 1296 1847 Bacchari
1318 1816 1428 1858 incipit
1448 1828 1557 1858 quem-

894 1864 1061 1896 admodum
1095 1870 1127 1895 et
1163 1864 1238 1895 alibi
1268 1865 1388 1896 furiosae
1420 1865 1556 1896 Bacchis

892 1914 1114 1945 assimilantur.
1160 1914 1245 1945 Hine
1261 1915 1421 1945 commode
1437 1925 1556 1945 sarcas-

892 1975 960 1995 mus
973 1964 1127 1995 aJunone
1149 1964 1324 1995 adhibetur.
1371 1966 1475 2000 Sonat,
1491 1965 1556 1995 cla·

892 2020 968 2044 mat.
1006 2014 1067 2043 Sub
1083 2015 1210 2050 nomine,
1229 2013 1336 2044 audito
1352 2013 1489 2044 nomine.
1510 2013 1555 2044 iii.

892 2064 968 2094 245.
985 2063 1029 2093 sic
1045 2065 1084 2093 ad
1100 2075 1216 2094 nomen.
1271 2063 1347 2093 Usus
1364 2063 1463 2105 possis
1477 2073 1557 2094 mer-

892 2111 1001 2142 cedem
1022 2123 1076 2154 pro
1095 2112 1156 2142 tuis
1173 2112 1205 2142 iu
1230 2122 1301 2142 eum
1323 2112 1440 2142 meritis
1463 2112 1557 2142 inter-

892 2161 1018 2202 pretari.
1050 2161 1164 2192 Malim
1175 2167 1280 2192 tamen
1291 2162 1340 2192 hos
1351 2162 1433 2191 lusus
1443 2161 1557 2202 legere.

893 2210 993 2241 Lusus
1009 2210 1231 2241 Bacchantium
1247 2209 1326 2239 dixit
1342 2209 1480 2241 Curtius.
1497 2211 1555 2241 IX.

892 2271 925 2290 x.
941 2261 994 2290 25.

935 2310 1010 2340 5⁸24.
1035 2308 1173 2338 Imminet
1187 2309 1359 2348 oequoribna,
1371 2307 1448 2347 etc.]
1465 2308 1556 2339 Hanc

893 2358 1008 2389 fabulae
1033 2362 1165 2399 partem,
1183 2368 1253 2398 quae
1275 2357 1314 2387 ad
1335 2357 1392 2387 Ino
1414 2364 1445 2387 et
1460 2357 1555 2388 Meli-

893 2414 1009 2438 certam
1024 2406 1172 2449 pertinet,
1190 2407 1315 2443 Noster,
1333 2408 1419 2437 Fast.
1436 2406 1477 2436 vi.
1494 2407 1556 2437 493

892 2458 1012 2487 -550.
1043 2466 1104 2486 non
1133 2456 1225 2486 modo
1254 2455 1408 2497 copiosius
1434 2455 1554 2491 retulit,

892 2505 947 2536 sed
970 2505 1077 2541 etiam,
1094 2510 1129 2535 ut
1152 2505 1308 2535 Matutam
1334 2510 1365 2535 et
1383 2505 1556 2535 Portunum

893 2554 1108 2584 Romanorum
1118 2552 1193 2584 inde
1203 2553 1348 2588 efficeret,
1356 2553 1446 2593 longe
1458 2552 1558 2583 aliter.

892 2603 950 2633 Ino
967 2613 1037 2633 cum
1054 2602 1117 2632 filio
1137 2608 1225 2633 natat
1239 2602 1270 2632 in
1293 2602 1431 2638 Italiam,
1446 2601 1490 2632 ibi
1509 2601 1557 2632 in-

892 2651 968 2683 cidit
1002 2652 1033 2682 in
1069 2651 1222 2687 Bacchas,
1251 2662 1269 2681 a
1297 2661 1428 2692 quarum
1457 2651 1557 2681 furore

894 2699 1040 2731 Herculis
1056 2700 1231 2730 interventu
1247 2699 1409 2735 liberatur,
1425 2705 1456 2730 et
1471 2709 1486 2729 e
1502 2710 1556 2729 va-

895 2750 1002 2781 ticinio
1017 2750 1191 2780 Carmentae
1208 2754 1351 2779 naturam
1363 2748 1465 2779 induit
1480 2748 1558 2778 divi-
