1729 3207
366 204 987 247 METAMORPHOSEON
1020 206 1139 249 LIB.
1169 207 1205 247 I.
1419 210 1475 250 69

93 319 160 366 Et
183 335 297 366 cum
320 318 609 368 fulminibus
635 319 874 369 facientes
899 320 1080 384 frigora
1102 329 1292 370 ventos.

91 395 184 443 His
195 412 397 460 quoque
413 413 510 444 non
527 398 714 462 passim
728 399 900 446 mundi
915 399 1179 447 fabricator
1187 400 1472 448 habendum

87 472 219 520 Aera
239 474 489 537 permisit:
527 474 610 522 vix
635 491 765 522 nunc
791 475 1047 523 obsistitur
1071 475 1185 533 illis,

89 550 255 604 Quum
281 566 371 598 sua
395 551 609 614 quisque
634 560 809 614 regant
832 553 1026 601 diverso
1052 554 1254 601 flamina
1277 561 1456 611 tracta,

88 626 220 681 Quin
236 627 423 675 lanient
436 629 675 675 mundum
689 647 699 687 3
730 637 868 678 tanta
887 637 965 678 est
980 630 1229 684 discordia
1242 631 1466 678 fratrum!

88 704 251 752 Eurus
268 706 330 753 ad
341 705 600 763 Auroram,
615 707 963 772 Nabataeaque
979 725 1132 772 regna
1146 709 1367 765 recessit,
1407 711 1464 756 61

85 780 411 847 Persidaque,
440 790 491 831 et
515 784 664 831 radiis
684 785 808 847 juga
833 785 1034 832 subdita
1057 785 1341 833 matutinis:

84 858 292 924 Vesper,
319 866 372 908 et
396 860 604 908 occiduo
630 877 743 924 quae
764 861 907 909 litora
933 862 1050 910 Sole
1075 869 1355 926 tepescunt,

84 936 320 986 Proxima
340 945 455 985 sunt
469 939 722 1003 Zephyro:
755 939 1013 1003 Scythiam
1034 947 1328 1004 septemque
1349 938 1464 986 trio-

281 1031 396 1062 nem

82 1090 303 1140 Horrifer
327 1091 506 1140 invasit
532 1091 743 1141 Boreas:
772 1095 1018 1142 contraria
1039 1095 1191 1142 tellus
1404 1096 1465 1142 65

123 1238 175 1269 57.
200 1237 341 1278 Passim]
365 1237 438 1268 Sine
451 1238 556 1270 ordine
569 1244 600 1270 et
610 1239 691 1281 lege,
704 1245 740 1271 ut

79 1286 215 1330 quisque
257 1287 363 1330 spiret,
399 1288 483 1319 unde
520 1288 606 1320 velit.
656 1289 738 1322 Vide

79 1339 306 1374 Burmannum,
324 1337 364 1368 ad
379 1337 566 1374 Quintiliani
589 1338 736 1370 Declam.

78 1389 120 1420 iv.
137 1389 189 1419 13.
235 1387 427 1424 szbmzdum,
441 1387 674 1430 possidendum,
686 1390 738 1421 vel

79 1437 280 1479 agitandum:
304 1436 447 1468 similiter
462 1437 564 1468 Graec.
580 1438 679 1480 ἔχειν.

119 1488 172 1519 59.
190 1487 464 1528 Quum—tractu]
489 1488 595 1525 Quum
605 1489 737 1531 quisque

79 1548 117 1568 ex
146 1537 270 1568 diversa
297 1536 422 1578 regione
450 1537 518 1573 flat,
549 1543 585 1568 ut
608 1539 736 1571 Homer.

79 1586 141 1619 Od.
170 1598 200 1617 v.
228 1588 303 1618 295.
359 1586 481 1628 Regant
512 1598 565 1617 sua
592 1588 736 1629 flamina,

77 1635 241 1676 Tanquam
263 1643 419 1677 personae:
445 1634 573 1670 lanient,
591 1636 736 1676 graviter,

75 1695 130 1727 pro
144 1684 351 1726 disrumpant.

119 1734 171 1764 60.
193 1732 366 1773 Fratrum]
392 1732 502 1763 Habiti
526 1739 598 1764 sunt
621 1734 735 1765 Astraei

77 1787 108 1812 et
141 1782 269 1813 Aurorae
305 1780 372 1812 filii.
417 1781 546 1812 Hesiod.
572 1782 630 1813 Th.
661 1784 735 1815 378.

76 1831 138 1862 Sed
159 1831 274 1862 Noster
288 1829 371 1861 omni
387 1829 418 1860 h.
434 1830 456 1861 1.
470 1830 663 1873 mythologia
679 1843 733 1864 ne-

75 1881 191 1923 glecta,
206 1891 307 1912 rerum
331 1884 475 1911 naturam
495 1880 651 1922 sequitur3
676 1881 734 1912 ita—

77 1941 138 1973 que
166 1930 226 1961 hoe
255 1929 378 1961 nomine
407 1939 603 1961 communem
631 1930 734 1973 potius

75 1985 236 2011 ventorum
251 1985 395 2011 naturam
415 1979 587 2020 respexisse
599 1979 733 2012 videtur.

78 2030 218 2061 Positum
239 2034 345 2060 autem
366 2034 413 2060 est
432 2028 465 2060 in
485 2028 543 2060 hoc
564 2028 733 2071 epiphone-

75 2085 157 2111 mate
172 2090 245 2111 cum
258 2079 385 2110 virtute.

118 2130 171 2161 61.
194 2128 370 2169 Auroram]
395 2128 520 2160 Laudat
544 2129 625 2160 hanc
656 2140 731 2161 ven-

73 2183 174 2210 torum
194 2176 399 2209 cardinalium
421 2177 662 2220 descriptionem
678 2180 731 2210 Se-

74 2239 153 2260 neca
163 2228 208 2259 N.
222 2229 263 2266 Q.
279 2239 311 2258 v.
331 2228 382 2258 16.
430 2229 591 2264 Auroram,
607 2227 733 2260 AEthio-

74 2278 169 2320 piam,
185 2277 290 2309 sedem
308 2276 449 2313 Aurorae,
464 2287 528 2307 ver.
547 2277 620 2308 774.
666 2279 731 2308 Na-

73 2329 231 2368 bataeaque.
274 2327 325 2357 Ita
339 2326 404 2357 sine
419 2327 448 2362 h,
459 2326 517 2356 hoc
532 2336 644 2357 nomen
659 2337 730 2358 con-

74 2382 190 2408 stanter
205 2375 318 2417 legitur
333 2375 417 2417 apud
440 2375 523 2406 Plin.
537 2375 612 2407 Tac.
628 2377 730 2407 Strab.

76 2426 230 2456 Nabataeos
240 2425 359 2462 Strabo,
371 2425 429 2455 lib.
446 2424 510 2458 xvi.
519 2436 550 2467 p.
564 2426 636 2461 767,
652 2425 732 2457 inter

74 2474 269 2515 Babylonem
291 2479 322 2505 et
335 2473 486 2505 Arabiam
507 2473 644 2504 Felicem
666 2475 729 2505 col-

72 2522 165 2559 locat,
187 2522 442 2564 metropolimque
466 2533 571 2553 eorum
593 2523 731 2554 nominat

74 2572 209 2603 Petram.
238 2572 288 2604 Sic
303 2578 334 2603 et
346 2573 430 2603 Plin.
446 2573 487 2602 H.
500 2572 544 2602 N.
558 2571 599 2602 vi.
615 2573 727 2604 28-32.

73 2620 116 2652 Iis
137 2626 269 2663 praeerat
291 2632 353 2658 rer,
369 2621 423 2662 qui
446 2632 465 2652 a
486 2620 596 2651 Tacito
614 2621 677 2652 An.
692 2621 727 2652 ii.

73 2671 124 2700 57.
151 2676 419 2702 commemoratur.
468 2670 547 2701 Inde
575 2671 730 2701 Nabataea

73 2728 179 2760 regna.
226 2719 318 2750 Nunc
339 2729 462 2750 omnem
477 2719 627 2750 Arabiam
642 2720 728 2760 cogi-

73 2768 215 2804 tabimus,
228 2779 297 2810 quae
314 2769 375 2800 fere
391 2774 661 2805 commemoratur,
678 2769 731 2800 ubi

117 2818 214 2848 VOL.
229 2817 293 2849 ΙΙΙ.

807 1239 944 1271 Orientis
961 1241 1038 1272 fines
1053 1239 1237 1281 designandi
1253 1244 1335 1270 sunt.
1372 1238 1469 1280 Juga,

807 1289 891 1320 haud
918 1290 1011 1321 dubie
1038 1289 1161 1326 Emodi‚
1188 1288 1331 1320 Damasii
1357 1293 1388 1318 et
1414 1287 1468 1318 alii

805 1345 936 1375 monteS,
948 1339 1061 1381 quibus
1072 1338 1166 1370 India
1176 1338 1321 1380 cingitur,
1334 1337 1416 1368 Plin.
1427 1337 1469 1368 vi.

809 1389 916 1419 17-21.
953 1389 1089 1419 Subdita.
1106 1388 1216 1419 Horat.
1231 1388 1251 1418 i.
1268 1387 1330 1418 Od.
1345 1386 1399 1417 xii.
1415 1388 1468 1417 55.

804 1439 944 1477 subjectos
963 1439 1085 1468 orientis
1107 1448 1164 1467 orae
1187 1437 1284 1467 Seras.
1317 1436 1468 1467 Nostrum

804 1487 955 1529 expressit
978 1487 1088 1518 Senec.
1109 1486 1239 1527 Thyest.
1263 1487 1343 1516 482:
1364 1485 1468 1515 Eurus

806 1536 956 1567 Orientem
980 1542 1083 1572 movet,
1107 1536 1309 1576 Nabataeaque
1332 1536 1467 1575 quatiens

803 1597 898 1627 regna
914 1593 941 1617 et
954 1586 1027 1616 Eoos
1041 1588 1135 1616 sinus.
1173 1584 1221 1616 Cf.
1235 1584 1331 1621 idem,
1347 1585 1465 1625 Agam.

802 1637 878 1667 477.

846 1686 898 1715 63.
927 1684 1042 1723 Vesper,
1058 1690 1086 1714 et
1105 1683 1253 1724 occidua]
1281 1684 1364 1713 Euro
1388 1693 1461 1712 con-

802 1734 913 1764 trarius
925 1733 1083 1775 Zephyrus
1093 1733 1132 1763 ab
1145 1732 1307 1763 occidente
1319 1732 1384 1762 flat.
1408 1731 1462 1762 Li-

801 1790 867 1814 tora
881 1783 970 1819 dixit,
984 1793 1045 1813 non
1058 1789 1154 1818 terrae,
1165 1782 1239 1823 quia
1253 1792 1337 1812 mare
1348 1781 1460 1811 Atlan-

799 1832 896 1863 ticum
933 1831 1052 1863 claudit
1087 1832 1193 1862 orbem
1225 1830 1462 1862 occidentalem.

803 1881 977 1921 Tepescuuc,
995 1880 1069 1922 quia
1087 1880 1167 1910 Solis
1188 1879 1359 1911 occidentis
1381 1878 1461 1909 radii

800 1931 901 1962 minus
917 1929 1045 1961 violenti
1069 1935 1160 1968 sunt3
1182 1936 1346 1972 propterea
1368 1928 1463 1959 etiam

799 1979 1007 2011 occidentales
1028 1985 1116 2010 terrae
1146 1979 1295 2010 minorem
1319 1977 1391 2009 solis
1420 1988 1462 2008 ae-

800 2035 881 2060 stum
903 2028 1015 2060 sentire
1034 2035 1132 2070 poetae
1153 2027 1312 2059 videntur.
1358 2027 1409 2058 Ita
1432 2033 1462 2059 et

800 2078 909 2109 Horat.
924 2078 945 2108 i.
960 2079 1025 2109 Sat.
1040 2077 1084 2108 iv.
1101 2076 1162 2108 30:
1189 2078 1251 2113 Sol,
1269 2088 1324 2118 quo
1343 2088 1458 2116 vesper-

801 2130 866 2159 tina
880 2134 956 2167 tepet
970 2129 1063 2168 regio.
1107 2125 1257 2157 Similiter
1277 2137 1349 2157 mox
1369 2126 1462 2157 meri-

800 2177 934 2208 dionalis
954 2182 1036 2207 terra
1056 2178 1220 2208 madescere
1244 2175 1368 2212 dicitur,
1388 2176 1462 2217 quia

799 2225 914 2257 Auster
929 2225 1002 2256 inde
1017 2225 1140 2267 pluvias
1155 2225 1229 2267 agit.
1264 2225 1372 2255 Boreae
1387 2236 1460 2255 vero

800 2275 955 2306 violentiae
969 2275 1044 2305 satis
1056 2273 1325 2305 accommodatum
1340 2275 1461 2305 invasit.

799 2324 915 2356 Manil.
947 2325 1040 2364 Asper
1055 2325 1090 2354 ab
1103 2335 1156 2354 axe
1170 2326 1235 2354 ruit
1252 2324 1373 2354 Boreas.

842 2376 894 2406 64.
917 2375 1046 2415 Scythiae
1070 2373 1193 2404 nomine
1219 2374 1349 2404 Veteres
1374 2383 1458 2403 com-

798 2423 1028 2465 prehenderunt
1043 2432 1148 2453 omnes
1163 2427 1260 2452 terras
1279 2421 1459 2463 septentrio-

799 2473 885 2503 nales
899 2471 1084 2513 incognitas.
1134 2471 1282 2507 Trionem,
1300 2481 1362 2501 non
1386 2474 1459 2500 trio-

798 2535 857 2554 nes.

839 2574 893 2603 65.
930 2571 1104 2613 Horrifer]
1140 2570 1268 2612 Frigora
1296 2569 1390 2606 enim,
1418 2569 1456 2600 de

797 2621 911 2663 quibus
939 2621 1059 2663 proprie
1093 2621 1207 2656 horror,
1238 2620 1303 2661 agit
1332 2620 1459 2650 Boreas.

797 2671 847 2701 De
876 2669 993 2711 origine
1020 2671 1087 2712 ejus
1115 2669 1155 2700 cf,
1179 2668 1220 2699 iv.
1236 2670 1329 2700 Pont.
1352 2679 1381 2698 x.
1405 2670 1457 2698 40.

801 2721 963 2750 Contraria
991 2720 1089 2750 tellus.
1134 2717 1363 2752 Meridionalis,
1391 2717 1457 2748 An-

798 2769 939 2804 tarctica,
955 2767 1192 2810 septentrionali
1209 2766 1357 2808 opposita.
