1763 3181
393 180 1010 223 METAMORPHOSEON
1044 181 1161 222 LIB.
1195 181 1284 222 III.

156 297 427 360 Implevere
453 312 653 353 nemus3
694 296 1102 360 circumfusaeque
1131 297 1340 344 Dianam

1447 184 1530 224 :229

1440 301 1529 344 180

154 373 454 436 Corporibus
480 380 649 420 texere
676 372 804 420 suis:
846 380 1010 420 tamen
1037 374 1178 421 altior
1201 375 1297 420 illis

153 449 271 513 Ipsa
292 450 402 497 Dea
426 457 516 505 est,
544 451 771 512 colloque
797 457 939 498 tenus
966 452 1299 514 supereminet
1322 467 1508 498 omnes.

152 526 248 581 Qui
274 528 406 574 color
430 527 626 575 infectis
652 529 841 575 adversi
865 528 994 575 Solis
1020 529 1080 575 ab
1107 529 1207 575 ictu

152 603 381 651 Nubibus
407 620 516 651 esse
543 605 684 661 solet,
710 611 795 652 aut
819 621 1078 668 purpureae
1104 606 1334 658 Aurorae;

151 680 201 727 Is
224 680 316 727 fuit
339 681 388 727 in
414 682 549 728 vultu
573 682 687 728 visae
715 682 818 728 sine
838 689 974 729 veste
1003 681 1193 728 Dianae.

1436 685 1524 729 185

151 756 273 810 Quae
290 774 576 821 quanquam
596 758 832 806 comitum
846 759 992 806 turba
1012 766 1087 806 est
1102 759 1284 822 stipata
1299 774 1495 805 suarum
1512 778 1521 815 ;

151 833 209 880 In
234 834 361 881 latus
387 835 643 898 obliquum
668 842 833 883 tamen
859 836 1042 893 astitit3
1084 852 1267 898 oraque
1292 842 1419 883 retro

150 911 340 959 Flexit:
381 919 431 959 et
451 919 506 959 ut
527 913 676 960 vellet
699 920 952 977 promptas
977 913 1210 961 habuisse
1235 913 1457 975 sagittas,

149 987 285 1042 Quas
310 989 498 1044 habuit,
526 989 596 1036 sic
621 990 785 1037 hausit
809 1006 963 1053 aquas
984 1008 993 1045 ;
1022 991 1312 1053 vultumque
1336 990 1521 1036 virilem

148 1064 397 1122 Perfudit;
427 1083 765 1130 spargensque
785 1083 951 1114 comas
971 1067 1226 1114 ultricibus
1247 1067 1406 1122 undis,
1436 1070 1526 1114 190

147 1141 355 1189 Addidit
378 1143 483 1190 haee
509 1144 665 1190 cladis
691 1145 968 1207 praenuntia
990 1145 1140 1191 verba
1163 1144 1338 1190 futurae
1357 1161 1366 1191 :

150 1224 179 1242 “
200 1218 345 1267 Nunc
370 1219 460 1267 tibi
485 1237 563 1268 me
588 1221 748 1284 posito
774 1222 926 1269 visam
951 1221 1193 1269 velamine
1219 1237 1401 1275 narres,

191 1353 261 1383 183.
286 1353 346 1387 Qui
365 1354 443 1384 color
461 1353 608 1395 injectis]
633 1354 724 1385 Iridis
743 1355 797 1385 de-

144 1401 339 1443 scriptionem
361 1413 426 1433 esse
441 1403 558 1439 volunt,
574 1404 661 1445 cujus
683 1403 799 1434 colores

143 1452 283 1483 retulerit
308 1462 342 1483 os
370 1453 481 1483 Dianae
516 1452 632 1494 pudore
660 1453 797 1484 suffusae.

144 1502 187 1532 At
214 1512 275 1543 quo
303 1501 430 1532 tandem
454 1502 535 1544 jure,
559 1502 684 1543 pudoris
708 1503 799 1533 rubor

145 1561 215 1581 cum
245 1561 334 1581 arcus
363 1550 500 1581 coelestis
527 1551 620 1582 variis
647 1551 799 1582 coloribus

143 1599 311 1642 comparari
327 1600 455 1642 poterit?
479 1600 518 1630 Et
534 1606 639 1631 tamen
654 1600 797 1631 suavissi-

141 1659 223 1680 mam
235 1649 495 1691 comparationem
506 1649 629 1691 judicat
639 1648 798 1680 Schirach.

142 1704 173 1729 et
195 1698 363 1729 maximum
387 1698 504 1739 ingenii
527 1698 639 1729 summi
661 1698 798 1728 testimo-

142 1748 237 1779 nium.
281 1748 426 1789 Intellige
442 1759 512 1789 ergo
528 1747 710 1783 nubeculas,
722 1758 799 1789 quas

140 1797 213 1828 solis
227 1796 397 1827 occidentis
411 1796 505 1827 radiis
523 1797 686 1827 rubescere
706 1796 798 1826 inter-

142 1847 216 1877 dum
232 1846 383 1877 videmus.
428 1846 511 1877 Ictus
536 1848 613 1881 solis,
630 1845 707 1876 radii
728 1845 799 1876 solis

141 1895 324 1927 incidentes.
370 1896 543 1932 Lucretius,
558 1908 587 1926 v.
603 1897 677 1926 612.
701 1897 798 1926 radio-

142 1956 209 1975 mm
232 1947 330 1981 ictus‚·
354 1943 407 1986 qui
430 1951 460 1975 et
475 1955 565 1975 versu
590 1945 663 1976 486.
679 1946 797 1975 verbera

140 1997 207 2025 sotis
222 1993 301 2025 dixit
315 2005 332 2025 e
348 1995 459 2025 Graeco
470 1994 557 2035 βολὴ
573 1994 678 2032 ἡλίου.
724 1995 798 2025 Non

141 2044 289 2074 assentior
309 2042 374 2075 viro
395 2043 484 2074 docto
505 2043 536 2074 in
552 2043 686 2085 Ephem.
732 2044 797 2074 No—

141 2093 230 2124 rimb.
245 2094 361 2124 adversi
376 2093 408 2123 in
425 2096 518 2124 aversi
534 2093 700 2132 mutantis;
724 2104 795 2124 nam

142 2145 282 2174 adversus
308 2143 430 2179 dicitur,
458 2142 512 2184 qui
541 2149 588 2174 est
616 2154 632 2174 e
662 2144 796 2185 regione,

140 2192 306 2234 oppositus.
352 2193 513 2235 Virgilius,
526 2194 653 2225 .AEneid.
664 2194 706 2225 iv.
718 2194 776 2224 701
789 2207 795 2224 z

142 2241 202 2272 Iris
226 2243 316 2273 Mille
338 2244 459 2273 trahens
481 2244 578 2273 varios
599 2245 719 2273 adverso
741 2245 798 2274 sole

141 2293 258 2325 colores.
293 2292 344 2323 Sic
359 2298 391 2324 et
406 2304 435 2324 v.
451 2294 503 2324 88.
540 2295 676 2328 Aurorae,
693 2293 798 2324 confer

142 2342 183 2372 vi.
197 2343 250 2373 48.
262 2342 314 2372 ubi
329 2342 438 2373 similis
453 2342 654 2384 comparatio.

188 2392 258 2423 186.
281 2392 428 2422 Comitum
453 2393 553 2427 turba,
577 2391 691 2422 multas
715 2392 797 2422 enim

131 2434 235 2472 ¹habet
254 2441 359 2473 Diana
377 2441 519 2472 comites.
566 2441 751 2472 Callimach.
767 2441 798 2472 h.

143 2490 236 2521 Dian.
250 2501 313 2522 ver.
332 2492 370 2521 13
389 2501 457 2532 sqq.
503 2491 542 2522 In
557 2491 636 2521 latus
648 2492 797 2531 obliquum

140 2541 247 2576 astitit,
269 2550 378 2581 corpus
398 2539 519 2571 inflexit
540 2545 572 2570 et
593 2540 747 2570 contraxit
766 2540 798 2571 in

140 2588 272 2619 alterum
285 2589 377 2625 latus,
392 2594 427 2620 ut
446 2599 543 2629 parva
557 2588 723 2625 videretur,
739 2599 796 2620 nec

142 2636 278 2679 conspici
301 2644 403 2679 posset
427 2638 464 2668 ab
489 2637 648 2669 Actaeone.
693 2638 796 2668 Phan-

142 2686 217 2717 tasia
235 2697 295 2716 non
310 2686 402 2717 mala.

188 2736 258 2766 188.
278 2736 429 2776 Ut—sic.]
454 2736 590 2777 Elegans
602 2743 648 2766 est
661 2736 711 2766 hic
728 2747 800 2767 usus

187 2785 284 2816 VoL.
299 2785 361 2815 111.

867 1354 975 1385 harum
996 1354 1227 1397 particularum.
1274 1355 1377 1391 Quum
1394 1363 1454 1383 non
1471 1353 1525 1384 lia-

866 1404 960 1440 beret,
972 1414 1049 1445 quas
1065 1403 1169 1439 vellet,
1183 1402 1295 1439 hausit,
1309 1413 1387 1444 quas
1403 1402 1525 1433 habuit.

868 1452 1034 1492 Promptas,
1049 1458 1182 1493 paratas.
1232 1452 1365 1488 Virilem,
1376 1450 1444 1487 viri,
1457 1451 1521 1481 Ac-

867 1502 984 1533 taeonis.

912 1552 981 1582 192.
1028 1551 1119 1580 Nunc
1153 1552 1206 1580 tibi
1239 1561 1283 1580 me
1311 1550 1411 1589 posito,
1442 1549 1520 1588 etc.]

867 1601 972 1631 Prisco
996 1600 1110 1631 saeculo
1133 1599 1280 1629 mortales
1307 1599 1433 1640 impune
1458 1607 1523 1628 cer-

866 1661 937 1682 nere
953 1656 1096 1692 poterant
1108 1650 1193 1679 Deas
1208 1648 1302 1679 etiam
1318 1647 1427 1683 nudas,
1445 1647 1520 1677 Pro-

865 1706 942 1742 pert.
972 1700 1036 1730 ΙΙΙ.
1066 1699 1098 1730 ii.
1129 1700 1192 1737 383
1231 1697 1338 1739 ibique
1367 1696 1522 1728 Brouckh.

865 1749 982 1780 Seriore
1014 1755 1150 1790 tempore
1175 1758 1269 1789 poena
1293 1745 1520 1781 afficiebantur,

866 1799 919 1840 qui
934 1799 1017 1829 Deos
1032 1798 1144 1828 invitos
1155 1798 1307 1828 viderant.
1354 1796 1445 1825 Nunc
1459 1796 1522 1830 tibi,

866 1854 925 1878 etc.
953 1847 1069 1878 Similis
1084 1857 1269 1881 sarcasmus,
1287 1845 1308 1877 i.
1324 1846 1397 1876 720.
1426 1845 1522 1886 Apud

866 1897 983 1939 Hygin.
1000 1897 1105 1928 Diana
1117 1897 1210 1940 fecit,
1232 1903 1266 1927 ut
1290 1896 1432 1926 Actaeoni
1458 1907 1521 1926 cor-

865 1959 925 1977 nua
941 1950 972 1978 in
989 1949 1085 1987 capite
1096 1953 1300 1977 nascerentur.
1344 1946 1434 1976 Forte
1448 1956 1522 1987 poe-

865 2002 927 2027 tam
951 1997 1087 2038 aliquem
1114 2002 1275 2037 sequutus,
1303 2001 1399 2025 totam
1424 2001 1522 2025 trans-

864 2046 1077 2077 formationem
1102 2057 1116 2077 a
1144 2051 1231 2087 parte
1255 2045 1393 2075 indicare
1414 2044 1522 2081 voluit,

862 2102 895 2126 ut
924 2097 1048 2132 Noster,
1077 2106 1164 2126 versu
1203 2096 1273 2126 139.
1332 2094 1524 2125 Stesichorus

861 2146 991 2182 dixerat,
1008 2146 1145 2176 Dianam
1170 2146 1198 2176 ei
1224 2144 1341 2186 ἐλάφου
1370 2143 1524 2186 περιβάλ-

862 2196 932 2227 λειν
948 2195 1057 2237 δέρμα.
1108 2196 1299 2236 Polygnotus
1322 2205 1393 2224 eum
1412 2200 1442 2224 et
1457 2204 1522 2224 ma-

862 2252 939 2276 trem
956 2245 1098 2286 pinxerat
1113 2255 1210 2275 cervae
1226 2243 1410 2274 hinnuleum
1424 2242 1523 2273 mani-

862 2295 920 2325 bus
944 2301 1097 2330 tenentes‚
1123 2293 1261 2335 pellique
1287 2292 1418 2322 cervinae
1446 2291 1519 2321 insi-

864 2343 984 2379 dentes,
1000 2349 1121 2374 astante
1145 2353 1221 2373 cane
1240 2340 1394 2372 venatico.
1438 2341 1521 2370 Pau—

863 2404 929 2423 san.
946 2404 974 2422 Χ.
986 2404 1017 2433 p.
1033 2393 1105 2423 872.
1151 2390 1311 2422 Actaeonis
1325 2390 1521 2421 transmutati

863 2452 970 2479 causa,
988 2440 1088 2482 inquit
1103 2440 1270 2476 Diodorus,
1285 2440 1340 2471 lib.
1350 2451 1379 2470 v.
1392 2439 1523 2470 traditur

864 2501 882 2521 a
897 2490 1065 2524 nonnullis,
1082 2489 1165 2531 quod
1178 2489 1289 2519 Dianae
1310 2487 1521 2523 concubitum,

864 2550 959 2581 quum
976 2545 1139 2569 venaretur
1155 2538 1187 2568 in
1202 2538 1369 2571 montibus,
1384 2536 1521 2578 appetie-

864 2588 923 2625 rit3
954 2587 1129 2628 Euripides,
1155 2586 1238 2627 quod
1263 2597 1296 2616 se
1319 2585 1365 2616 illi
1390 2585 1521 2615 Actaeon

865 2636 1034 2678 praetulerit
1049 2636 1183 2666 venandi
1209 2642 1285 2666 arte.
1329 2635 1349 2666 J
1353 2645 1423 2670 uno,
1437 2634 1520 2675 apud

867 2686 1050 2720 Lucianum,
1064 2685 1176 2715 Dianae
1199 2683 1336 2725 scoptice
1359 2684 1524 2725 exprobrat

867 2734 1112 2772 deformitatem3
1136 2734 1233 2764 visam
1257 2733 1374 2764 scilicet
1396 2733 1434 2763 ab
1459 2733 1521 2762 Ac-

996 2784 1016 2813 Z
