1763 3181
226 179 313 220 360
615 178 665 218 Ρ.
699 177 911 218 OVIDII
945 177 1224 218 NASONIS

229 294 390 341 Dulce
416 293 568 349 dedit,
592 300 724 340 tosta
745 292 878 355 quod
897 299 1102 340 coxerat
1127 299 1241 339 ante
1266 293 1483 355 polenta.
1511 294 1609 339 450

228 371 362 417 Dum
386 370 515 418 bibit
537 370 622 416 illa
645 370 832 424 datum,
861 369 969 416 duri
995 385 1118 432 puer
1142 369 1238 416 oris
1264 376 1315 416 et
1339 369 1502 416 audax

228 447 468 494 Constitit
485 454 600 494 ante
623 447 810 503 Deam3
840 447 1063 510 risitque,
1087 447 1382 509 avidamque
1400 446 1608 494 vocavit.

230 524 436 571 Offensa
459 531 563 581 est;
593 540 757 587 neque
782 524 942 571 adhuc
968 531 1117 588 epota
1139 532 1296 588 parte,
1323 524 1609 587 loquentem

229 601 359 648 Cum
384 601 573 664 liquido
599 601 756 649 mixta
778 601 997 665 perfudit
1021 601 1149 648 Diva
1173 601 1390 665 polenta.
1511 602 1607 647 454

231 677 485 726 Combibit
502 695 556 725 os
577 679 796 726 maculas
813 697 823 735 ;
853 685 918 734 et,
936 694 1037 741 qua
1053 678 1200 725 modo
1219 677 1421 725 brachia
1439 676 1610 740 gessit,

228 755 387 803 Crura
410 756 564 818 gerit:
604 756 763 803 cauda
787 762 864 803 est
887 755 1091 802 mutatis
1114 755 1286 802 addita
1309 754 1572 810 membris;

226 832 387 896 Inque
408 834 608 881 brevem
632 833 855 890 formam,
884 849 946 880 ne
968 832 1033 880 sit
1056 833 1128 879 vis
1154 847 1334 895 magna
1359 830 1587 888 nocendi,

227 909 574 967 Contrahitur3
604 926 855 974 parvaque
880 909 1038 957 minor
1059 925 1291 957 mensura
1310 909 1496 956 lacerta
1515 915 1606 955 est.

225 985 510 1043 Mirantem,
553 987 875 1051 flentemque,
920 995 970 1036 et
1013 995 1217 1050 tangere
1261 994 1482 1034 monstra
1522 1001 1608 1050 pa-

423 1071 614 1112 rantem

226 1140 374 1204 Fugit
398 1157 563 1199 anum,
590 1143 936 1205 latebramque
961 1143 1117 1207 petit;
1159 1149 1432 1206 aptumque
1458 1140 1607 1188 colori

224 1217 422 1267 Nomen
447 1220 613 1277 habet,
639 1219 784 1267 variis
811 1220 1036 1268 stellatus
1062 1235 1270 1284 corpora
1290 1218 1461 1281 guttis.
1511 1220 1604 1265 461

291 1295 426 1349 Quas
454 1296 564 1343 Dea
588 1313 676 1360 per
699 1303 872 1353 terras,
899 1305 950 1344 et
974 1313 1099 1360 quas
1124 1297 1357 1344 erraverit
1381 1295 1556 1351 undas,

225 1371 405 1421 Dicere
429 1373 578 1436 longa
602 1389 738 1420 mora
763 1380 866 1421 est:
908 1373 1150 1436 quaerenti
1175 1372 1332 1421 defuit
1355 1372 1505 1419 orbis.

263 1507 337 1537 450.
363 1507 461 1537 Dulce
478 1507 619 1538 absolute
633 1507 780 1549 positum,
795 1513 831 1538 ut
845 1509 882 1539 τὸ

223 1556 326 1597 γλυκὺ
343 1556 473 1588 Graecis.
521 1557 618 1592 Tosta,
633 1566 688 1598 pro
713 1564 798 1592 testa,
815 1567 881 1587 cor-

222 1604 302 1634 rexit
317 1604 475 1635 Barthius.
515 1605 644 1636 Polenta
657 1617 667 1642 ,-
692 1606 731 1636 ab
745 1605 882 1647 Orpheo,

219 1654 251 1685 in
276 1654 442 1695 fragment.
459 1660 587 1685 vocatur
605 1653 737 1691 κυκεὼν,
760 1654 883 1691 cinnus,

220 1703 304 1745 potio
320 1703 462 1734 confecta
486 1715 503 1734 e
526 1709 606 1734 tosta
626 1703 763 1745 polenta,
779 1704 882 1739 melle,

220 1752 305 1788 vino,
320 1752 456 1789 floribus,
473 1752 640 1794 herbisque
659 1753 763 1784 variis.
800 1753 881 1784 Vide

219 1802 369 1832 Munker.
392 1801 432 1832 ad
453 1802 598 1833 Laetant.
619 1808 792 1843 argument.
816 1802 882 1833 Fis-

221 1850 306 1881 cheri
319 1850 463 1881 Iudicem
476 1862 484 1888 3
510 1850 768 1893 Theophrastem‚
783 1851 814 1882 in
829 1863 880 1882 κυ-

220 1899 311 1930 κεών.
355 1898 473 1930 Arnob.
496 1899 530 1930 d.
546 1899 568 1930 l.
583 1901 697 1941 oggerit
721 1901 881 1940 potionem,

222 1947 368 1984 Cinfnum,
406 1959 559 1989 cyceonem
596 1960 685 1988 quam.
723 1957 882 1989 nuncupat

221 1996 339 2028 Graecia
351 2008 362 2034 ‚·
386 1996 532 2038 idemque
556 2008 573 2028 e
596 1997 759 2028 Clemente
781 1997 880 2035 addit,

218 2045 251 2076 in
277 2046 455 2087 Mystarum
483 2045 631 2087 symbolis
656 2046 769 2078 fuisse:
792 2049 880 2086 jeju-

218 2097 300 2131 navi,
329 2101 417 2136 atque
442 2096 516 2126 ebibi
543 2106 709 2135 cyceonem.
762 2095 880 2137 Cyceo-

218 2154 290 2174 nem
313 2144 409 2176 Ceres
425 2144 516 2186 juxta
530 2144 682 2175 Antonin.
699 2144 731 2175 d.
746 2144 769 2175 l.
785 2145 882 2176 ebibit

217 2191 356 2234 ἀθρόως,
382 2193 414 2224 id
436 2200 494 2231 est,
518 2193 652 2235 ἀμυστὶ,
676 2204 736 2225 uno
760 2195 880 2236 spiritu,

219 2241 361 2283 adeoque
387 2245 483 2274 avide.
529 2243 622 2279 Puer,
644 2242 726 2274 filius
749 2243 881 2275 Mismes

219 2290 389 2322 secundum
419 2291 627 2322 Nicandrum.

218 2339 342 2381 signum
358 2340 574 2383 impudentiae.

262 2390 338 2420 455.
365 2390 508 2420 Combibit
529 2401 558 2420 os
577 2392 720 2427 maculas,
745 2390 881 2432 exquisi-

218 2436 292 2473 tius,
310 2449 417 2479 quam,
433 2438 574 2474 attraxit,
593 2439 728 2481 accepit.
761 2439 881 2472 Anton.

219 2485 343 2527 ἐγένετο
379 2487 535 2525 ποικίλος.
588 2488 735 2520 Not-endi.
772 2489 879 2520 Codex

220 2534 340 2576 Regius
368 2536 405 2573 B,
430 2538 579 2576 loquendi,
605 2537 689 2578 quod
714 2537 791 2569 forte
821 2549 882 2568 non

218 2583 432 2625 rejiciendum,
455 2585 541 2627 quia,
566 2592 601 2616 ut
625 2596 662 2617 ex
691 2585 881 2628 loquacitate

218 2633 335 2664 malurn
351 2634 447 2671 venit,
460 2634 485 2665 si
502 2634 649 2666 minuitur
664 2635 812 2677 loquendi
829 2647 883 2678 po·

218 2688 325 2719 testaS,
349 2684 497 2715 minuitur
520 2695 643 2726 quoque
669 2684 803 2716 facultas
829 2696 881 2716 no-

222 2730 324 2761 cendi.

689 2292 811 2323 Durum
841 2304 880 2329 os,

994 1508 1068 1538 459.
1094 1508 1233 1537 Monstra
1256 1505 1438 1536 mirabiliter
1467 1505 1613 1547 exprimit

950 1561 1101 1587 mutatam
1116 1556 1259 1586 sormam.
1284 1556 1396 1595 Aptum
1411 1556 1525 1592 colori,-
1541 1558 1609 1586 stel-

951 1607 990 1635 lio
1005 1605 1087 1636 enim
1103 1615 1200 1646 genus
1215 1605 1351 1636 lacertae.
1387 1604 1524 1635 Maculae
1540 1614 1610 1646 pas-

950 1656 1007 1686 sim
1033 1661 1184 1686 vocantur
1209 1661 1317 1696 guttce.
1375 1655 1481 1691 Quum
1509 1653 1612 1685 stellio

951 1704 1072 1736 Graecis
1105 1703 1295 1744 ἁσκάληβος
1327 1702 1493 1738 diceretur,
1523 1703 1612 1743 (vide

951 1753 1056 1784 Schol.
1072 1752 1226 1784 Nicandri
1242 1752 1281 1783 ad
1298 1752 1392 1783 Alex.
1406 1751 1499 1791 128.)
1514 1751 1610 1782 Mell-

950 1813 1083 1833 mannus
1111 1807 1212 1844 putat,
1239 1802 1320 1832 hanc
1350 1800 1611 1843 metamorphosin

949 1858 1046 1883 ortam
1065 1862 1133 1883 esse
1153 1862 1191 1883 ex
1216 1850 1397 1882 confusione
1417 1860 1488 1881 cum
1510 1856 1611 1881 trans—

948 1900 1129 1931 formatione
1151 1906 1314 1941 sequente,
1330 1909 1393 1930 ver.
1409 1900 1486 1930 539.
1502 1904 1555 1930 aut
1570 1898 1611 1929 ad

949 1949 1127 1991 exemplum
1143 1949 1209 1991 ejus
1224 1949 1340 1980 fictam.

992 1999 1176 2030 462—550.
1213 1999 1295 2033 Quas
1324 1998 1389 2029 Dea
1420 2008 1472 2037 per
1501 2003 1609 2034 terras,

949 2048 1030 2088 etc.]
1071 2048 1166 2078 Ceres
1186 2058 1283 2088 quum
1306 2057 1343 2078 ex
1359 2046 1518 2077 Arethusa
1538 2056 1611 2087 cog-

948 2096 1084 2128 novisset
1113 2102 1236 2138 raptum
1266 2096 1469 2138 Proserpinae,
1497 2096 1609 2127 Jovem

948 2146 1080 2188 supplex
1103 2145 1201 2182 addit,
1217 2146 1271 2187 qui
1293 2156 1329 2176 ea
1354 2146 1423 2186 lege
1444 2145 1541 2176 filiam
1564 2156 1611 2177 re—

948 2195 1013 2237 peti
1028 2205 1118 2237 posse
1134 2194 1330 2236 pronunciat,
1349 2194 1373 2225 si
1390 2195 1490 2225 nullos
1505 2201 1612 2236 gusta-

948 2244 1026 2274 verit
1054 2244 1152 2275 cibos.
1198 2244 1384 2283 Ascalaphus
1413 2250 1528 2279 autem,
1557 2243 1611 2285 qui

947 2303 1016 2324 eam
1039 2292 1253 2324 comedentem
1269 2291 1401 2328 viderat,
1416 2302 1542 2334 remque
1562 2292 1611 2324 in-

948 2342 1118 2377 dicaverat,
1131 2348 1269 2372 mutatur
1278 2342 1310 2372 in
1322 2342 1489 2372 bubonem.
1514 2342 1611 2372 Erra-

948 2394 1034 2422 verit.
1080 2392 1204 2422 Errores
1218 2391 1287 2421 illos
1307 2389 1486 2421 describunt
1502 2390 1610 2432 hymn.

950 2440 1043 2470 Hom.
1055 2440 1095 2470 43
1111 2450 1181 2481 sqq.
1195 2451 1203 2477 ;
1226 2439 1353 2471 Callim.
1369 2438 1440 2475 viii;
1464 2439 1612 2480 Apollod.

948 2491 977 2521 Ι.
994 2501 1024 2520 ν.
1044 2491 1080 2527 l;
1115 2489 1227 2520 Noster
1254 2489 1332 2530 ipse,
1348 2489 1434 2519 Fast.
1455 2490 1518 2520 455
1540 2499 1611 2531 sqq.

952 2540 1060 2580 Defuit
1077 2540 1163 2574 orbis,
1180 2538 1267 2569 nulla
1281 2537 1432 2580 superfuit
1446 2548 1517 2579 pars
1530 2538 1612 2569 orbis

950 2594 1109 2623 terrarum,
1140 2587 1192 2618 ubi
1221 2592 1384 2627 quaereret.
1431 2587 1563 2623 Sicania,
1593 2598 1612 2618 a

950 2636 1082 2672 Sicanis,
1097 2636 1150 2678 qui
1166 2647 1204 2667 ex
1221 2636 1324 2666 Iberia
1345 2635 1607 2677 immigraverant.

948 2685 1090 2727 Thucyd.
1102 2685 1145 2716 vi.
1157 2686 1187 2716 2.
1205 2686 1313 2715 Omnia
1325 2687 1484 2720 narnisset,
1496 2695 1607 2727 nempe

951 2734 1078 2765 mutatis
1094 2740 1198 2765 manet
1213 2744 1321 2765 sensus
1336 2733 1492 2773 pristinus.
