1763 3181
232 196 314 237 174

615 196 666 238 Ρ.
699 194 910 238 OVIDII
943 193 1222 236 NASONIS

236 311 563 358 Dissimulant
580 312 788 375 plumae;
827 310 1108 373 collumque
1133 325 1160 357 e
1185 315 1387 373 pectore
1411 308 1611 370 longum

237 387 528 450 Porrigitur,
545 388 830 451 digitosque
844 387 967 449 ligat
979 388 1214 450 junctura
1231 386 1487 432 rubentes:
1516 385 1613 430 375

237 464 412 512 Penna
428 465 557 512 latus
574 464 743 521 vestit;
771 469 910 511 tenet
933 479 987 509 os
1009 463 1114 510 sine
1133 462 1359 510 acumine
1377 469 1613 508 rostrum:

238 540 319 588 Fit
343 557 468 589 nova
493 541 698 605 Cycnus
723 540 841 596 avis,
868 555 960 587 nec
987 555 1040 587 se
1063 539 1305 603 coeloque,
1331 537 1543 601 Jovique

239 617 427 674 Credit,
455 626 511 666 ut
534 619 715 682 injuste
739 617 877 664 missi
901 633 1089 665 memor
1113 616 1239 679 ignis
1265 617 1326 663 ab
1351 615 1450 671 illo,

240 694 429 758 Stagna
446 696 586 759 petit,
604 696 904 759 patulosque
919 695 1079 751 lacus3
1108 694 1375 756 ignemque
1393 707 1618 756 perosus,

239 769 363 825 Quae
388 772 535 828 colat,
563 771 714 834 elegit
737 770 982 818 contraria
1004 770 1208 818 flumina
1231 769 1458 817 flammis.
1521 770 1619 814 380

311 848 580 911 Squalidus
596 849 783 896 interea
799 848 991 911 genitor
1006 847 1350 902 Phaethontis,
1369 852 1420 894 et
1440 859 1621 909 expers

242 924 359 988 Ipse
384 926 459 973 sui
484 926 693 982 decoris,
721 926 898 990 qualis,
925 941 1079 989 quum
1110 925 1278 973 deficit
1300 925 1486 980 orbem,

243 1002 368 1051 Esse
393 1003 545 1061 solet3
585 1004 850 1066 lucemque
882 1003 1002 1058 odit,
1029 1018 1184 1065 seque
1208 1002 1332 1066 ipse,
1358 1000 1621 1063 diemque;

243 1078 446 1143 Datque
467 1080 685 1128 animum
705 1080 755 1127 in
772 1080 936 1127 luctus
949 1097 960 1137 ;
990 1086 1040 1126 et
1057 1078 1272 1126 luctibus
1289 1077 1459 1141 adjicit
1474 1077 1620 1134 iram;

245 1156 578 1221 Officiumque
592 1165 742 1221 negat
755 1156 956 1205 mundo.
987 1162 1017 1180 “
1032 1155 1214 1213 Satis,'’
1225 1154 1402 1219 inquit,
1414 1161 1444 1179 “
1457 1154 1520 1202 ab
1535 1152 1625 1201 aevi

245 1311 348 1353 prodit
381 1311 513 1344 Ovidius
548 1313 754 1345 inexhaustas
789 1313 905 1355 ingenii

247 1361 362 1403 copias,
377 1361 541 1404 verbisque
565 1362 695 1394 delectis
716 1363 817 1406 pingit
839 1363 904 1394 ani-

245 1410 398 1442 mantium
435 1416 571 1444 naturas.
625 1412 740 1444 Confer
775 1413 905 1444 similem

247 1460 461 1498 mutationem,
499 1461 561 1494 xiv.
600 1463 662 1493 499
698 1473 770 1504 sqq.
818 1463 907 1493 Canae

246 1510 367 1548 plumae.
427 1510 602 1550 Candidae;
640 1511 790 1553 Virgilius
823 1511 907 1543 dicto

248 1558 315 1589 loco
337 1559 365 1590 ei
388 1566 553 1591 canentem
574 1560 661 1591 molli
676 1561 786 1603 pluma
799 1571 906 1592 senec-

248 1614 312 1638 tam
330 1608 447 1639 tribuit.

293 1657 368 1688 374.
419 1658 653 1699 Βὶ.ς5ὶνηιιὶαηί.]
703 1658 909 1690 Dissimulare

249 1705 406 1747 eleganter
427 1706 540 1737 dicitur
561 1707 669 1744 forma,
685 1709 741 1738 sub
763 1718 827 1749 qua
841 1707 910 1748 quis

250 1755 336 1786 latet.
382 1755 510 1786 Heroid.
526 1755 567 1787 iv.
580 1758 622 1787 56
636 1769 643 1794 3
670 1764 758 1788 tauro
772 1758 908 1787 dissimu-

251 1805 333 1835 lame
353 1804 465 1836 Jovem.
511 1805 593 1836 Hinc
614 1806 704 1841 infra,
721 1807 794 1837 371.
809 1817 862 1836 nec
883 1816 911 1836 se

249 1855 437 1893 rlissimulat3
461 1855 503 1884 ix.
526 1855 576 1885 76.
592 1855 636 1886 sic
660 1857 767 1887 celare.
811 1855 908 1886 Junc-

252 1909 333 1938 tura,
349 1903 498 1934 cuticula.

296 1952 370 1982 376.
394 1952 501 1988 Latus,
517 1953 602 1983 alas:
630 1964 700 1985 nam
720 1965 822 1993 permae
838 1960 910 1984 sunt

253 2001 373 2032 alarum
385 2012 394 2039 ;
414 2002 525 2040 plumis
540 2008 644 2034 autem
659 2002 787 2044 reliquae
804 2013 911 2044 corpo·

252 2050 293 2081 ris
307 2056 409 2092 partes
419 2051 575 2081 velantur.
615 2052 737 2083 Vestire.
773 2052 861 2082 Bene
872 2052 911 2084 de

254 2098 374 2141 pennis,
392 2098 517 2140 plumis,
533 2099 686 2132 crinibus:
711 2100 783 2131 vide
799 2100 908 2132 Heius.

257 2148 345 2179 Tenet
361 2159 399 2184 os,
414 2154 548 2190 occupat
568 2148 671 2180 locum
694 2149 767 2180 oris.
813 2150 863 2180 Ita
882 2156 913 2180 et

254 2207 318 2229 ver.
333 2198 406 2228 830.

298 2247 372 2277 377.
398 2246 460 2277 Nec
487 2258 515 2277 se
541 2249 678 2289 cce-laque.
704 2248 782 2289 etc.]
815 2247 913 2280 Prisci

254 2300 354 2337 poetae
390 2295 421 2326 in
450 2295 603 2337 fingendis
630 2297 745 2328 sabulis
771 2302 912 2328 naturam

255 2345 460 2376 animantium
497 2347 619 2388 sequuti
653 2353 762 2385 erant3
799 2347 915 2378 Noster

259 2399 364 2424 autem
393 2393 444 2425 hic
473 2400 504 2425 et
531 2395 605 2426 alibi
631 2395 747 2437 passim
774 2402 915 2427 naturam

255 2453 361 2474 earum
386 2454 403 2473 e
427 2444 541 2475 sabulis
567 2445 690 2486 repetit.
740 2445 867 2477 Credere
888 2458 916 2477 se

256 2492 419 2528 elemento,
435 2493 467 2523 in
486 2504 547 2534 quo
572 2499 742 2530 moventur,
758 2494 917 2536 eleganter

258 2541 404 2572 dicuntur
424 2542 605 2574 animantia.
649 2543 699 2573 Sic
717 2549 749 2575 et
767 2550 869 2574 nautae
887 2555 915 2575 se

258 2592 386 2621 credunt
413 2592 500 2622 mari.
547 2592 591 2622 Ut
616 2598 758 2623 naturam
782 2592 873 2633 cycni
897 2604 913 2622 e

258 2639 362 2670 fabula
377 2640 532 2682 explicare
548 2648 661 2682 posset,
674 2641 831 2682 ingeniose
847 2642 914 2672 Jori

258 2687 359 2727 posuit
382 2688 412 2719 in
435 2689 550 2731 dilogia
573 2690 611 2720 de
637 2700 706 2721 aere
729 2696 760 2720 et
783 2690 821 2721 de
846 2691 914 2721 Deo

259 2746 389 2767 summo.
421 2739 576 2770 Caeterum
592 2746 623 2770 et
636 2740 665 2769 in
678 2749 749 2770 aera
760 2739 913 2770 interdum

972 1312 1038 1344 haec
1055 1311 1121 1344 avis
1135 1322 1166 1343 se
1182 1311 1273 1343 tollit.
1320 1311 1457 1346 Per-osus,
1474 1314 1508 1341 ut
1519 1319 1628 1345 exosus,

971 1362 1025 1404 qui
1040 1361 1111 1392 odio
1125 1361 1231 1392 habet.

1014 1411 1194 1443 381—400.
1209 1411 1370 1451 Squalidus
1383 1408 1524 1450 interea]
1554 1407 1627 1439 Non

972 1460 1144 1503 episodium
1158 1459 1282 1495 inutile,
1300 1464 1335 1490 ut
1349 1457 1528 1490 Schirachio
1542 1456 1629 1489 vide-

971 1510 1074 1545 batur,
1099 1508 1154 1539 sed
1179 1519 1249 1550 pars
1273 1508 1336 1538 fab.
1360 1507 1399 1539 de
1423 1506 1630 1543 Phaethonte,

975 1569 1069 1601 quam
1083 1564 1175 1600 poeta
1187 1557 1310 1588 distulit
1323 1557 1355 1588 in
1370 1557 1402 1588 h.
1413 1558 1434 1588 l.
1446 1557 1520 1599 quia
1529 1556 1631 1598 Cycni

974 1609 1105 1639 mutatio
1116 1613 1200 1638 arcte
1215 1617 1338 1638 annexa
1348 1606 1517 1638 Heliadum
1532 1612 1633 1637 trans-

975 1657 1162 1688 formationi.
1204 1657 1302 1687 Facta
1315 1662 1421 1687 autem
1434 1656 1503 1687 haec
1518 1666 1555 1687 eo
1569 1655 1631 1692 dje‚

976 1707 1030 1749 qui
1054 1707 1120 1738 sine
1143 1706 1215 1737 Sole
1236 1707 1312 1742 ibat,
1332 1717 1394 1737 ver.
1417 1707 1492 1737 330.
1541 1705 1636 1737 Pater

975 1756 1120 1798 lugebat3
1145 1756 1288 1797 lugentes
1308 1755 1481 1797 negligunt,
1497 1766 1567 1797 quae
1583 1756 1633 1786 de-

976 1816 1028 1836 cus
1046 1805 1180 1837 afferunt
1202 1804 1332 1846 corpori,
1349 1804 1489 1846 talesque
1507 1806 1637 1845 squalidi

977 1855 1132 1886 dicuntur.
1179 1855 1314 1895 Deficere
1345 1854 1386 1885 de
1415 1864 1529 1885 occasu
1563 1854 1636 1886 solis

976 1904 1089 1946 legitur
1107 1904 1247 1946 Propert.
1261 1903 1323 1934 ΙΙΙ.
1338 1903 1383 1934 iii.
1399 1904 1439 1934 44
1452 1917 1458 1934 :
1483 1916 1543 1944 qua
1557 1906 1637 1935 venit

977 1955 1118 1990 exoriens,
1133 1965 1190 1994 qua
1206 1954 1316 1994 deficit.
1360 1953 1421 1984 Sed
1440 1964 1523 1985 nunc
1538 1953 1636 1996 eclip-

977 2003 1020 2035 sis
1029 2003 1224 2045 intelligitur,
1232 2012 1295 2044 qua
1303 2009 1335 2034 et
1344 2003 1412 2045 ipsa
1421 2003 1474 2034 Sol
1485 2004 1638 2044 squalidus

979 2052 1113 2089 videtur,
1134 2063 1231 2094 quum
1254 2051 1331 2082 alias
1351 2055 1446 2082 niteat
1469 2059 1524 2083 aut
1544 2060 1635 2092 caput

978 2102 1109 2132 nitidum
1127 2106 1225 2142 gerat.
1272 2101 1384 2142 Deficit
1398 2102 1505 2137 orbem,
1522 2102 1572 2133 vel
1587 2112 1636 2134 or-

978 2151 1050 2182 bem
1068 2156 1216 2182 terrarum
1239 2151 1309 2182 luce
1331 2161 1388 2182 sua
1408 2150 1559 2188 destituit,
1576 2162 1639 2183 non

979 2200 1151 2236 collustrat,
1165 2199 1217 2230 vel
1236 2210 1326 2231 suum
1344 2199 1450 2231 orbem
1469 2206 1525 2231 aut
1539 2206 1638 2232 totum

980 2255 1034 2280 aut
1048 2260 1086 2280 ex
1099 2256 1186 2291 parte
1201 2249 1363 2280 obscurat:
1389 2260 1451 2290 quo
1470 2249 1638 2292 posteriore

979 2308 1070 2329 sensu
1082 2304 1113 2329 et
1127 2298 1288 2329 commode
1301 2308 1371 2329 cum
1384 2298 1454 2330 aliis
1465 2298 1527 2341 legi
1538 2305 1639 2341 potest

981 2349 1056 2379 orbe.
1097 2347 1171 2379 vid.
1192 2347 1353 2389 Virgilius,
1379 2348 1493 2390 Georg.
1516 2348 1538 2380 i.
1561 2350 1638 2381 442.

982 2397 1035 2428 ubi
1053 2397 1199 2428 Conditus
1220 2399 1251 2427 in
1274 2398 1379 2428 nubem
1395 2399 1543 2439 medioque
1558 2399 1641 2440 νςήι-

979 2448 1059 2487 gerit
1075 2447 1151 2476 orbe.
1181 2446 1290 2477 Maesti
1306 2446 1401 2476 lucem
1411 2446 1512 2478 odisse
1521 2447 1639 2486 solent3

981 2495 1013 2526 id
1034 2495 1149 2537 optime
1173 2495 1355 2526 translatum
1373 2494 1412 2525 ad
1427 2495 1543 2531 Solem',
1560 2495 1639 2527 lucis

981 2550 1148 2575 auctorem.

1025 2595 1098 2624 385.
1122 2594 1211 2629 Satis,
1227 2595 1334 2634 inquit,
1349 2594 1426 2635 etc.]
1454 2594 1641 2626 Verissimus

982 2653 1081 2673 sermo
1105 2653 1221 2678 eorum,
1235 2643 1348 2684 quibus
1368 2649 1477 2684 praeter
1497 2643 1640 2674 meritum

983 2692 1146 2723 calamitas
1169 2693 1208 2722 ab
1231 2691 1300 2722 aliis
1324 2692 1422 2724 illata.
1468 2692 1584 2728 Honor,
1605 2698 1639 2722 ut

982 2742 1055 2771 285.
1096 2743 1200 2782 figere,
1217 2741 1378 2776 ἐλαύνειν,
1391 2741 1428 2772 de
1446 2742 1562 2783 auriga.
1608 2741 1640 2770 Si
