1729 3207
200 213 283 255 120

600 214 649 254 Ρ.
683 211 894 254 OVIDII
932 211 1211 252 NASONIS

268 327 415 374 VIII.
457 327 550 374 Est
570 343 744 374 nemus
765 325 1054 380 Haemoniae,
1077 333 1322 389 praerupta
1340 325 1472 388 quod
1493 341 1580 371 un-

399 404 551 467 dique
577 404 764 452 claudit

205 482 367 529 Silva:
408 489 586 529 vocant
609 481 814 545 Tempe,
838 497 925 545 per
950 497 1061 544 quae
1087 480 1304 537 Peneus,
1332 480 1394 527 ab
1420 480 1517 526 imo

204 557 405 605 Effusus
431 558 609 613 Pindo,
638 557 884 622 spumosis
910 558 1119 604 volvitur
1143 557 1317 613 undis;

1488 559 1584 603 570

203 634 518 697 Dejectuque
544 635 677 697 gravi
703 642 878 682 tenues
905 633 1143 697 agitantia
1167 633 1327 680 fumos

203 710 391 759 Nubila
414 712 663 768 conducit,
691 727 1011 774 summasque
1037 710 1299 774 aspergine
1325 709 1471 756 silvas

204 787 438 852 Impluit3
479 796 529 836 et
554 790 718 837 sonitu
743 790 856 853 plus
881 805 1031 852 quam
1055 789 1216 836 vicina
1241 788 1430 850 fatigat.

242 941 423 972 568—750.
456 941 605 972 Fabulam
633 942 690 973 Jfis
721 941 861 984 Asclepi-

201 989 273 1025 ade,
290 989 451 1027 Acusilao,
467 991 604 1022 Hesiodo
627 991 771 1027 ducibus,
792 1001 862 1021 nar-

200 1043 305 1069 rarunt
319 1038 426 1081 Apoll.
440 1039 484 1070 II.
498 1039 519 1070 i.
534 1041 575 1078 33
598 1041 682 1082 Hyg.
697 1040 762 1071 fab.
782 1041 862 1075 1453

201 1087 306 1118 Valer.
340 1088 425 1119 Flac.
452 1088 568 1130 Argon.
594 1089 635 1120 iv.
668 1090 730 1120 353
767 1100 860 1131 sqq.;

200 1137 323 1174 Noster,
339 1138 397 1179 Ep.
412 1137 476 1169 xiv.
495 1140 535 1169 85
554 1149 622 1180 sqq.
667 1139 769 1169 Etiam
785 1140 858 1170 AEs-

200 1185 283 1226 chyl.
315 1186 418 1217 Prom.
447 1188 629 1218 563—892.
657 1187 779 1218 induxit
812 1188 858 1224 Io,

199 1244 380 1276 quanquam
403 1236 551 1267 nonnulla
573 1246 610 1267 ex
634 1236 707 1266 fatis
731 1236 809 1278 ejus,
825 1243 860 1268 ut

199 1283 327 1314 consilio
368 1295 423 1315 suo
459 1285 689 1326 responderent,
723 1285 858 1318 novavit.

198 1332 286 1363 Idem
311 1339 526 1374 argumentum
551 1334 582 1365 in
605 1334 681 1364 solio
702 1335 857 1375 Amyclaei

200 1392 379 1423 expressum
403 1389 483 1419 erat,
507 1385 602 1415 Paus.
627 1383 670 1414 iii.
698 1386 746 1415 18.
771 1391 802 1415 et
826 1385 857 1416 in

199 1431 309 1472 clypeo
333 1432 440 1468 Turni,
469 1432 523 1474 qui
548 1444 646 1474 genus
669 1434 708 1464 ab
738 1433 856 1464 Inacho

199 1480 346 1516 ducebat,
359 1481 470 1522 Virgil.
484 1481 611 1513 AEneid.
629 1482 683 1513 vii.
697 1483 771 1514 789.
796 1483 855 1513 At-

200 1540 260 1570 que
281 1530 375 1561 etiam
395 1531 484 1562 hodie
502 1531 534 1562 in
552 1531 683 1573 gemmis
704 1533 855 1574 conspici—

199 1585 260 1611 tur.
299 1580 380 1611 Vide
401 1580 541 1622 Lipperti
560 1582 690 1623 Dactyl.
705 1582 751 1613 II.
766 1582 788 1613 i.
805 1584 855 1614 18.

198 1630 354 1665 Quoniam
383 1629 415 1660 Io
443 1630 473 1660 in
499 1629 684 1671 Argivorum
712 1631 856 1669 dialecto,

200 1683 325 1708 notante
350 1678 493 1709 Eustath.
521 1679 559 1710 ad
582 1679 704 1720 Perieg.
726 1681 779 1716 92,
805 1681 854 1711 lu-

199 1737 271 1757 nam
287 1727 490 1769 significabat,
507 1729 589 1759 lunae
611 1735 716 1760 autem
733 1730 855 1771 symbo-

199 1776 263 1807 lum
286 1777 402 1808 femina
424 1777 526 1820 capite
551 1784 678 1809 cornuto
700 1779 768 1815 fuit,
785 1779 856 1810 inde

199 1825 312 1856 sabulae
349 1826 440 1857 initia
471 1827 568 1857 ducta
604 1838 672 1858 esse
702 1827 855 1864 videntur,

198 1880 292 1905 aucta
326 1874 439 1906 deinde
476 1875 696 1908 additamentis
729 1877 856 1918 quibus-

198 1924 281 1954 dam.
327 1924 366 1954 Et
388 1935 483 1966 quum
504 1925 607 1956 Graeci
626 1936 673 1956 res
689 1927 857 1968 AEgyptias

197 1983 269 2003 cum
285 1972 348 2003 suis
368 1973 596 2015 permiscerent,
612 1975 647 2005 Io
662 1980 693 2005 ct
709 1975 856 2017 Epaphus

198 2021 275 2052 Isidi
303 2027 334 2052 et
358 2022 454 2065 Apidi
490 2023 653 2055 assimilari
682 2031 854 2066 coeperunt.

200 2071 280 2102 Vide
301 2071 413 2111 Heyne
437 2071 470 2103 in
488 2073 650 2113 Antiquar.
666 2074 855 2115 Aussaeczen,

200 2126 274 2151 tom.
298 2120 319 2152 i.
344 2133 374 2162 p.
400 2123 462 2159 4l;
485 2127 516 2153 et
541 2122 581 2153 ad
607 2122 756 2164 Apollod.
781 2123 812 2154 d.
834 2124 854 2155 l.

203 2171 255 2200 Est
281 2181 394 2207 nemus,
421 2176 481 2202 etc.
527 2172 588 2202 Hic
611 2172 768 2209 transitus,
793 2184 855 2214 quo

188 2219 357 2257 fluviorum
380 2226 542 2251 conventus
564 2219 700 2262 fingitur,
719 2232 791 2263 pars
809 2229 856 2253 est

197 2272 229 2298 et
244 2267 406 2309 superioris
421 2273 452 2299 et
464 2270 624 2310 sequentis
640 2269 764 2302 fabulae.
794 2271 854 2301 Lo-

198 2326 269 2346 cum
296 2316 378 2347 hunc
404 2317 562 2348 Haemoniae
587 2318 786 2358 (Thessalia),
814 2320 854 2350 ab

199 2365 349 2396 lIaemone
369 2376 452 2407 rege,
466 2367 605 2398 Thessali
620 2373 718 2410 patre,
734 2369 854 2404 Strabo.

197 2413 242 2444 ix.
258 2425 291 2456 p.
307 2415 387 2455 449)
411 2422 444 2446 ut
469 2416 714 2448 amoenissimum
738 2417 851 2448 descri-

199 2463 278 2494 bunt
300 2463 382 2495 Plin.
400 2464 442 2495 1⁷1.
463 2466 506 2496 N.
526 2465 566 2497 iv.
586 2467 615 2496 8.
638 2472 668 2496 et
680 2466 798 2498 AElian.
813 2468 853 2498 V.

199 2513 293 2544 1{.iii.
308 2515 335 2544 l.
369 2514 430 2545 Sed
446 2525 516 2546 cum
530 2515 644 2546 Ovidio
659 2516 769 2546 melius
781 2527 852 2547 con·

197 2562 290 2593 sentit
312 2563 378 2594 Liv.
401 2563 474 2594 xliv.
495 2565 527 2595 6.
564 2565 596 2595 Is
619 2567 727 2596 sultam
750 2572 850 2603 vocat,

198 2617 230 2641 et
254 2611 357 2642 xxxvi.
387 2613 434 2643 10.
454 2613 565 2654 som-es
591 2615 707 2651 saltus;
735 2614 850 2646 AElian.

197 2661 370 2691 convallem
395 2661 474 2692 inter
495 2663 663 2704 Olympum
686 2669 717 2694 et
738 2666 848 2694 Ossam

197 2719 257 2739 non
273 2709 438 2741 admodum
455 2711 560 2742 latam.
598 2712 634 2742 In
649 2723 685 2743 ea
702 2712 785 2743 varia
800 2725 848 2743 ne-

196 2770 276 2788 mora
291 2765 396 2790 aestate
411 2760 602 2791 suavissima.
641 2762 722 2792 llinc
739 2762 850 2792 Noster

930 952 1041 975 nemuS,
1057 946 1088 971 et
1103 939 1192 971 Mela
1206 939 1240 971 ii.
1259 941 1289 971 3.
1304 951 1386 972 sacro
1403 950 1516 971 nemore
1533 952 1582 969 uo-

929 991 1000 1021 bilia
1028 990 1144 1029 Tempe.
1194 989 1343 1030 Undique,
1358 990 1468 1020 dextra
1491 989 1586 1019 laeva-

929 1050 1001 1080 que.
1040 1039 1122 1069 Silva
1141 1045 1306 1078 praerupta,
1326 1038 1405 1069 silva
1421 1037 1452 1068 in
1474 1037 1584 1068 monti-

929 1089 987 1119 bus
1017 1087 1198 1130 praeruptis;
1227 1098 1299 1118 nam
1330 1098 1400 1129 quae
1430 1086 1586 1117 montibus

928 1137 1127 1173 conveniunt,
1153 1147 1190 1167 ea
1212 1143 1243 1168 et
1266 1136 1352 1168 silvis
1375 1136 1407 1167 in
1430 1136 1586 1167 montibus

927 1194 1025 1230 poetae
1043 1187 1191 1218 tribuunt.

969 1238 1044 1268 569.
1078 1236 1220 1277 Peneus]
1259 1237 1283 1267 F
1286 1235 1388 1267 iuvius
1415 1234 1585 1265 Thessaliae

927 1286 1145 1322 nobilissimus,
1175 1286 1207 1317 in
1235 1296 1329 1327 quem
1361 1283 1473 1326 reliqui
1502 1283 1586 1315 illius

926 1342 1012 1366 terra}
1033 1335 1118 1366 fluvii
1140 1334 1330 1366 influebant:
1358 1333 1478 1365 [Elian.
1496 1334 1528 1364 d.
1545 1333 1584 1372 l.;

926 1385 1054 1416 Callim.
1073 1385 1104 1415 h.
1128 1385 1204 1416 Del.
1228 1385 1299 1416 110.
1344 1384 1386 1421 Is,
1410 1383 1582 1415 secundum

925 1433 1044 1464 AElian.
1060 1444 1120 1464 non
1135 1435 1275 1474 spumosis
1290 1435 1380 1464 undis
1398 1444 1453 1475 per
1466 1433 1583 1475 Tempe

926 1483 1068 1519 volvitur,
1088 1483 1142 1514 sed
1164 1483 1259 1514 otiose
1280 1488 1312 1514 et
1331 1482 1453 1519 leniter,
1466 1481 1499 1512 in
1519 1492 1583 1512 mo-

924 1532 999 1564 dum
1023 1532 1094 1564 olei.
1132 1533 1250 1564 Verum
1272 1538 1304 1563 et
1327 1532 1452 1563 Livius:
1480 1531 1583 1562 Terret

925 1589 952 1613 et
973 1584 1088 1613 sonitus
1108 1589 1136 1613 et
1157 1584 1289 1613 altitudo
1307 1593 1359 1621 per
1374 1583 1498 1612 medium
1518 1583 1582 1612 val-

926 1633 981 1662 lem
991 1633 1123 1673 fluentis
1140 1632 1349 1662 Peneiumnis.
1372 1632 1414 1662 Is.
1451 1630 1582 1662 Vossius

924 1680 962 1711 ad
986 1681 1118 1711 Melam.
1133 1680 1179 1711 II.
1195 1680 1240 1711 iii.
1260 1681 1329 1717 176,
1349 1685 1381 1711 et
1399 1680 1440 1711 iv.
1456 1681 1509 1711 38.
1528 1687 1582 1711 aut

924 1730 1018 1760 verba
1033 1731 1069 1760 ab
1085 1732 1141 1760 imo
1159 1730 1257 1761 Pindo
1272 1735 1418 1772 corrupta
1435 1740 1513 1766 esse,
1530 1736 1584 1762 aut

924 1780 1030 1810 Penea
1045 1790 1082 1810 ex
1097 1779 1160 1810 alto
1176 1790 1230 1821 per
1246 1786 1366 1810 meatus
1382 1779 1514 1810 latentes
1528 1789 1581 1810 ca-

923 1828 1006 1864 dere,
1023 1828 1204 1870 priusquam
1218 1828 1250 1859 in
1265 1833 1466 1871 conspectum
1480 1839 1581 1859 erum·

923 1883 987 1918 pat,
1003 1878 1144 1919 putabat.
1182 1877 1282 1909 Male.

966 1927 1040 1957 570.
1065 1927 1211 1966 Spumosis
1236 1927 1352 1967 undis]
1387 1927 1460 1958 Non
1488 1927 1584 1959 fertur

923 1975 1047 2017 placido
1068 1986 1170 2012 cursu,
1186 1976 1240 2007 sed
1257 1976 1383 2017 rapido;
1407 1983 1438 2007 et
1452 1977 1491 2008 ob
1506 1988 1582 2009 saxa

922 2025 1052 2055 latentia
1069 2025 1151 2055 unda
1167 2025 1284 2067 spumis
1296 2025 1478 2056 incanescit.

966 2074 1039 2104 571.
1072 2074 1200 2114 Dejeclu
1228 2073 1348 2115 grath]
1381 2074 1581 2111 Veliementi,

922 2121 1072 2164 praecipiti
1088 2122 1189 2164 lapsu.
1236 2124 1378 2163 Dejertus
1392 2134 1453 2154 non
1468 2124 1526 2154 fuit
1542 2124 1582 2155 ad

923 2171 1049 2208 sontem,
1064 2172 1119 2203 sed
1135 2172 1188 2203 ubi
1209 2172 1308 2203 amnis
1329 2173 1434 2204 fauces
1449 2173 1519 2205 illas
1533 2173 1580 2205 in-

923 2221 1033 2252 trabat.
1072 2223 1244 2263 Agituntia,
1258 2233 1295 2253 ex
1312 2233 1344 2253 se
1364 2223 1580 2265 propellentia,

912 2270 1027 2311 jittnos,
1037 2271 1206 2312 particulas
1220 2281 1321 2313 aquae,
1335 2282 1466 2313 quarum
1479 2272 1579 2304 tenui-

923 2325 970 2349 tas
985 2319 1123 2350 imitatur
1140 2321 1268 2351 fumum.

965 2369 1038 2405 572,
1055 2369 1129 2400 573.
1156 2370 1315 2406 conducit,
1331 2369 1466 2400 excitat:
1491 2371 1579 2413 Virg.

920 2419 1058 2460 colligere
1081 2420 1579 2460 71abes—Summasque—impluit.

920 2468 1094 2498 Cacumina
1127 2470 1269 2500 arborum
1300 2470 1478 2505 astantium,
1508 2470 1578 2512 plu—

918 2516 976 2547 viae
999 2516 1172 2548 decidentis
1194 2517 1301 2551 instar.
1332 2518 1477 2559 aspergit.
1513 2519 1577 2550 Re-

919 2566 1020 2607 spexit
1044 2566 1110 2596 haec
1131 2566 1238 2597 Sidon.
1265 2566 1296 2598 ii.
1317 2568 1375 2609 Ep.
1401 2569 1455 2597 ll:
1480 2569 1571 2599 Arbo-

920 2625 985 2644 rum
1021 2617 1118 2651 comis,
1151 2627 1213 2656 quae
1251 2618 1383 2657 margini
1422 2618 1577 2651 insislunl,

916 2667 1086 2704 >11pe1jecla'
1109 2667 1274 2706 asperginis
1298 2667 1412 2705 fragor
1447 2667 1576 2706 impluit.

923 2714 968 2744 De
984 2725 1013 2745 v.
1029 2716 1171 2754 impluere
1190 2723 1221 2745 et
1234 2715 1384 2755 cognati&
1402 2715 1465 2746 vid.
1481 2716 1576 2746 Hein-

918 2763 991 2793 sius.
1046 2764 1320 2806 51⁷¹11111-J1111'1251112
1351 2765 1428 2795 adeo
1457 2765 1574 2806 strepit,
