1763 3181
198 182 283 223 {3:34

202 296 436 359 Assyrius
462 295 582 341 vidit
609 294 866 357 Lycabas3
901 295 1246 356 junctissimus
1272 294 1339 340 illi

587 180 635 220 P.
670 179 879 220 0less
917 179 1193 221 NASONIS

1525 298 1589 340 60

205 373 271 420 Et
295 388 478 427 comes,
506 379 556 418 et
579 373 678 419 veri
702 388 797 418 non
825 372 1159 419 dissimulator
1184 371 1391 419 amoris:

202 450 478 512 Postquam
503 449 821 496 exhalantem
847 450 940 496 sub
966 449 1144 496 acerbo
1164 448 1363 495 vulnere
1384 447 1533 494 vitam

205 524 495 589 Deploravit
520 525 701 581 Athin;
743 541 868 588 quos
894 526 975 573 ille
1000 525 1280 573 tetenderat
1304 540 1446 571 arcus

202 602 417 666 Arripit:
446 609 511 657 et,
541 608 571 625 “
595 601 798 649 Mecum
823 602 912 649 tibi
933 602 1032 649 sint
1056 601 1373 657 certamina‚⁷'
1399 600 1552 648 dixit:

204 686 233 703 “
264 679 370 726 Yec
396 679 596 740 longum
622 678 760 741 pueri
786 677 886 725 fato
911 679 1141 726 laetabere
1163 697 1173 735 ;
1216 694 1314 742 quo
1339 678 1451 742 plus

1527 678 1590 724 65

203 757 425 812 Invidiae,
447 772 598 819 quam
619 756 794 811 laudis,
812 756 1017 803 habes.'’
1056 755 1178 803 Haec
1197 756 1361 804 omnia
1374 755 1591 803 nondum

205 834 443 882 Dixerat:
485 833 688 881 emicuit
712 849 861 880 nervo
887 833 1193 897 penetrabile
1217 834 1399 889 telum;

207 911 529 973 Vitatumque
555 919 721 957 tamen
747 911 947 958 sinuosa
970 919 1106 958 veste
1131 911 1385 975 pependit.

203 988 365 1037 Vertit
390 988 438 1035 in
465 989 596 1036 hunc
622 989 809 1052 harpen
835 996 1111 1052 spectatam
1136 989 1271 1036 caede
1298 987 1525 1036 Medusae

203 1066 586 1122 Acrisioniades,
610 1066 868 1129 adigitque
893 1066 942 1113 in
967 1073 1144 1129 pectus
1170 1083 1179 1113 :
1220 1073 1270 1113 at
1293 1066 1375 1113 ille

1529 1067 1592 1110 70

203 1142 316 1189 Jam
341 1143 570 1197 moriens,
598 1141 755 1189 oculis
782 1142 875 1189 sub
900 1151 1046 1189 nocte
1071 1143 1354 1190 natantibus
1381 1150 1485 1189 atra

205 1219 577 1283 Circumspexit
597 1219 779 1276 Athin;
822 1236 977 1283 seque
1003 1220 1264 1267 acclinavit
1287 1220 1337 1266 in
1360 1219 1515 1275 illum,

206 1296 272 1343 Et
295 1297 410 1344 tulit
434 1297 496 1343 ad
522 1313 692 1344 manes
712 1298 902 1360 junctae
928 1297 1102 1345 solatia
1125 1297 1312 1344 mortis.

273 1373 406 1421 Ecce
434 1373 683 1437 SyeniteS‚
711 1374 904 1437 genitus
929 1374 1204 1431 Methione,
1232 1373 1474 1428 Phorbas,

207 1450 272 1497 Et
299 1450 452 1514 Libys
469 1451 852 1515 Amphimedon,
874 1452 1003 1500 avidi
1028 1452 1336 1499 committere
1355 1465 1590 1514 pugnam,

210 1527 481 1590 Sanguine,
510 1545 608 1591 quo
633 1529 777 1576 tellus
802 1530 900 1577 late
925 1530 1205 1577 madefacta
1227 1529 1446 1593 tepebat,

1530 1530 1592 1574 76

209 1604 546 1652 Conciderant
569 1606 723 1669 lapsi:
764 1607 1082 1669 surgentibus
1107 1606 1299 1654 obstitit
1324 1605 1472 1660 ensis,

208 1680 424 1729 Alterius
451 1682 618 1737 costis,
639 1683 815 1745 jugulo
843 1684 1143 1732 Phorbantis
1169 1685 1391 1731 adactus.

250 1853 301 1882 67.
328 1853 516 1884 Penelrubile
540 1854 652 1891 active,
678 1861 712 1885 ut
735 1855 864 1886 AEneid.

209 1913 239 1932 x.
256 1903 328 1932 481.
343 1904 524 1941 penetrabile
538 1904 642 1934 telum.

252 1951 304 1982 69.
324 1951 419 1982 Vertit
436 1952 578 1993 har-pen]
608 1953 712 1992 Harpe
726 1952 807 1982 ensis
822 1959 869 1984 est

208 2000 359 2031 Mercurii
388 2001 521 2032 falcatus
545 2013 607 2043 quo
636 2003 768 2033 Perseus
797 2002 867 2033 Me-

209 2049 294 2080 dusae
330 2056 424 2092 caput
460 2050 643 2093 amputavit.
689 2052 869 2091 Spectatum.

208 2098 394 2140 Spectantur
417 2110 464 2136 ea,
491 2111 622 2141 quorum
644 2106 755 2131 natura
777 2100 870 2131 certis

211 2148 431 2190 experimentis
460 2150 664 2190 cognoscitur.
723 2150 868 2180 Natanti-

211 2199 263 2227 Irus
279 2199 382 2228 oculis.
428 2198 522 2229 Oculi
543 2200 740 2230 morientium
762 2206 870 2230 natare

209 2246 366 2283 dicuntur,
382 2247 530 2289 quoniam
551 2248 669 2279 incerto
689 2254 776 2279 motu
790 2249 869 2279 fluc-

211 2301 301 2327 tuant
319 2309 327 2334 3
365 2297 409 2328 sic
438 2297 590 2339 Virgilius
626 2298 666 2329 de
704 2297 870 2340 Eurydice,

211 2346 329 2386 Georg.
352 2346 382 2376 iv
400 2358 406 2376 z
443 2347 521 2377 Fata
560 2354 677 2384 vocant,
714 2349 872 2388 conditque

211 2397 354 2426 natantia
389 2397 505 2427 Iumina
539 2408 667 2428 somnus.
715 2398 752 2429 Se
779 2398 871 2429 accli-

210 2447 296 2475 navit
315 2446 354 2475 ad
368 2446 475 2482 illum3
500 2445 684 2477 suavissima
698 2457 779 2477 mors
792 2458 869 2478 συν-

212 2493 367 2532 θνὴσκειν
386 2493 560 2533 θνήσκουσι
583 2496 700 2537 φίλοις.
729 2496 870 2538 Euripid-

210 2542 320 2585 Suppl.
339 2543 429 2574 1006.
454 2543 566 2585 Virgil.
582 2544 710 2576 AEneid.
731 2546 773 2576 ix.
798 2546 871 2577 444.

212 2590 309 2623 Nisus
324 2592 439 2623 cadens
454 2604 542 2633 super
556 2596 717 2624 exanimem
731 2605 788 2625 sese
802 2606 870 2635 pro-

201 2642 282 2678 jecit
305 2643 445 2673 amicum.
493 2642 742 2680 Tulit—solatia,
763 2649 823 2674 etc.
837 2649 872 2674 ut

216 2690 288 2719 191.
327 2689 446 2726 Florus,
468 2691 508 2721 iv.
535 2693 595 2722 18:
630 2695 730 2734 magni
750 2693 868 2734 famam

213 2740 296 2768 ducis
311 2741 348 2769 ad
364 2740 475 2777 inferos
489 2752 583 2771 secum
602 2742 684 2771 tulit.

980 1859 1031 1887 74.
1056 1858 1161 1898 Syene,
1178 1857 1251 1887 urbs
1272 1854 1404 1896 AEgypti
1429 1854 1461 1884 in
1483 1853 1595 1884 finibus

936 1906 1109 1948 AEthiopiae
1140 1907 1197 1937 sub
1226 1905 1294 1947 ipso
1323 1904 1437 1936 Cancri
1466 1902 1594 1945 tropico.

937 1955 1020 1986 Plin.
1035 1955 1067 1986 ii.
1084 1956 1124 1986 70
1136 1966 1161 1986 s.
1173 1956 1223 1986 75.
1247 1953 1382 1985 Ptolem.
1397 1952 1438 1983 iv.
1451 1954 1483 1983 5.
1521 1951 1594 1982 Ele-

935 2010 1044 2046 ganter
1068 2010 1173 2035 autem
1194 2008 1225 2034 et
1244 2002 1377 2045 patriam
1398 2007 1429 2032 et
1443 2011 1541 2043 genus
1554 2000 1595 2031 is—

936 2054 996 2085 tius
1033 2053 1220 2084 Phorbantis
1256 2051 1416 2087 describit,
1453 2061 1492 2082 ne
1525 2050 1595 2092 quis

936 2103 1116 2134 Phorbanta
1142 2102 1259 2133 Priami
1282 2102 1380 2132 filium
1406 2100 1453 2131 illi
1479 2111 1592 2142 pugnae

935 2153 1109 2184 interfuisse
1123 2157 1223 2194 putet.
1271 2150 1445 2192 Madefocta
1467 2151 1593 2190 tepebat.

938 2201 1051 2242 Virgil.
1085 2199 1215 2231 AEneid.
1246 2200 1290 2230 ix.
1321 2200 1408 2231 333:
1449 2198 1595 2240 tepefacta

937 2262 1042 2282 cruore
1059 2250 1151 2281 Terra
1174 2252 1287 2290 torique
1302 2251 1442 2286 modent5
1468 2248 1594 2279 Homer.

938 2299 1000 2330 Od.
1018 2303 1058 2330 A.
1075 2300 1136 2330 419
1151 2312 1157 2329 :
1183 2297 1321 2330 δάπεδον
1335 2297 1359 2329 δ’
1375 2298 1471 2329 ἅπαν
1482 2295 1596 2338 αἵματι

939 2348 1027 2380 Θῦεν.
1066 2349 1160 2379 Nunc
1176 2358 1248 2378 vero
1270 2357 1324 2389 pro
1346 2348 1461 2386 tepebat
1480 2355 1594 2388 expec-

939 2398 1036 2429 tasses
1053 2397 1139 2428 aliud
1154 2398 1295 2433 verbum,
1311 2396 1394 2438 quod
1410 2395 1596 2426 lubricitatis

938 2446 1093 2477 notionem
1119 2446 1309 2484 involveret3
1332 2455 1370 2476 ea
1392 2444 1475 2476 enim
1500 2454 1595 2475 causa

939 2495 1007 2531 fuit,
1023 2505 1078 2526 cur
1090 2494 1136 2525 illi
1152 2496 1339 2526 conciderent
1356 2495 1440 2534 lapsi,
1456 2493 1478 2524 i.
1493 2504 1521 2524 e.
1541 2503 1593 2524 co-

938 2544 990 2585 pia
1005 2543 1138 2586 poetica,
1154 2543 1342 2574 laberentur.
1380 2542 1456 2573 Late
1471 2552 1532 2573 non
1548 2547 1595 2572 est

937 2592 1131 2634 urgendum;
1165 2592 1279 2624 etenim
1311 2592 1413 2623 adhuc
1446 2602 1507 2622 non
1536 2590 1595 2622 nisi

937 2647 999 2673 tres
1034 2641 1245 2673 conciderant.
1290 2642 1498 2683 Sui-gentibus,
1529 2650 1595 2671 sur—

937 2701 1009 2731 gere
1024 2691 1221 2721 conantibus.
