1763 3181
211 179 296 220 256

599 179 648 218 P.
681 179 720 218 Ο
731 177 893 218 VIDII
928 176 1205 219 NASONIS

218 293 433 347 Numen,
461 299 511 339 et
530 292 785 355 Argolicas
809 292 1024 339 venienti
1050 292 1280 339 claudere
1307 299 1500 355 portas3

219 370 446 417 Penthea
468 369 673 416 terrebit
696 385 810 416 cum
833 369 949 416 totis
974 370 1165 417 advena
1188 368 1407 416 Thebis?

1500 371 1588 415 561

218 447 294 494 Ite
319 445 441 492 citi”
468 445 686 507 (famulis
711 445 803 492 hoc
831 445 1082 509 imperat‚)
1109 452 1139 469 “
1167 446 1250 501 ite,
1277 445 1557 507 ducemque

218 523 468 570 Attrahite
483 523 578 569 huc
593 522 814 569 vinctum
833 539 842 569 :
868 522 1020 584 jussis
1040 538 1177 569 mora
1191 521 1356 584 segnis
1376 519 1597 568 abest0.”

287 599 434 646 Hunc
475 614 609 653 avus,
643 600 774 646 hunc
800 597 1058 653 Athamas,
1087 599 1218 645 hunc
1254 604 1421 645 cetera
1455 597 1601 644 turba

420 691 619 722 suorum

222 752 509 816 Corripiunt
528 751 690 807 dictis,
718 750 997 814 frustraque
1022 750 1242 797 inhibere
1267 751 1508 797 laborant.

220 828 393 876 Acrior
417 828 671 875 admonitu
697 834 799 884 est3
841 827 1157 890 irritaturque
1181 834 1388 883 retenta,

1504 827 1598 872 566

222 906 289 954 Et
312 906 493 954 crescit
515 905 705 963 rabies;
746 905 1172 967 remoraminaque
1197 904 1306 967 ipsa
1337 903 1598 951 nocebant.

224 984 306 1030 Sic
333 1000 425 1046 ego
449 989 733 1038 torrentem,
762 997 862 1045 qua
885 981 954 1028 nil
979 981 1212 1028 obstabat
1236 980 1388 1036 eunti,

223 1059 421 1116 Lenius,
445 1067 495 1107 et
518 1058 713 1106 modico
739 1058 948 1122 strepitu
973 1059 1232 1106 decurrere
1256 1057 1384 1104 vidi:

222 1137 289 1184 At
313 1151 610 1199 quacunque
635 1135 801 1182 trabes
827 1135 1181 1197 obstructaque
1208 1150 1329 1182 saxa
1347 1133 1601 1187 tenebant,

225 1213 490 1277 Spumeus,
509 1218 559 1259 et
582 1211 792 1266 fervens,
814 1218 865 1257 et
890 1212 951 1258 ab
976 1211 1137 1274 objice
1162 1211 1335 1258 saevior
1359 1211 1478 1257 ibat.
1506 1211 1597 1256 571

225 1290 359 1338 Ecce
383 1289 627 1338 cruentati
652 1289 887 1346 redeunt;
928 1297 994 1345 et,
1023 1288 1254 1336 Bacchus
1279 1287 1363 1334 ubi
1388 1293 1521 1334 esset

227 1367 479 1422 Quaerenti
504 1365 717 1422 domino,
747 1365 1002 1412 Bacchum
1026 1364 1208 1412 vidisse
1232 1366 1491 1426 negarunt.

225 1555 313 1586 Deus
328 1554 380 1585 ille
395 1555 490 1586 serius
509 1555 666 1597 profectus
682 1560 739 1586 est.
784 1555 881 1597 Apol-

223 1604 357 1635 lodoms.
390 1603 494 1635 Etiam
509 1604 649 1646 Euripid.
664 1616 716 1635 xx.
730 1604 796 1646 ipse
811 1615 881 1635 nar-

224 1658 283 1689 rat,
298 1652 423 1684 Thebas
446 1653 577 1694 primam
598 1663 665 1684 esse
681 1653 812 1684 Graeciae
831 1663 881 1684 ur·

222 1701 306 1738 bem,
335 1713 429 1744 quam
457 1702 589 1733 intrarit.
646 1703 774 1739 Vanum,
801 1702 883 1744 quod

225 1761 286 1782 non
309 1757 357 1782 est
383 1762 509 1782 numen.
555 1752 700 1788 Penthea,
724 1762 796 1782 cum
818 1762 882 1782 em-

224 1799 325 1842 phasi,
351 1811 418 1842 pro,
447 1810 507 1836 me,
533 1801 637 1831 confer
662 1801 726 1831 xiii.
754 1801 803 1831 17.
830 1800 885 1831 ubi

225 1850 321 1891 Ajax,
358 1850 397 1880 de
432 1849 566 1891 Ulysse:
614 1851 738 1880 oemnlus
773 1851 885 1890 Ajacis.

225 1899 359 1928 Aduena.
405 1898 551 1929 Bacchus
580 1909 673 1939 quem
699 1909 760 1929 non
786 1899 886 1929 civem

227 1947 368 1988 agnoscit
386 1947 555 1983 Pentheus,
566 1947 681 1978 nedum
695 1948 813 1978 Deum.
840 1947 887 1977 Ite

226 1999 291 2033 citi,
307 2003 370 2027 ete.
393 1996 509 2028 Confer
524 1997 598 2027 355.
644 1997 770 2032 Ducem,
793 2006 884 2027 vene·

227 2052 274 2076 rat
289 2045 371 2076 enim
387 2056 458 2076 cum
471 2046 649 2077 comitibus.

271 2096 344 2125 564.
368 2096 460 2131 Avus,
477 2095 528 2136 qui
544 2095 578 2125 in
592 2095 672 2126 vivis
687 2094 789 2126 adhuc
804 2100 881 2130 erat,

227 2142 282 2175 sed
303 2154 433 2185 regnum
456 2144 598 2175 Pentheo
619 2143 802 2180 tradiderat,
815 2153 886 2174 eum

225 2193 367 2228 inhibere,
392 2203 544 2229 coercere,
571 2193 701 2224 laborat.
747 2191 887 2234 Euripid.

228 2243 304 2273 330.
350 2242 444 2284 Apud
470 2242 662 2284 Euripidem,
685 2242 718 2272 in
742 2240 888 2276 Bacchis,

228 2301 290 2321 non
324 2291 412 2321 audit
440 2290 606 2325 Cadmum.
636 2301 697 2322 non
730 2290 891 2321 Tiresiam.

232 2340 327 2370 Hunc
342 2341 506 2377 Athamas‚·
522 2341 608 2371 AEoli
623 2340 704 2371 filius
719 2340 777 2370 fuit
787 2339 887 2370 Atha-

229 2398 306 2424 mas,
324 2388 436 2418 Cadmi
452 2399 556 2429 gener.

271 2437 344 2468 566.
368 2439 488 2471 Acrior.
505 2437 647 2474 ferocior,
664 2437 842 2468 iracundior
857 2438 890 2468 fit

228 2496 267 2516 ex
282 2486 334 2517 irae
352 2493 472 2522 natura,
489 2497 581 2527 quam
605 2493 698 2527 poeta
718 2486 890 2527 loquaciter

229 2534 356 2576 quidem
378 2540 510 2576 quatuor
532 2535 670 2565 formulis
690 2534 818 2571 indicat,
833 2535 887 2566 sed

229 2583 352 2625 egregie
366 2583 502 2614 illustrat
517 2583 720 2614 similitudine
736 2584 888 2625 subjecta,

229 2632 262 2663 in
278 2643 341 2674 qua
355 2644 409 2675 pro
422 2632 558 2674 generali
572 2632 637 2669 illo,
653 2635 693 2664 sic
709 2640 823 2663 torrens
837 2635 887 2664 de-

229 2683 338 2717 currit,
351 2681 473 2718 melius,
485 2684 527 2712 sic
541 2692 592 2723 ego
608 2688 768 2712 torrentem
781 2683 887 2712 decur-

230 2741 295 2760 rere
306 2732 378 2760 vidi.
414 2731 582 2761 Decurrere
594 2731 712 2773 proprie
727 2730 764 2761 de
777 2731 888 2767 fluviis,

949 1556 1002 1597 qui
1026 1555 1089 1586 fere
1114 1565 1151 1585 ex
1174 1553 1333 1585 altioribus
1355 1552 1432 1584 locis
1454 1552 1609 1585 defluunt.

991 1605 1065 1636 570.
1091 1603 1332 1644 Obstructaque.]
1360 1603 1505 1644 Objecta.
1524 1602 1608 1633 Vide

950 1654 1125 1686 Heinsium.
1189 1653 1348 1688 Tenebant‚
1384 1661 1508 1682 cursum
1541 1651 1609 1692 ejus

950 1704 1158 1734 morabantur.
1204 1701 1293 1736 Ober,
1311 1701 1415 1732 trabes
1434 1701 1605 1735 obstructa,

952 1752 1034 1782 Fast.
1049 1751 1070 1782 i.
1093 1751 1154 1782 563
1167 1762 1175 1789 ;
1207 1752 1274 1781 obex
1298 1752 1415 1785 montis,
1438 1759 1525 1779 mons
1553 1748 1608 1779 ob-

946 1801 1070 1842 jectus;
1107 1801 1144 1830 ab
1181 1800 1282 1839 oly‘ice,
1314 1803 1437 1840 propter
1466 1797 1609 1839 objicem.

952 1849 1070 1886 διετίαν,
1092 1848 1235 1891 rapidior.
1280 1848 1338 1880 Vis
1363 1857 1513 1889 aquarum
1536 1857 1608 1877 cum

951 1901 998 1930 ira
1015 1905 1046 1930 et
1060 1900 1171 1929 soevitia
1186 1902 1391 1939 comparatur.

994 1949 1067 1980 572.
1093 1947 1283 1987 Cruentuti.]
1310 1945 1405 1988 Apud
1419 1945 1525 1987 Eurip.
1536 1946 1610 1976 434.

952 2008 985 2028 se
1000 1996 1109 2028 vinciri
1132 1996 1259 2038 patitur,
1275 1995 1330 2026 sed
1350 1994 1393 2025 ibi
1412 2004 1536 2036 quoque
1559 2003 1611 2024 co·

953 2046 1060 2077 mitem
1070 2056 1102 2077 se
1114 2045 1233 2076 Bacchi
1246 2044 1403 2076 mentitur.
1428 2043 1589 2073 cruentati
1598 2055 1610 2079 ,-

952 2094 1104 2126 vulnerati
1134 2105 1153 2125 a
1178 2093 1342 2124 comitibus
1376 2091 1507 2127 Bacchi,
1535 2091 1610 2122 dum

954 2143 1114 2174 Bacchum
1133 2148 1165 2173 et
1178 2141 1322 2173 Bacchas
1339 2140 1529 2183 prehendere
1544 2145 1612 2171 ten-

954 2197 1066 2223 tarent.
1115 2191 1266 2225 Quaerenti
1293 2192 1431 2227 domino5
1468 2194 1610 2230 tyranno.

957 2240 1109 2271 Bacchum
1137 2241 1240 2270 vidisse
1268 2240 1431 2281 negdrunt.
1489 2238 1611 2269 Famuli

957 2295 1062 2320 tamen
1077 2289 1108 2319 in
1123 2288 1258 2319 Bacchis
1276 2287 1450 2329 Euripidis:
1478 2287 1613 2323 Πενθεῦ,

957 2338 1134 2380 πάρεσμεν,
1163 2336 1251 2375 τήνδ’
1278 2338 1388 2379 ἄγραν
1424 2337 1615 2378 ἠγρευκότες

949 2386 1020 2428 Ἐφ’
1042 2388 1084 2426 ἥν
1105 2386 1266 2428 ἔπεμψας,
1282 2392 1341 2417 etc.
1386 2386 1494 2427 Ipsum
1515 2385 1614 2416 addu-

957 2443 1062 2467 centes
1073 2436 1246 2472 Bacchum,
1258 2446 1351 2477 quem
1364 2435 1478 2466 Noster
1488 2434 1611 2466 Acoetae

955 2486 1012 2516 sub
1028 2486 1162 2527 imagine
1178 2484 1296 2516 inducit
1311 2485 1472 2515 latentem.
1519 2484 1617 2514 Sacra.

959 2534 1026 2570 Dei,
1043 2540 1104 2565 etc.
1137 2534 1229 2564 Hunc
1247 2543 1370 2575 quoque
1381 2543 1503 2563 versum
1515 2532 1614 2563 Hein-

954 2583 1017 2614 sius
1031 2589 1062 2614 et
1084 2583 1280 2613 Burmannus
1300 2581 1439 2623 spurium
1457 2581 1614 2621 judicant.

955 2632 1068 2663 Recte.
1104 2632 1200 2663 Poeta
1215 2631 1297 2663 enim
1313 2631 1378 2673 ipse
1393 2630 1443 2661 hic
1458 2630 1616 2672 loquitur;

956 2681 980 2712 is
996 2691 1066 2712 vero
1087 2681 1247 2712 Bacchum
1264 2691 1329 2711 «non
1349 2686 1470 2722 poterat
1489 2679 1534 2710 ita
1557 2690 1612 2710 no-

957 2740 1085 2760 minare.
