1729 3207
199 206 283 248 136

585 207 635 247 P.
668 204 880 247 OVIDII
914 204 1193 246 NASONIS

201 320 502 383 Ungulaque
528 321 576 367 in
602 320 782 384 quinos
804 319 997 383 dilapsa
1021 318 1297 366 absumitur
1320 333 1529 380 ungueS.

200 397 278 445 De
303 398 427 445 bove
453 397 520 443 nil
547 403 790 460 superest,
819 395 985 442 formae
1010 395 1105 442 nisi
1131 395 1330 450 candor,
1358 395 1406 440 in
1432 393 1547 448 illa;

158 508 160 510 -
201 473 480 537 Officioque
505 474 688 538 pedum
716 472 952 536 Nymphe
971 479 1206 520 contenta
1229 472 1436 518 duorum

201 549 420 612 Erigitur
442 569 452 607 ;
482 550 760 613 metuitque
785 550 937 612 loqui,
962 565 1023 596 ne
1049 565 1183 596 more
1202 550 1429 611 juvencae
1491 548 1586 593 745

204 625 402 689 Mugiat
423 645 433 683 ;
463 639 513 674 et
536 626 707 674 timide
731 627 882 674 verba
906 627 1188 674 intermissa
1211 631 1442 674 retentat.

201 703 248 750 N
254 720 349 751 unc
378 704 488 751 Dea
512 705 718 766 linigera
740 704 919 751 colitur
944 704 1266 752 celeberrima
1290 703 1452 749 turba.

201 779 332 828 Huic
361 780 599 845 Epaphus
625 781 791 844 magni
814 780 1010 843 genitus
1037 781 1098 828 de
1125 781 1312 829 semine
1338 779 1538 827 tandem

202 857 435 905 Creditur
460 874 570 906 esse
594 857 732 905 Jovis
756 877 765 915 ;
795 874 985 922 perque
1011 859 1157 905 urbes
1177 860 1353 921 juncta
1375 855 1567 921 parenti

199 933 408 998 Templa
432 941 596 982 tenet:
623 934 717 982 fuit
740 935 856 982 huic
882 934 1057 981 animis
1084 935 1290 998 aequalis
1316 942 1366 982 et
1389 933 1530 981 annis

243 1079 316 1109 742.
344 1079 474 1121 Ungula>
495 1079 635 1115 bisulcae,
653 1080 769 1121 χηλαὶ,
786 1090 863 1122 qua-

199 1127 244 1158 les
271 1127 387 1158 habent
411 1129 516 1164 boves,
545 1139 626 1160 nune
650 1140 754 1160 rursus
782 1129 864 1161 scin-

200 1176 316 1208 duntur
330 1177 362 1208 in
378 1177 488 1219 quinos
501 1177 626 1219 digitos.
675 1179 802 1218 Dilapsa
814 1181 860 1210 ub·

199 1228 330 1257 sumitur
345 1226 493 1262 suaviter,
509 1238 563 1269 pro
578 1227 737 1264 dilabitur,
753 1228 815 1260 fere
830 1236 864 1260 ut

202 1274 289 1316 Yirg.
320 1275 434 1317 Georg.
466 1275 508 1306 iv.
545 1277 628 1307 410:
669 1278 798 1309 Proteus
833 1278 864 1309 in

201 1335 292 1364 aquas
300 1331 401 1355 tenues
412 1326 545 1364 dilapsus
556 1327 667 1363 abibit;
691 1331 722 1356 et
737 1327 863 1364 Noster,

201 1384 232 1404 v.
262 1375 343 1405 435:
371 1374 553 1414 Pectoraque
577 1376 610 1405 in
635 1382 735 1406 tenues
757 1377 866 1406 abeunt

204 1424 330 1453 eranida
356 1425 443 1453 rivos.
488 1424 560 1453 Non
583 1423 663 1454 dixit
687 1424 719 1454 in
745 1426 865 1466 digitos,

203 1472 258 1502 sed
274 1471 305 1502 in
320 1483 448 1514 ungues,
463 1483 595 1513 quorum
610 1479 722 1503 natura
740 1473 867 1505 similior

202 1521 337 1561 ungulis.
385 1521 490 1562 Officio
503 1524 611 1561 pedum
633 1522 797 1564 exquisite,
814 1535 867 1565 pro

200 1572 348 1609 pedilms5
372 1576 403 1600 et
420 1578 559 1601 contenta
578 1571 673 1602 habet
689 1572 808 1613 aliquid
818 1574 869 1615 jo-

201 1619 276 1649 cosi.
325 1620 456 1656 Candor,
479 1627 514 1651 ut
534 1623 624 1657 nitor,
651 1632 714 1652 ver.
732 1623 817 1660 5523
840 1628 871 1653 et

203 1668 467 1709 pulchritudinem
491 1674 522 1700 et
545 1669 713 1700 candidum
734 1671 866 1702 colorem

205 1724 300 1748 notat.
340 1719 506 1759 Ingeniose
522 1723 816 1752 metuit—retentat.

248 1769 321 1798 746.
345 1767 545 1809 Intermissa]
573 1769 689 1800 Lovan.
713 1771 800 1800 verba
820 1773 866 1801 in-

207 1822 346 1856 tercepta,
363 1827 424 1847 non
446 1817 620 1854 invenuste,
633 1818 739 1859 judice
757 1820 866 1850 Bur-m.

249 1865 322 1895 747.
348 1866 477 1902 Colitur,
491 1866 523 1897 in
539 1868 688 1909 sEgypto,
703 1878 765 1909 qua
786 1879 868 1899 nuuc

206 1913 349 1944 ducimur
379 1925 397 1944 a
422 1920 525 1956 poeta,
549 1922 580 1945 et
609 1915 692 1946 unde
721 1927 792 1947 mox
815 1928 869 1959 per

207 1962 399 2004 sEtliiopiam
414 1963 445 1994 in
467 1964 585 2004 regiam
600 1965 679 1995 Solis
694 1966 867 2007 proficisce-

206 2021 286 2042 mur.
334 2011 427 2043 Ritus
447 2012 536 2043 istius
556 2014 659 2043 cultus
674 2014 770 2045 habet
784 2015 865 2046 Lac-

207 2066 286 2091 tant.
319 2061 396 2091 Inst.
422 2062 495 2092 Div.
519 2061 540 2092 i.
568 2063 620 2093 21.
665 2063 784 2094 Colitur
809 2066 866 2096 sub

206 2110 330 2140 nomine
346 2110 449 2141 Isidis.
496 2111 563 2141 Dea
586 2113 787 2149 celeberrima,
803 2114 869 2145 sola

206 2158 288 2189 enim
306 2159 365 2190 Isis
386 2170 457 2190 cum
476 2159 598 2190 Osiride
620 2171 674 2202 per
693 2167 788 2192 totam
811 2163 868 2192 AE-

207 2213 337 2249 gyptum
361 2209 480 2250 templa
507 2209 653 2240 habebat.
697 2210 814 2242 Herod.
837 2211 870 2242 ii.

206 2259 258 2289 42.
295 2258 421 2299 Scripsit
432 2258 593 2289 Plutarch.
609 2258 648 2289 de
665 2259 713 2290 his
732 2260 868 2291 celeber-

206 2306 291 2337 rimis
312 2308 446 2349 Jigypt.
471 2307 541 2338 Diis
565 2307 756 2349 peculiarem
779 2309 868 2339 libel-

205 2357 283 2387 lum.
329 2357 475 2397 Linigera
503 2368 521 2387 a
552 2360 653 2393 turba,
682 2358 720 2388 ab
749 2358 869 2393 Isiacis,

206 2405 418 2436 sacerdotibus
443 2405 545 2442 Isidis,
566 2417 642 2448 quos
663 2407 811 2438 Juvenal.
830 2407 871 2437 vi.

208 2456 260 2486 33.
284 2456 446 2496 linigeram
465 2466 585 2497 gregem
606 2455 697 2491 dixit,
718 2456 792 2497 quia
811 2467 872 2486 non

209 2504 266 2534 nisi
295 2503 385 2534 lineis
415 2504 607 2535 vestimentis
639 2505 739 2535 induti
774 2511 872 2536 erant.

208 2553 358 2584 Herodot.
374 2553 405 2583 ii.
422 2555 473 2584 37.
518 2555 638 2585 Causas
653 2555 720 2596 ejus
741 2555 783 2585 rei
801 2555 869 2596 plu-

208 2613 255 2633 res
285 2603 373 2633 affert
394 2603 553 2634 Plutarch.
576 2603 607 2633 d.
627 2603 648 2633 l.
670 2610 742 2634 tom.
767 2603 818 2633 vii.
841 2615 871 2645 p.

208 2652 282 2682 390.
298 2651 372 2682 edit.
394 2651 523 2689 Reisk.;
550 2651 603 2682 sed
622 2662 724 2682 veram
751 2651 872 2682 videtur

211 2699 348 2730 omisisse
362 2711 368 2729 z
394 2700 452 2730 Isis
467 2699 549 2730 enim
564 2700 647 2730 haud
662 2700 754 2731 dubie
768 2701 873 2740 regina

211 2747 279 2784 snit,
293 2759 361 2789 quae
376 2748 534 2790 AEgyptiis
546 2750 602 2779 lini
613 2759 701 2779 usum
718 2749 869 2780 ostendit:

932 1079 1002 1111 vide
1023 1080 1160 1122 Goguet.
1177 1091 1241 1111 vom
1261 1079 1438 1120 Ursprunge
1457 1080 1510 1109 der
1531 1077 1591 1108 Ge-

930 1137 1014 1165 setze,
1037 1136 1098 1161 etc.
1120 1135 1143 1160 t.
1167 1129 1190 1159 i.
1217 1130 1289 1160 129.
1333 1128 1446 1169 Itaque
1471 1132 1502 1158 et
1525 1126 1594 1169 ipsa

931 1179 1021 1210 lineis
1035 1179 1228 1210 vestimentis
1251 1177 1362 1208 induta
1385 1182 1462 1213 erat,
1483 1183 1514 1207 et
1537 1178 1594 1207 dea

932 1230 1062 1270 linigera
1077 1227 1259 1258 dicebatur:
1284 1227 1398 1257 Noster
1413 1226 1442 1257 1.
1460 1227 1553 1257 Pont.
1566 1224 1590 1255 i.

932 1278 970 1309 51
986 1289 992 1307 :
1019 1277 1170 1319 Linigerae
1186 1275 1276 1307 Isidis
1289 1287 1410 1306 numen.

977 1327 1051 1357 748.
1078 1326 1249 1366 Epaphus]
1276 1325 1328 1356 Ab
1344 1323 1496 1366 AEschylo
1518 1323 1593 1354 Pro-

933 1376 1029 1407 meth.
1046 1387 1109 1407 ver.
1131 1377 1207 1411 319,
1229 1381 1368 1410 vocatur,
1390 1373 1457 1410 ὂὶος
1482 1373 1596 1414 πόρτις

934 1426 1078 1468 (vitulus,
1098 1426 1119 1456 i.
1138 1436 1165 1456 e.
1186 1424 1286 1464 filius)
1307 1424 1396 1465 βοός.
1441 1422 1596 1454 Eusebius

935 1482 1039 1506 tamen
1060 1474 1092 1505 in
1116 1474 1271 1505 Chronico
1291 1473 1331 1504 ad
1351 1483 1380 1504 a.
1395 1473 1469 1503 481.
1489 1477 1595 1502 auctor

936 1531 995 1560 est,
1020 1536 1058 1555 ex
1080 1523 1248 1565 Telegono,
1270 1522 1321 1553 cui
1339 1523 1432 1565 juxta
1449 1520 1599 1564 Apollod.

937 1580 1045 1616 postea
1063 1572 1168 1615 nupsit
1183 1573 1251 1608 Isis,
1265 1571 1405 1613 genitum
1425 1581 1492 1602 esse
1512 1570 1596 1600 hunc

937 1623 1124 1666 Epaphum:
1150 1621 1220 1652 vide
1250 1622 1422 1652 Burmann.
1451 1619 1491 1650 ad
1520 1619 1551 1649 h.
1577 1619 1600 1649 1.

934 1672 1031 1715 Apud
1057 1671 1200 1712 AEschyl.
1224 1671 1348 1712 Jupiter
1371 1680 1432 1700 non
1451 1679 1599 1700 concum-

934 1724 981 1755 bit
996 1733 1067 1753 cum
1081 1722 1128 1757 Io,
1144 1720 1199 1752 sed
1215 1720 1255 1751 ad
1270 1720 1379 1751 Nilum
1391 1719 1514 1762 placide
1530 1729 1601 1750 ma·

934 1784 976 1804 nu
988 1772 1120 1815 palpans
1136 1769 1294 1811 gravidam
1307 1780 1376 1800 eam
1392 1768 1505 1805 reddit,
1515 1768 1597 1800 ἐπα-

933 1824 1003 1864 φῷν
1026 1820 1159 1863 (ἰτάρβει
1180 1821 1263 1861 χειρὶ
1284 1821 1336 1850 καὶ
1357 1819 1459 1861 Θίγων
1477 1819 1595 1861 μόνον.

936 1871 1015 1902 Inde
1033 1871 1185 1910 Epaphus.
1216 1870 1246 1900 Is
1263 1869 1392 1905 Graecis,
1405 1868 1488 1899 idem
1501 1879 1597 1910 quam

936 1920 1096 1962 ⁴Egyptiis
1111 1921 1193 1960 Apis.
1239 1919 1390 1950 Herodot.
1406 1918 1438 1950 ii.
1458 1919 1528 1950 153.
1554 1918 1599 1950 iii.

936 1971 992 2000 27.

979 2020 1052 2050 750.
1091 2019 1165 2048 Fuit
1193 2018 1274 2053 huic,
1302 2023 1364 2048 etc.
1416 2018 1597 2059 Phaethon]

935 2068 1054 2099 Eodem
1073 2068 1136 2098 sere
1158 2066 1248 2097 modo
1271 2077 1332 2108 quo
1352 2067 1466 2097 Noster
1484 2067 1597 2099 Hesio-

936 2117 994 2148 dus
1015 2117 1155 2147 fabulam
1171 2115 1375 2146 Phaethontis
1395 2115 1426 2146 in
1446 2116 1524 2147 libro
1545 2116 1599 2147 de-

936 2165 1058 2208 perdito
1084 2165 1183 2206 (unde
1212 2175 1282 2195 eam
1308 2164 1426 2206 Hygiu.
1447 2165 1511 2196 sab.
1541 2167 1600 2198 154

937 2215 1107 2257 excerpsit)
1135 2220 1331 2252 narraverat3
1363 2225 1476 2256 neque,
1501 2221 1536 2246 ut
1559 2227 1597 2247 ex

939 2264 1082 2295 Eustath.
1104 2264 1143 2295 ad
1166 2265 1258 2294 Hom.
1275 2263 1339 2294 Od.
1356 2275 1387 2306 p.
1403 2265 1484 2296 1689
1503 2275 1599 2308 appa-

938 2318 994 2348 ret,
1011 2312 1042 2342 in
1058 2312 1239 2354 parentibus
1254 2322 1272 2343 a
1287 2313 1401 2343 Nostro
1420 2313 1600 2346 dissensisse

938 2361 1070 2397 videtur,
1083 2372 1263 2402 quanquam
1281 2372 1351 2392 eum
1365 2362 1484 2404 Hygin.
1498 2364 1601 2395 nescio

939 2421 1000 2452 quo
1028 2421 1126 2441 errore
1155 2410 1318 2452 deceptus,
1347 2411 1450 2448 tradit,
1474 2412 1600 2453 Clyme-

939 2470 1024 2495 num,
1036 2459 1116 2490 Solis
1131 2459 1240 2495 filium,
1252 2465 1371 2502 patrem
1387 2460 1479 2492 fuisse
1496 2461 1600 2493 Phae—

939 2509 1065 2544 thontis,
1091 2509 1306 2550 Meropenque
1336 2510 1504 2552 nympham
1533 2521 1599 2542 ma-

939 2564 1027 2588 trem.
1068 2557 1144 2587 Mox
1161 2567 1179 2586 a
1194 2557 1319 2598 tragicis
1334 2558 1442 2589 eadem
1458 2559 1599 2590 certatim

939 2612 986 2636 est
1001 2612 1144 2641 tractata,
1160 2611 1193 2636 ut
1208 2606 1312 2637 Schol.
1323 2608 1416 2638 Hom.
1429 2608 1468 2638 ad
1484 2608 1546 2639 Od.
1561 2612 1600 2640 P.

939 2655 1000 2684 208
1016 2655 1179 2692 observat;
1202 2654 1255 2685 sed
1276 2665 1337 2686 non
1357 2655 1415 2686 nisi
1434 2666 1472 2687 ex
1488 2657 1597 2699 Eurip.

939 2703 1074 2733 Phaeth.
1090 2713 1190 2744 pauca
1206 2703 1314 2743 fragm.
1333 2710 1461 2740 restant,
1477 2716 1545 2747 quae
1567 2705 1599 2736 in

941 2752 998 2782 Ed.
1023 2752 1106 2793 Lips.
1127 2758 1147 2782 t.
1166 2751 1197 2783 ii.
1219 2763 1248 2793 p.
1267 2752 1329 2783 462
1350 2753 1504 2794 leguntur.
1550 2755 1598 2785 Ex
