1763 3181
210 186 295 228 184

600 184 651 225 Ρ.
684 182 895 225 OVIDII
929 180 1206 223 NASONIS

217 301 430 349 Sedibus
456 300 550 346 huc
577 298 769 346 adsim?
806 312 894 360 pro
920 312 998 343 me
1024 302 1160 343 tenet
1185 296 1338 342 altera
1361 294 1554 341 coelum.

215 377 447 432 Menfflar,
474 376 737 423 obscurum
763 372 856 419 nisi
882 389 980 419 nox
1006 388 1158 435 quum
1184 371 1355 418 fecerit
1379 371 1564 424 orbem,

216 453 390 517 Nuper
414 453 677 499 honoratas
703 466 912 505 summo,
940 464 1051 495 mea
1073 448 1290 502 vulnera,
1316 447 1439 494 coelo
1499 450 1594 494 515

214 529 450 576 Videritis
476 529 644 576 stellas
671 526 788 582 illic,
817 526 901 572 ubi
926 524 1140 571 circulus
1162 540 1307 572 axem

220 605 438 652 Ultimus
463 611 741 651 extremum
768 601 1027 666 spatioque
1052 601 1371 648 brevissimus
1396 600 1566 648 ambit.

221 681 314 728 Est
336 697 466 736 vero,
495 696 582 727 cur
607 679 718 743 quis
744 677 772 725 J
778 693 992 725 unonem
1016 677 1194 723 laedere
1219 677 1357 734 nolit,

219 757 577 819 Offensamque
601 763 796 811 tremat,
824 770 935 817 quae
961 752 1147 817 prosim
1172 754 1277 800 sola
1300 754 1558 802 nocendo?

222 833 298 880 En
320 850 411 896 ego
437 840 679 896 quantum
705 831 810 895 egi!
850 847 1000 894 quam
1024 837 1165 878 vasta
1188 831 1411 894 potentia
1435 838 1601 878 nostra

420 910 523 957 est!

1508 910 1604 954 520

224 986 350 1034 Esse
368 986 618 1034 hominem
638 985 794 1042 vetui;
823 984 954 1032 sacta
971 991 1048 1031 est
1069 984 1201 1032 Dea:
1230 984 1301 1031 sic
1320 1000 1412 1047 ego
1432 999 1602 1047 poenas

226 1064 462 1111 Sontibus
487 1064 685 1127 impono
704 1080 714 1119 ;
755 1061 825 1109 sic
851 1068 928 1109 est
951 1077 1062 1108 mea
1085 1077 1265 1123 magna
1288 1068 1525 1124 potestas.

222 1140 457 1187 Vindicet
481 1141 736 1203 antiquam
760 1138 954 1194 faciem,
980 1138 1245 1201 vultusque
1268 1138 1449 1185 ferinos

227 1217 498 1273 Detrahat3
538 1216 770 1278 Argolica
795 1215 928 1278 quod
954 1215 1003 1261 in
1027 1222 1142 1262 ante
1163 1215 1447 1262 Phoronide
1471 1214 1603 1262 fecit.

227 1293 330 1340 Cur
355 1310 453 1340 non
478 1301 529 1340 et
553 1294 697 1357 pulsa
721 1293 873 1339 ducat
896 1290 1108 1346 Junone‚
1135 1307 1349 1354 meoque

1510 1294 1605 1338 525

228 1370 454 1417 Collocet
478 1369 527 1416 in
553 1369 785 1426 thalamo,
807 1383 1132 1430 socerumque
1159 1367 1393 1431 Lycaona
1417 1368 1606 1415 sumat?

227 1593 373 1623 Nostrum
396 1592 552 1624 imitatur:
582 1594 701 1633 pellices
721 1594 825 1624 coelum
843 1599 883 1623 te-

227 1648 307 1673 nent·

270 1692 343 1722 514.
368 1692 500 1721 Mentior
512 1691 629 1722 habent
644 1691 737 1722 nostri
754 1690 886 1722 Codices

227 1740 256 1769 A
270 1746 301 1771 et
317 1741 355 1771 Β.
401 1741 451 1771 De
467 1740 564 1771 forma
579 1739 740 1782 loquendi,
758 1742 886 1770 mentiar

228 1796 281 1820 aut
293 1793 430 1826 mentior,
443 1793 478 1826 si,
492 1790 541 1820 vel
559 1792 626 1826 nisi,
637 1790 706 1820 vide
723 1790 887 1820 Heinsium

229 1839 269 1868 ad
283 1838 327 1869 iii.
343 1840 416 1869 271.
432 1845 462 1869 et
482 1840 590 1870 Burm.
605 1839 645 1870 ad
668 1840 750 1870 hunc
773 1839 887 1875 locum,

230 1887 283 1928 qui
298 1888 410 1918 laudat
424 1888 550 1919 Homer.
563 1888 602 1918 Il.
619 1892 662 1924 K,
677 1889 739 1919 534
752 1899 758 1917 z
775 1887 890 1929 ψεύσο-

230 1948 287 1978 μαι
304 1937 324 1975 ἡ
341 1937 460 1977 ἔτυμον
473 1936 558 1978 ἐρέω.

273 1987 347 2016 515.
364 1985 500 2026 Nuper]
528 1986 638 2015 Monet
649 1984 808 2015 Schiracli.
819 1996 891 2016 con—

231 2040 279 2065 tra
294 2035 479 2070 Gesnerum,
497 2045 535 2064 ex
552 2034 609 2065 hoc
632 2034 699 2064 loco
721 2046 817 2073 nuper
832 2046 892 2065 non

232 2084 324 2114 modo
340 2083 378 2114 ad
400 2094 520 2114 menses
536 2090 567 2114 et
587 2083 653 2114 dies
668 2083 765 2123 (adde
782 2084 820 2114 ad
837 2094 892 2114 an-

233 2144 288 2164 uos
303 2138 334 2163 et
348 2132 455 2163 secula
470 2132 564 2173 adeo)
581 2132 698 2168 referri,
714 2132 767 2162 sed
787 2133 893 2169 etiam,

234 2189 268 2213 ut
292 2183 349 2213 lioc
373 2182 455 2218 lOCO,
475 2182 514 2213 ad
538 2182 640 2213 horas.
692 2182 821 2217 Vulnus,
840 2183 893 2223 qui

233 2232 354 2262 dolores
370 2231 459 2263 alteri
474 2238 569 2263 creat.
600 2232 771 2262 Honoratus
782 2233 894 2267 stellas,

233 2281 264 2312 in
282 2292 442 2312 numerum
457 2282 611 2311 stellarum
636 2286 786 2322 receptos,
801 2289 894 2322 atquc

236 2329 315 2360 adeo
339 2331 445 2360 honore
468 2329 574 2360 divino
595 2328 733 2360 affectos.
778 2330 895 2359 Summo

234 2381 315 2415 coeto,
327 2379 418 2420 juxta
439 2378 556 2421 polum,
573 2378 625 2420 qui
642 2378 775 2409 maxime
792 2378 893 2409 eleva-

236 2433 286 2458 tus
301 2438 394 2469 supra
407 2427 570 2458 finitorem.
615 2428 709 2458 Hunc
725 2427 823 2458 ambit
838 2427 895 2458 cir-

236 2477 326 2507 culus
339 2476 463 2518 polariS,
479 2477 544 2518 qui,
556 2483 590 2507 ut
603 2487 620 2507 e
637 2476 764 2518 spliaerae
780 2477 895 2507 ratione

236 2532 344 2567 sponte
361 2525 554 2567 intelligitur,
571 2527 684 2556 brevior
700 2531 746 2556 est
762 2526 895 2556 caeteris.

238 2575 340 2606 Docte
369 2586 440 2606 cum
465 2574 660 2606 Astronomis
686 2576 770 2606 Juno
797 2575 896 2616 loqui-

240 2631 300 2654 tur.

281 2673 354 2703 517.
380 2672 505 2713 Ambit]
554 2671 717 2708 Nonnulli,
732 2673 895 2714 ea⁴it,quo‹l

240 2721 367 2752 Heinsio
380 2727 543 2752 venustum
559 2720 690 2752 videtur.
720 2721 811 2752 Unde
827 2732 897 2752 vero

950 1592 1006 1622 illa
1034 1593 1202 1622 venustas?
1257 1591 1402 1622 Circulus
1430 1600 1519 1621 axem
1548 1600 1608 1621 non

951 1643 1020 1676 exit,
1036 1640 1091 1672 sed
1105 1643 1208 1671 ambit.

995 1691 1068 1721 518.
1096 1690 1196 1730 Vera]
1237 1690 1318 1720 Cum
1337 1689 1548 1730 indignatione
1563 1689 1611 1719 in-

952 1739 1135 1780 terrogantis
1149 1744 1206 1770 est.
1250 1739 1411 1773 Junonem,
1429 1749 1500 1769 cum
1514 1738 1544 1768 vi
1557 1748 1612 1780 pro

955 1800 1008 1819 me.
1042 1789 1127 1830 Virg.
1151 1789 1227 1818 AEn.
1254 1787 1275 1819 i.
1300 1789 1358 1819 48:
1396 1789 1435 1818 Et
1459 1790 1611 1828 qnisquam

954 1850 1064 1868 numen
1088 1838 1219 1868 Junonis
1240 1839 1343 1868 adoret
1369 1838 1532 1873 Praeterea,
1557 1841 1612 1866 aut

955 1888 1074 1927 supplex
1089 1889 1150 1917 aris
1164 1889 1293 1926 imponat
1309 1888 1467 1917 honorem?

1001 1937 1074 1967 523.
1117 1935 1276 1976 Vindicet]
1324 1935 1530 1966 Vindicamus
1565 1946 1614 1971 ea,

959 1996 1087 2026 quorum
1102 1984 1292 2025 possessione
1305 1984 1488 2015 excidimus.
1528 1985 1614 2020 Quod

958 2035 991 2064 in
1006 2041 1076 2064 ante
1093 2034 1277 2064 Phoronide.-
1302 2032 1385 2074 quod
1399 2039 1469 2064 ante
1484 2033 1516 2064 in
1533 2034 1614 2065 Pho-

960 2082 1077 2117 ronide,
1093 2082 1126 2112 id
1145 2088 1204 2118 est,
1219 2082 1251 2112 in
1269 2083 1316 2117 Io,
1333 2082 1516 2112 Phoronidis
1538 2093 1615 2125 nep-

960 2137 1014 2169 tej,
1047 2142 1117 2172 quae
1144 2141 1239 2172 quum
1265 2132 1298 2161 in
1322 2141 1463 2166 vaccam,
1485 2131 1618 2163 Junonis

962 2186 1057 2216 metu,
1073 2180 1180 2211 fuisset
1202 2191 1360 2214 conversa,
1381 2180 1526 2211 humanae
1550 2186 1620 2211 tan—

962 2229 1033 2259 dem
1045 2230 1147 2259 formae
1160 2240 1177 2260 a
1186 2230 1265 2260 Jove
1280 2228 1337 2259 fuit
1349 2227 1501 2259 restituta.
1530 2229 1617 2260 Bene

963 2285 1067 2309 autem
1078 2278 1131 2308 Ius
1147 2278 1324 2320 exemplum
1337 2277 1478 2316 affertur3
1504 2278 1618 2310 fabulae

962 2327 1045 2358 enim
1059 2327 1223 2358 simillimae
1237 2333 1326 2358 sunt:
1347 2327 1378 2357 in
1392 2333 1522 2369 utraque
1532 2327 1620 2359 Jovis

962 2387 1092 2413 amores,
1109 2377 1129 2408 J
1133 2377 1241 2408 unonis
1259 2377 1314 2412 ira,
1329 2377 1461 2407 mutatio
1476 2376 1506 2407 in
1523 2376 1619 2408 feram

963 2432 993 2455 et
1005 2425 1077 2456 inde
1092 2426 1124 2456 in
1138 2426 1250 2456 Deam.
1294 2425 1376 2456 Hinc
1388 2432 1419 2456 et
1433 2435 1538 2456 earum
1555 2432 1618 2456 sta-

961 2480 1022 2504 tuae
1051 2475 1160 2506 vicinae
1198 2475 1229 2505 in
1261 2473 1500 2505 Atheniensium
1538 2485 1621 2506 arce.

963 2524 1098 2554 Pausan.
1114 2525 1134 2555 i.
1151 2536 1181 2566 p.
1193 2525 1244 2555 59.

1005 2574 1078 2604 525.
1106 2574 1209 2609 Pulsa,
1224 2573 1363 2614 expulsa,
1381 2578 1413 2603 ut
1435 2572 1562 2603 lIcroid.
1578 2571 1622 2603 ix.

966 2623 1036 2652 131.
1053 2621 1105 2651 ubi
1128 2622 1191 2652 vid.
1213 2622 1370 2653 Heinsius.
1415 2622 1622 2661 Socerumqne‚

963 2678 1024 2701 etc.
1040 2670 1246 2702 acerbissime.
1292 2671 1424 2705 Sumere,
1439 2670 1564 2701 solenne
1588 2670 1620 2700 in

963 2721 1022 2750 hac
1038 2730 1079 2750 re.
