1729 3207
358 194 978 239 METAMORPHOSEON
1012 194 1132 236 LIB.
1167 194 1203 235 Ι.
1415 196 1471 237 65

86 314 282 378 Frigida
305 313 596 377 pugnabant
619 309 810 365 calidis,
837 309 1094 357 humentia
1118 309 1280 366 siccis,

85 392 259 439 Mollia
282 407 395 438 cum
416 389 567 444 duris,
596 387 701 434 sine
728 385 947 450 pondere
973 386 1208 433 habentia
1232 387 1443 449 pondus.

150 467 293 515 Hanc
320 467 458 514 Deus
484 472 534 513 et
557 465 728 512 melior
753 464 890 511 litem
921 463 1113 511 Natura
1137 463 1362 512 diremit:
1404 468 1462 511 21

85 545 215 593 Nam
242 545 365 592 coelo
391 550 547 590 terras
573 549 623 589 et
646 541 787 588 terris
814 541 1028 588 abscidit
1051 541 1226 597 undas,

85 622 151 669 Et
173 621 415 685 liquidum
441 619 602 683 spisso
628 617 839 665 secrevit
863 618 925 664 ab
953 633 1066 665 aere
1090 618 1288 665 coelum.

83 698 207 753 Quae
232 704 499 762 postquam
524 695 718 751 evolvit,
747 682 1192 757 caecoque'exemit
1216 711 1409 751 acervo,

84 775 365 823 Dissociata
384 773 506 820 locis
532 771 762 820 concordi
789 787 912 834 pace
938 772 1122 835 ligavit.

82 930 161 962 nulli
188 937 273 962 certa
301 936 332 961 et
354 934 504 972 perpetua
529 928 626 959 forma
655 933 742 965 erat3

81 991 152 1011 nam
167 979 264 1011 veluti
277 977 510 1010 fermentatione
528 976 664 1018 quadam
684 976 745 1006 mi-

80 1030 256 1061 scebantur.
302 1029 393 1059 Nulli
415 1028 563 1058 manebat.
593 1027 662 1057 Hoc
678 1036 744 1057 ver-

81 1079 157 1110 bum
177 1078 314 1110 admittit
332 1078 490 1119 geminum
511 1087 629 1111 casum,
651 1086 744 1106 accu-

81 1134 140 1159 sat.
150 1134 181 1159 et
195 1127 311 1166 dativ.;
336 1126 391 1157 sed
406 1137 460 1168 pro
475 1132 613 1165 eispecto,
624 1131 744 1155 tantum

82 1183 222 1209 accusat.
245 1176 336 1218 Virg.
359 1175 484 1206 AEneid.
508 1175 553 1205 ix.
579 1175 661 1205 298:
694 1185 745 1204 nec

80 1233 203 1267 partum
229 1228 333 1268 gratia
370 1226 460 1255 talem
489 1224 592 1254 Parva
621 1231 744 1260 manet,-

84 1275 189 1308 Graeci
202 1275 318 1318 pariter
328 1280 495 1316 utrumque
510 1284 618 1304 casum
633 1272 745 1304 admit-

83 1330 164 1356 tunt.
210 1324 348 1364 Corpore,
363 1323 456 1359 mole,
473 1333 602 1354 acervo:
625 1334 744 1364 pugna-

84 1375 166 1411 bant,
194 1374 399 1405 movebantur
435 1372 582 1403 intestino
610 1372 745 1414 quodam

85 1429 172 1454 motu
206 1422 378 1454 elementa:
414 1423 592 1464 pugnabant
629 1423 745 1457 calidis,

85 1473 199 1505 Graeca
222 1472 374 1515 syntaxis,
396 1471 557 1513 μάχεσθαι
581 1471 654 1503 τινί·
688 1471 746 1502 nisi

86 1522 175 1553 malis
192 1521 442 1565 praepositionem
463 1533 542 1556 cum,
558 1532 627 1562 quae
644 1520 745 1562 sequi-

85 1577 144 1608 tur,
160 1571 200 1602 ad
215 1570 282 1602 haec
298 1581 423 1612 quoque
438 1570 550 1601 referre
565 1582 571 1600 :
595 1573 657 1601 sine
672 1582 745 1610 pon-

85 1623 154 1652 clere
172 1621 266 1663 paulo
286 1620 403 1656 dusius,
418 1620 466 1656 iis,
482 1630 552 1661 quae
573 1627 660 1650 erant
681 1620 746 1650 sine

85 1670 233 1713 pondere,
262 1670 330 1707 τοῖς
357 1670 434 1701 ἄνευ
464 1668 598 1711 βάρους,
626 1668 747 1700 scilicet

85 1719 163 1751 οὖσι.

129 1771 183 1801 21.
209 1770 300 1801 Ηαησ
324 1770 417 1806 Deus,
439 1768 517 1809 etc.]
553 1768 622 1799 Hoc
653 1768 747 1799 chaos

86 1820 176 1851 Deus
188 1820 234 1851 ita
247 1819 403 1855 tractavit,
416 1823 451 1849 ut
466 1818 599 1860 primum
614 1818 748 1848 elemen-

87 1875 120 1900 ta
144 1874 313 1910 separaret,
337 1872 368 1898 et
392 1867 505 1908 cuique
531 1877 621 1898 suum
646 1867 749 1897 locum

89 1918 273 1960 assignaret.
318 1918 364 1949 Ut
388 1916 520 1959 quodvis
548 1922 614 1947 erat
637 1916 749 1953 levius,

86 1967 131 1998 ita
154 1966 293 1998 altiorem
317 1966 421 1997 locum
449 1966 635 2007 occupabat.
667 1965 749 1996 Cios.

89 2018 175 2048 Fast.
190 2016 212 2047 i.
230 2016 301 2047 106.
315 2027 345 2046 v.
362 2016 413 2046 ll.
438 2014 553 2046 Claud.
566 2015 607 2045 R.
623 2013 662 2045 P.
676 2015 752 2045 249.

90 2066 201 2097 Melior
217 2065 352 2096 Natura.
376 2066 455 2102 Quae
472 2062 512 2094 sit
526 2074 564 2094 ex
580 2069 684 2094 mente
696 2074 750 2105 po-

88 2120 158 2151 etae,
188 2120 242 2145 aut
268 2125 330 2156 quo
356 2113 448 2144 modo
475 2113 598 2144 differat
627 2122 645 2143 a
677 2113 750 2148 Deo,

86 2165 200 2196 frustra
225 2164 382 2206 quaeritur.
432 2164 504 2206 Ipse
530 2168 623 2205 poeta
657 2162 748 2199 iufra,

88 2224 150 2245 ver.
179 2214 232 2250 31,
256 2212 369 2244 fatetur
396 2223 429 2243 se
458 2211 586 2243 nescire.
630 2211 750 2242 Sufficit

88 2263 152 2295 vim
187 2262 345 2305 quandam
385 2261 524 2293 divinam
563 2260 750 2302 intelligere.

89 2313 212 2355 Nempe
228 2311 402 2355 philosophi
417 2311 620 2353 disputabant
641 2310 679 2341 de
696 2320 750 2340 na-

91 2368 159 2394 tura
180 2361 336 2398 creatoris,
354 2372 451 2403 quum
473 2361 511 2391 ab
532 2359 601 2391 aliis
621 2369 750 2390 vocare-

90 2417 140 2443 tur
159 2412 258 2447 Deus,
273 2410 311 2441 ab
334 2409 403 2441 aliis
427 2409 549 2440 animus
572 2419 625 2451 per
648 2408 752 2439 omnia

90 2461 186 2498 fusus,
202 2461 242 2491 ab
255 2460 322 2491 aliis
337 2470 425 2490 mens
440 2464 494 2489 aut
508 2463 618 2489 natura
632 2457 751 2488 ratione

91 2510 240 2552 praedita:
264 2509 328 2540 vid.
343 2510 487 2540 Lactant.
503 2508 584 2538 Inst.
600 2507 664 2537 div.
680 2506 706 2537 I.
723 2518 752 2537 v.

96 2559 134 2590 16
147 2570 217 2601 sqq.
267 2558 334 2590 Cic.
349 2558 422 2589 Seu.
440 2558 477 2588 12
492 2569 498 2587 :
526 2557 626 2591 Quum
641 2556 752 2586 homini

90 2611 149 2639 sive
165 2608 299 2644 Natura,
313 2610 372 2639 sive
387 2610 451 2648 quis
468 2607 550 2637 Deus
565 2607 643 2637 nihil
657 2612 753 2636 mente

88 2658 285 2697 praestabilius
317 2659 454 2688 dedisset.
501 2656 663 2697 Koeppen.
698 2665 752 2696 per

94 2707 247 2737 Naturam
269 2717 286 2737 e
307 2706 432 2748 placitis
455 2706 651 2746 Anaxagorae
672 2704 753 2735 vires

92 2755 313 2787 elementorum
353 2755 452 2787 intell.
508 2754 568 2785 Sed
607 2765 669 2785 ver.
713 2753 751 2784 ad

1408 776 1473 820 25

813 937 875 958 ver.
906 931 936 959 5.
967 930 1058 965 litem,
1086 939 1233 970 pugnam,
1265 929 1474 960 fermentatio-

813 988 903 1008 nem:
935 978 1037 1015 νεῖκος
1057 979 1166 1014 ὀλοὸν,
1188 979 1338 1020 Apollon.
1358 978 1434 1020 Arg.
1456 978 1476 1010 i.

813 1028 886 1058 498.
926 1027 1023 1058 Litenz
1055 1028 1134 1058 dixit
1163 1028 1340 1059 variationis
1369 1039 1476 1059 causa.

814 1077 909 1109 Grav.
923 1077 1091 1109 Claudian.
1108 1077 1139 1108 d.
1154 1078 1176 1107 l.
1194 1084 1315 1108 veterem
1336 1090 1394 1118 qua
1414 1079 1476 1120 lege

815 1129 978 1158 tumultum
998 1128 1147 1157 Discrevit
1166 1127 1287 1157 Natura
1302 1138 1422 1167 parens.

847 1178 900 1207 22.
917 1177 1076 1216 Abscidit]
1092 1176 1242 1218 Sejunxit.
1254 1176 1363 1206 Horat.
1374 1177 1400 1206 I.
1413 1176 1477 1206 Od.

811 1225 857 1257 iii.
871 1227 923 1257 21.
973 1226 1054 1256 Dens
1076 1227 1201 1256 abscidit
1227 1226 1342 1256 Oceano
1369 1232 1475 1261 terras,

813 1275 865 1306 ubi
876 1275 940 1306 vid.
957 1275 1094 1306 Bentlei.
1111 1274 1162 1306 Cf.
1174 1274 1286 1315 virgil.
1303 1275 1371 1305 Ecl.
1383 1274 1424 1306 vi.
1435 1276 1476 1306 35

812 1336 882 1366 sqq.
929 1325 1043 1356 Coelam
1069 1331 1116 1355 est
1152 1324 1259 1355 aether.
1296 1325 1415 1355 Pacuv.
1446 1325 1477 1354 in

813 1374 925 1416 Chrys.
958 1374 1062 1404 Nostri
1078 1375 1183 1405 coelum
1196 1380 1371 1410 memorant,
1387 1374 1478 1404 Graii

810 1425 967 1463 perhibent
992 1424 1120 1454 orthem:
1145 1423 1185 1454 cf.
1212 1422 1281 1454 Cic.
1305 1423 1350 1453 N.
1377 1424 1420 1453 D.
1445 1422 1479 1453 ii.

814 1474 865 1504 42.
910 1473 971 1504 Sed
997 1479 1027 1504 et
1050 1472 1134 1515 apud
1160 1473 1288 1504 Graecos
1319 1472 1417 1514 αἰθὴρ
1447 1478 1478 1502 et

814 1523 951 1565 οὐρανὸς
977 1528 1165 1565 usurpantur
1193 1521 1387 1564 promiscue:
1413 1521 1477 1552 vid.

814 1573 981 1604 Valkenar.
1001 1571 1138 1603 Diatrib.
1163 1571 1194 1601 in
1220 1570 1326 1612 Eurip.
1346 1581 1416 1612 cap.
1434 1571 1476 1601 vi.

815 1623 918 1654 Vocat
934 1623 1093 1662 liquidum,
1110 1621 1225 1663 quippe
1245 1627 1355 1651 natura
1377 1620 1479 1651 tenui-

815 1682 865 1703 ore
892 1677 923 1702 et
946 1682 1057 1714 purum
1081 1672 1120 1701 ab
1144 1670 1334 1706 humoribus,
1357 1676 1421 1706 aut,
1444 1677 1479 1701 ut

813 1721 890 1763 ipse,
915 1732 977 1751 ver.
999 1722 1051 1752 68.
1074 1719 1222 1761 explicat,
1246 1718 1322 1749 nihil
1348 1725 1476 1750 terreme

813 1771 899 1802 faecis
914 1771 1043 1802 habens.
1081 1769 1221 1811 Opponit
1235 1771 1357 1808 spissum
1371 1780 1479 1805 aerem,

814 1820 954 1862 graviore
970 1819 1108 1862 pondere
1128 1825 1160 1850 et
1180 1819 1333 1860 repletum
1352 1818 1472 1860 vapori-

814 1871 872 1901 bus
895 1875 926 1900 et
943 1869 1070 1900 nebula.
1114 1868 1182 1899 Cic.
1198 1868 1221 1898 l.
1240 1867 1293 1898 cit.
1309 1874 1479 1898 concretam

817 1930 913 1950 aerem
928 1918 1017 1949 dixit.
1063 1918 1114 1948 Cf.
1129 1927 1201 1948 cum
1217 1916 1300 1947 omni
1316 1916 1374 1946 hoc
1398 1916 1478 1951 loco,

817 1980 867 1999 xv.
880 1969 943 1999 239
960 1978 1030 2009 sqq.

859 2018 914 2048 24.
934 2015 1041 2056 Cerea]
1066 2015 1105 2045 In
1119 2026 1181 2056 quo
1193 2014 1287 2045 nullae
1300 2019 1403 2056 partes
1414 2013 1478 2044 ani-

817 2067 981 2101 madverti,
1000 2065 1196 2106 discernique
1212 2069 1365 2106 poterant.
1409 2064 1480 2094 Dis-

816 2118 926 2148 sociata
963 2117 1080 2158 ligarit.
1124 2114 1198 2144 Tria
1232 2113 1348 2144 insunt.
1393 2113 1483 2144 Deus

817 2168 984 2197 dissociavit
1009 2165 1166 2196 elementa
1191 2165 1270 2199 locis,
1296 2162 1416 2193 diversa
1444 2162 1483 2193 iis

817 2216 886 2247 loca
921 2214 1041 2250 tribuit,
1078 2219 1165 2244 terrae
1201 2212 1311 2247 imum,
1351 2212 1483 2242 alterum

817 2266 906 2301 mari,
930 2272 990 2296 etc.
1021 2263 1076 2294 sed
1108 2265 1215 2305 ligavit
1241 2264 1409 2297 dissociata,
1439 2262 1484 2292 ita

818 2315 1010 2350 dissociavit,
1039 2320 1074 2344 ut
1103 2319 1209 2344 tamen
1244 2322 1343 2343 nexus
1377 2322 1483 2342 eorum

818 2354 910 2396 esset.
956 2363 1068 2394 AEther
1089 2361 1215 2403 attingit
1238 2371 1351 2396 aerem,
1368 2370 1421 2390 aer
1436 2365 1483 2390 at-

818 2414 909 2456 tingit
932 2419 1057 2449 terram,
1074 2417 1134 2443 etc.
1169 2410 1277 2442 Tibul.
1294 2411 1353 2441 IV.
1377 2409 1399 2440 i.
1420 2410 1482 2440 20:

819 2464 894 2495 Aeri
923 2468 1074 2494 cantemus
1101 2462 1203 2492 oether.
1246 2459 1330 2490 Hinc
1365 2470 1486 2489 concors

817 2526 886 2554 pax,
903 2523 965 2555 qua
983 2523 1044 2542 non
1067 2510 1201 2552 amplius
1226 2508 1381 2551 permixta
1405 2507 1487 2539 inter

821 2574 854 2594 se
876 2566 1028 2604 pugnant.
1076 2561 1253 2594 Dissociare,
1269 2564 1303 2588 ut
1318 2557 1402 2598 apud
1417 2557 1482 2587 Ho-

820 2618 878 2643 rat.
894 2612 919 2641 I.
935 2610 997 2641 Od.
1013 2609 1057 2640 iii.
1072 2610 1114 2640 22
1130 2621 1136 2638 ι
1164 2609 1300 2639 Oceanus
1315 2607 1482 2637 dissociabi-

820 2664 868 2698 lis,
890 2659 1073 2692 dissocians.
1120 2659 1209 2689 Pace.
1246 2657 1275 2687 A
1298 2654 1415 2687 Claud.
1437 2654 1484 2685 iii.

821 2713 872 2745 65,
889 2711 968 2750 fides
997 2714 1028 2740 et
1052 2708 1156 2750 fa‘dus
1184 2704 1346 2738 elementis
1372 2703 1481 2735 tribui-

823 2766 880 2791 tur.
