1763 3181
413 172 1036 216 METAMORPHOSEON
1067 175 1188 217 LIB.
1219 175 1274 218 V.
1455 179 1539 220 371

159 285 385 335 Crinales
409 288 556 337 vittas
584 289 783 336 afflabat
807 289 1051 337 anhelitus
1076 291 1190 338 oris.
1350 292 1537 356 [quam,

158 363 312 412 Fessa
335 365 504 414 labore
528 366 674 429 fugae,
703 373 715 391 ‘
743 367 838 415 Fer
861 383 1024 431 opem,
1052 368 1440 432 deprendinmr,'
1466 371 1538 418 in-

159 447 172 464 ‘
196 440 484 505 Armigerae,
510 443 779 507 Dictynna,
806 451 931 501 tuae3
962 444 1041 491 cui
1067 461 1200 508 saepe
1221 445 1403 493 dedisti

159 517 306 565 Ferre
329 525 439 567 tuos
465 535 623 576 arcus,
651 521 942 584 inclusaque
969 522 1068 568 tela
1091 522 1357 585 pharetra.’

157 593 300 642 Mota
324 595 434 644 Dea
457 603 548 652 est,
577 597 854 661 spissisque
877 597 1039 663 ferens
1065 615 1092 645 e
1118 599 1332 646 nubibus
1355 616 1505 648 unam

157 670 246 719 Me
271 688 420 736 super
444 673 630 737 injecit.
693 673 895 722 Lustrat
919 674 1130 737 caligine
1154 682 1340 723 tectam
1443 681 1538 725 622

156 746 361 807 Amnis;
402 756 453 797 et
476 751 675 813 ignarus
702 751 887 798 circum
910 767 1030 798 cava
1053 751 1224 799 nubila
1248 753 1439 815 quaerit,

159 824 350 889 Bisque
370 826 550 885 locum,
564 845 664 891 quo
685 846 765 877 me
785 829 896 877 Dea
914 835 1124 885 texerat,
1151 829 1334 877 inscius
1360 831 1538 890 ambit3

159 900 226 950 Et
248 904 341 960 bis,
370 904 426 952 Io
452 904 717 963 Arethusa,
746 905 803 953 Io
827 906 1094 962 Arethusa,
1114 907 1323 955 vocavit.
1426 909 1540 968 [est,

158 979 291 1034 Quid
306 981 426 1028 mihi
441 988 559 1029 tunc
582 982 731 1029 animi
747 983 940 1030 miserae
962 981 1087 1029 fuit?
1109 998 1235 1030 anne
1252 985 1386 1047 quod
1402 1001 1543 1048 agnae

157 1057 211 1104 Si
231 1074 331 1121 qua
347 1059 491 1122 lupos
517 1059 655 1107 audit
679 1059 866 1107 circum
892 1060 1088 1107 stabula
1113 1060 1213 1107 alta
1238 1053 1540 1110 frementes?

153 1134 257 1182 Aut
276 1136 447 1200 lepori,
476 1137 560 1200 qui
585 1154 734 1201 vepre
758 1137 916 1185 latens
942 1137 1140 1185 hostilia
1164 1138 1322 1185 cernit
1440 1143 1537 1187 628

154 1213 258 1260 Ora
280 1230 475 1270 canum,
498 1215 762 1278 nullosque
788 1216 938 1263 audet
962 1215 1080 1262 dare
1105 1231 1311 1279 corpore
1335 1217 1536 1264 motus?

153 1291 269 1339 Non
293 1298 461 1340 tamen
487 1292 740 1350 abscedit3
779 1310 944 1357 neque
969 1292 1101 1341 enim
1124 1292 1334 1356 vestigia
1357 1293 1517 1340 cernit

154 1368 371 1432 Longius
396 1369 465 1417 ire
489 1369 701 1432 pedum3
742 1377 904 1418 servat
926 1370 1228 1432 nubemque,
1250 1370 1537 1434 locumque.

155 1445 386 1510 Occupat
409 1447 641 1494 obsessos
667 1447 817 1494 sudor
841 1447 961 1494 mihi
986 1446 1194 1509 frigidus
1219 1454 1383 1506 artus3
1441 1452 1536 1496 632

156 1523 499 1587 Caeruleaeque
524 1525 708 1572 cadunt
730 1531 834 1572 toto
859 1525 920 1572 de
945 1540 1150 1588 corpore
1175 1531 1358 1587 guttae:

154 1600 369 1666 Quaque
391 1602 573 1667 pedem
597 1602 742 1658 movi,
769 1609 939 1650 manat
962 1602 1128 1660 lacus3
1170 1618 1299 1665 eque
1324 1602 1514 1666 capillis

192 1747 265 1778 617.
280 1746 741 1788 Afflabatanhelitusmti.542.
757 1746 812 1777 Ιη-

152 1807 236 1838 gens,
248 1795 382 1837 quiaille
395 1795 523 1826 summis
533 1795 649 1826 viribus
661 1796 814 1826 currebat.

199 1847 272 1877 618.
289 1846 576 1885 Deprehendantur‚
599 1856 676 1887 quos
696 1845 814 1876 instans

155 1895 235 1926 alius
250 1894 425 1936 assequitur
447 1899 500 1925 aut
515 1894 670 1936 opprimit.
704 1894 815 1936 Pomp.

155 1944 255 1980 Mela,
277 1943 341 1974 III.
363 1943 384 1974 i.
411 1944 460 1974 15.
485 1952 571 1973 mare
594 1943 727 1973 refluens
753 1949 812 1972 ter-

155 1995 263 2025 restria
278 1994 470 2033 deprehendit
484 1994 641 2023 anz'malia.
668 1992 718 2022 De
737 1992 812 2023 Dic-

156 2049 263 2083 tynna,
275 2041 346 2072 vide
367 2041 407 2072 ad
423 2040 455 2072 ii.
468 2042 540 2072 441.
588 2041 812 2083 Dedisti-ferre,

156 2092 293 2127 ferenda,
303 2096 338 2122 ut
347 2101 437 2122 versu
450 2091 522 2121 666.
536 2092 616 2121 misit
630 2093 758 2133 agitare.
775 2090 814 2122 de

156 2151 219 2183 qua
241 2140 339 2171 forma
363 2139 436 2171 vide
457 2141 605 2171 Munker.
630 2140 671 2170 ad
694 2139 813 2181 Hygini

157 2191 293 2222 fabulam
322 2190 394 2221 147.
431 2190 458 2220 E
481 2191 607 2221 nubibus
629 2201 732 2226 unam,
753 2194 814 2220 etc.

157 2250 222 2281 qua
246 2239 364 2270 ratione
392 2239 509 2281 passim
535 2239 617 2281 apud
642 2240 814 2269 Homerum

156 2289 265 2320 heroes
281 2288 453 2331 eripiuntur
469 2299 486 2320 e
505 2288 746 2331 praesentissimo
760 2299 815 2330 pe-

156 2338 264 2374 riculo,
279 2343 315 2369 ut
328 2337 416 2368 Paris
436 2348 454 2368 a
469 2338 605 2373 Venere,
618 2337 660 2367 Il.
676 2340 710 2369 Γ.
726 2338 789 2368 380
804 2349 812 2376 ;

156 2388 276 2418 AEneas
302 2387 341 2417 ab
362 2385 521 2428 Apolline,
546 2389 582 2417 E.
607 2386 683 2416 344.
730 2385 812 2416 Hinc

157 2435 252 2467 etiam
272 2436 383 2467 Horat.
401 2436 445 2467 ΙΙ.
462 2435 524 2466 Od.
539 2435 593 2466 vii.
609 2436 667 2465 14:
693 2446 737 2466 me
760 2446 814 2474 per

159 2487 250 2517 hostes
274 2486 447 2516 Mercurius
474 2486 553 2516 celer
579 2485 677 2515 Denso
704 2496 813 2524 paven-

157 2541 214 2565 tem
229 2536 352 2566 sustulit
367 2546 445 2565 aere.
489 2534 636 2564 Lustrare
650 2545 658 2572 3
681 2532 724 2564 sic
738 2535 813 2565 AEn.

158 2584 214 2614 xii.
240 2585 320 2615 466:
346 2586 379 2614 in
404 2586 493 2615 densa
519 2584 649 2625 caligine
677 2583 814 2613 Turnum

162 2632 294 2674 Vestigat
332 2634 473 2664 lustrans.
521 2631 614 2668 Cava,
640 2638 675 2662 ut
711 2641 814 2674 supra,

159 2692 250 2712 versu
265 2683 341 2713 251.
357 2684 426 2714 inde
443 2694 515 2714 cava
534 2683 721 2713 circumdata
739 2682 815 2711 nube

159 2730 315 2770 Seriphon.

923 1747 997 1777 626.
1012 1746 1094 1780 Quid
1108 1746 1181 1776 mihi
1196 1752 1271 1776 tunc
1286 1747 1402 1776 animi?
1425 1746 1541 1778 Sensus

881 1795 1037 1838 Nymphae
1062 1796 1142 1826 bene
1164 1800 1288 1826 notatus
1303 1801 1333 1826 et
1348 1795 1543 1835 illustratu83

880 1845 924 1876 sic
948 1845 979 1876 in
1001 1845 1077 1876 libro
1102 1845 1122 1875 i.
1145 1846 1228 1876 358:
1259 1844 1340 1879 Quid
1362 1846 1542 1877 tibi—nunc

881 1896 986 1930 animi,
1001 1896 1181 1929 miseranda,
1196 1894 1295 1935 foret.
1341 1894 1373 1924 Si
1397 1905 1466 1934 qua,
1481 1894 1544 1926 ele-

881 1944 1016 1985 gantius,
1033 1954 1137 1984 quam,
1154 1955 1226 1984 quae.
1264 1943 1418 1984 Respexit
1437 1948 1542 1974 autem

881 1992 957 2024 sorte
985 1992 1221 2024 similitudinem
1248 1993 1324 2022 AEn.
1341 1991 1385 2022 ix.
1409 1993 1472 2023 95:
1498 1994 1542 2023 Ac

881 2043 977 2073 veluti
1011 2043 1099 2082 pleno
1138 2043 1225 2081 lupus
1261 2043 1423 2072 insidiatus
1460 2043 1543 2078 ovili,

884 2091 983 2125 Quum
993 2091 1105 2132 fremit
1126 2092 1164 2120 ad
1189 2091 1305 2121 caulas.
1352 2091 1459 2120 Altum
1482 2091 1543 2121 fre-

882 2151 981 2182 quens
1002 2139 1161 2182 epitheton
1181 2139 1383 2170 stabulorum.
1429 2140 1543 2170 Confer

881 2189 923 2220 vi.
939 2191 1012 2220 521.
1031 2194 1062 2220 et
1076 2188 1119 2220 ibi
1135 2194 1250 2219 notam.
1293 2188 1395 2227 Vepre,
1411 2188 1542 2225 scilieet,

881 2239 951 2269 sub.
999 2238 1082 2268 Dare
1105 2244 1209 2273 motus,
1226 2242 1262 2266 ut
1283 2238 1356 2267 dare
1377 2238 1482 2273 saltim,
1497 2237 1542 2268 iii.

881 2289 955 2318 599.
988 2288 1123 2322 Servare,
1139 2286 1252 2327 cupide
1268 2291 1407 2327 spectare
1425 2285 1540 2322 locum,

882 2347 920 2367 ne
944 2336 1012 2377 quis
1029 2335 1102 2366 inde
1127 2334 1286 2373 elabatur3
1310 2336 1390 2365 atria
1411 2345 1540 2371 servans,

881 2386 992 2415 Horat.
1007 2385 1033 2414 I.
1050 2384 1109 2425 Ep.
1124 2383 1165 2413 iv.
1182 2383 1234 2413 31.

923 2435 996 2464 632.
1027 2433 1162 2472 Occupat
1188 2433 1306 2462 obsessos
1331 2433 1433 2468 sudor,
1462 2431 1539 2472 etc.]

879 2483 972 2513 Hunc
989 2482 1145 2517 sudorem,
1163 2480 1216 2522 qui
1232 2480 1310 2510 solet
1325 2481 1432 2511 anxios
1446 2491 1540 2513 occu-

880 2542 964 2573 pare,
980 2532 1058 2562 bene
1075 2529 1281 2562 fecitinitium
1297 2528 1537 2560 transformatio-

882 2581 940 2611 nis.
972 2581 1169 2619 Caeruleoeque
1189 2579 1303 2609 cadunt
1319 2584 1425 2619 guttae.
1449 2579 1487 2608 In
1502 2579 1540 2609 li-

881 2630 936 2660 bro
959 2630 1000 2660 iv.
1019 2631 1099 2660 577:
1125 2628 1401 2658 Sentit—caeruleis
1425 2630 1540 2658 variari

882 2691 1003 2719 corpora
1017 2681 1125 2721 guttis.

926 2729 999 2759 634.
1026 2729 1133 2758 Manat
1148 2726 1256 2767 lacus]
1284 2725 1389 2756 Nostri
1406 2725 1481 2757 dant
1499 2728 1540 2757 Ia-
