1763 3181
243 209 328 252 228

617 207 667 248 P.
703 205 914 248 OVIDII
949 204 1228 246 NASONIS

242 324 419 371 Vincla
443 324 552 370 duae
578 321 790 385 pedibus
815 320 1050 368 demunt:
1091 336 1203 368 nam
1229 319 1418 367 doctior
1442 319 1537 366 illis

242 401 452 449 Ismenis
481 399 705 455 Crocale,
734 413 930 461 sparsos
954 413 1041 460 per
1063 397 1190 444 colla
1214 396 1419 460 capillos

244 477 447 539 Colligit
471 476 519 522 in
540 475 747 531 nodum3
777 473 1000 537 quamvis
1022 480 1126 521 erat
1145 473 1254 537 ipsa
1279 473 1469 520 solutis.

1537 475 1626 518 170

245 554 519 618 Excipiunt
554 552 752 599 laticem
791 550 1137 613 Nepheleque,
1173 548 1454 613 Hyaleque,
1492 548 1625 595 Rha-

442 630 618 693 nisque
636 647 646 686 ;

245 708 310 755 Et
329 707 534 761 Psecas,
552 712 603 753 et
619 705 819 762 Phiale;
848 704 1162 767 funduntque
1184 703 1455 767 capacibus
1474 702 1625 749 urnis.

242 786 477 846 Dumque
502 783 570 830 ibi
595 783 833 846 perluitur
857 781 1003 829 solita
1027 780 1225 828 Titania
1247 780 1468 845 lympha,

245 861 378 909 Ecce
404 876 558 923 nepos
586 859 781 914 Cadmi,
808 859 963 906 dilata
986 865 1125 922 parte
1148 859 1389 913 laborum,

245 939 344 985 Per
359 953 532 984 nemus
552 937 774 999 ignotum
790 952 887 983 non
903 936 1049 984 certis
1070 935 1301 999 passibus
1322 950 1506 990 errans,
1539 935 1628 980 175

243 1014 477 1062 Pervenit
501 1013 551 1060 in
575 1015 769 1071 lucum3
800 1014 870 1061 sic
896 1014 1035 1061 illum
1060 1013 1164 1061 fata
1186 1013 1426 1061 ferebant.

248 1091 344 1145 Qui
372 1091 517 1137 simul
544 1091 743 1138 intravit
767 1092 984 1138 rorantia
1007 1091 1227 1138 fontibus
1253 1097 1419 1146 antra3

249 1169 391 1215 Sicut
415 1175 569 1224 erant,
596 1169 700 1216 viso
727 1169 870 1216 nudae
897 1185 986 1216 sua
1009 1176 1212 1233 pectora
1242 1166 1487 1231 Nymphae

246 1245 546 1293 Percussere
570 1245 699 1302 vir0;
741 1246 1019 1310 subitisque
1043 1246 1314 1293 ululatibus
1340 1260 1486 1292 omne

245 1435 375 1476 Dactyl.
396 1434 424 1465 I.
446 1433 466 1464 i.
483 1435 536 1464 68.
559 1433 806 1476 conspiciuntur.
844 1435 904 1465 De-

246 1496 324 1515 mere
344 1490 374 1515 et
394 1485 523 1515 adimere
540 1484 635 1514 verba
650 1483 683 1514 in
706 1483 765 1514 hac
785 1494 817 1515 re
837 1494 906 1526 pro-

246 1534 323 1576 pria.
367 1533 461 1576 Apud
487 1533 632 1564 Plautum
659 1532 794 1564 occurrit
816 1545 908 1565 soccos

245 1585 319 1615 item
342 1586 487 1623 compedes
505 1584 646 1614 (munere.
685 1584 818 1619 Crocale,
838 1582 907 1614 α’πὸ

246 1634 304 1664 τοῦ
332 1631 540 1674 κεκρυφάλου,
564 1631 647 1673 quod
677 1631 789 1673 capitis
816 1642 906 1662 orna-

248 1687 401 1714 mentum.
414 1681 522 1712 Latine
541 1682 711 1716 reticulum,
728 1691 790 1722 quo
807 1679 907 1712 crines

249 1730 485 1762 cohibebantur.
520 1729 557 1760 Id
574 1729 604 1760 h.
620 1730 641 1761 l.
652 1736 684 1760 et
697 1730 811 1772 passim
826 1729 908 1771 apud

248 1779 361 1821 Virgil.
392 1781 486 1810 nodus
512 1785 665 1817 vocatum
705 1779 908 1820 formulaeque

248 1828 390 1859 solennes
405 1832 486 1862 sunt,
503 1827 603 1858 crines
619 1830 693 1858 nodo
706 1833 736 1858 et
753 1829 784 1858 in
800 1829 909 1858 nodum

249 1878 398 1919 colligere.
449 1876 582 1912 Ismenis,
604 1876 766 1912 Thebana,
797 1877 836 1907 ab
863 1877 909 1907 Is-

250 1936 342 1956 meno
365 1924 468 1961 fluvio,
496 1925 549 1966 qui
576 1930 682 1956 tamen
708 1925 765 1956 hoc
798 1936 909 1956 nomen

251 1975 376 2006 demum
393 1974 516 2015 accepit
530 1975 569 2005 ab
585 1975 709 2005 Ismeno
724 1974 909 2017 Amphionis

249 2029 282 2056 et
304 2024 423 2054 Niobes
446 2023 520 2059 filio,
540 2034 636 2065 quum
660 2029 754 2055 antea
776 2023 909 2065 Κάδμου

253 2075 337 2110 ποῦς
352 2078 535 2110 vocaretur3
560 2072 629 2103 vide
645 2073 754 2104 Burm.
786 2072 910 2104 Ismenis

251 2122 316 2154 filia
335 2121 421 2153 fluvii
437 2121 553 2152 Ismeni
570 2132 607 2152 ex
623 2132 655 2153 re
671 2122 710 2153 de
727 2122 838 2154 Graeco
855 2134 910 2154 no-

252 2171 371 2202 minata
384 2182 392 2209 ;
415 2169 572 2213 κροκάλη,
589 2171 730 2202 calculus
745 2177 791 2202 est
806 2171 909 2203 litora-

250 2220 300 2257 lis,
316 2220 367 2252 vel
387 2220 419 2250 in
440 2219 501 2250 imo
517 2220 619 2251 fontis.
658 2221 804 2258 Doctior5
829 2220 909 2263 peri-

253 2270 311 2301 tior
328 2282 336 2308 ;
373 2271 476 2300 doctus
512 2274 547 2300 ut
583 2270 690 2311 σοφὸς,
729 2269 909 2311 quicunque

254 2319 387 2360 alicujus
416 2319 489 2349 artis
518 2318 635 2360 peritus
660 2324 728 2357 est;
757 2318 829 2350 vide
858 2319 909 2349 Fi-

251 2368 353 2400 scher.
403 2367 544 2397 Iudicem
572 2367 603 2398 in
631 2367 740 2398 2²Esch.
766 2367 797 2399 h.
815 2379 848 2399 v.
879 2373 911 2399 et

256 2420 426 2449 Burmann.
443 2417 481 2447 ad
501 2417 625 2448 Phaedri
642 2417 700 2448 IV.
716 2417 778 2448 fab.
794 2416 858 2448 xvi.
876 2419 909 2448 8.

254 2469 295 2498 Et
325 2472 391 2497 erat
421 2465 504 2501 artis,
534 2465 634 2496 crines
662 2465 705 2496 sic
741 2465 885 2506 colligere
902 2476 910 2503 3

253 2517 325 2547 hinc
339 2514 497 2551 ministrae,
514 2514 627 2556 quibus
642 2526 679 2545 ea
694 2525 769 2546 cura
789 2515 911 2557 injunc-

254 2571 298 2602 ta,
314 2564 445 2607 primum
462 2563 563 2594 locum
580 2565 739 2595 tenebant.
756 2564 866 2594 Amor.
883 2565 910 2595 Ι.

254 2613 297 2645 xi.
329 2615 358 2643 l.
411 2611 650 2643 IIemistichium
683 2614 823 2653 quamvis,
851 2618 910 2644 etc.

256 2662 419 2704 Crispinus
439 2672 458 2692 a
477 2661 572 2693 sciolo
587 2662 739 2693 monacho
754 2661 910 2703 adjectum

255 2713 399 2754 putabat.
424 2711 524 2742 Immo
535 2710 628 2742 Ovid.
640 2722 676 2742 eo
691 2717 804 2748 monet,
816 2709 911 2742 artifi-

257 2758 911 2802 cem‚utfit,suosipsiuserinesneglexisse.

1020 1435 1089 1465 171.
1115 1433 1281 1472 Ercipiwzt
1312 1433 1440 1467 laticem,
1472 1440 1585 1472 aquam
1615 1440 1634 1461 a

974 1483 1110 1519 latendo,
1145 1482 1228 1524 quod
1271 1481 1303 1512 in
1340 1486 1427 1512 terrae
1466 1480 1552 1510 venis
1588 1479 1632 1510 la-

975 1538 1052 1564 teat.

1021 1583 1092 1613 175.
1117 1581 1185 1611 Non
1201 1582 1290 1611 certis
1307 1581 1448 1621 passibus,
1464 1578 1530 1610 sine
1551 1583 1634 1609 certo

973 1630 1101 1662 consilio
1125 1636 1156 1662 et
1177 1630 1344 1672 proposito,
1370 1630 1505 1660 errabat.
1556 1628 1636 1670 l'ago

972 1683 1044 1721 pede
1060 1691 1163 1711 errare
1178 1685 1226 1711 est
1242 1679 1373 1710 Heroid.
1389 1677 1452 1710 xxi.
1467 1678 1519 1709 96.
1567 1677 1634 1707 Non

975 1733 1063 1761 certis
1079 1731 1213 1761 manibus
1233 1729 1343 1760 eodem
1365 1739 1457 1759 sensu
1473 1738 1523 1770 ap.
1539 1727 1633 1769 Prop.

976 1780 1003 1810 I.
1018 1778 1062 1810 iii.
1079 1780 1111 1810 8.
1158 1776 1264 1809 Nostri
1287 1777 1420 1809 Codices
1441 1776 1535 1817 Regii
1551 1775 1633 1806 hunc

976 1839 1099 1860 versum
1130 1833 1311 1869 agnoscunt.
1370 1827 1442 1857 Non
1472 1830 1551 1860 erat,
1581 1835 1636 1855 cur

976 1878 1126 1909 Heinsius
1141 1888 1211 1908 eum
1227 1876 1297 1918 ejici
1316 1875 1429 1913 vellet3
1451 1875 1536 1906 valet
1553 1874 1634 1905 enim

976 1927 1015 1958 ad
1048 1926 1257 1957 innocentiam
1285 1925 1441 1956 Actaeonis
1475 1924 1636 1954 declaran-

977 1977 1060 2007 dam.
1105 1975 1282 2007 Secundum
1308 1974 1479 2016 Hyginum,
1503 1973 1636 2004 eundem

975 2025 1077 2056 locum
1105 2025 1232 2066 petebat
1262 2024 1301 2055 ad
1326 2035 1358 2054 se
1384 2022 1638 2064 refrigerandum.

976 2074 1128 2105 Nonnulli
1143 2079 1292 2105 venantes
1316 2075 1427 2109 lucum,
1446 2072 1477 2102 id
1493 2077 1550 2108 est,
1568 2082 1637 2114 par·

977 2130 1038 2155 tem
1062 2123 1237 2154 interiorem
1253 2129 1283 2153 et
1298 2121 1483 2153 sanctiorem
1503 2122 1638 2156 nemoris,

978 2172 1109 2204 adibant
1119 2173 1259 2203 Deorum
1270 2171 1516 2203 venerandorum
1532 2179 1638 2201 causa.

978 2221 1062 2252 Plin.
1080 2222 1161 2252 Pan.
1178 2222 1231 2252 81.

1022 2271 1094 2301 178.
1118 2271 1201 2300 Sicut
1227 2275 1324 2305 erant,
1342 2273 1375 2299 ut
1397 2267 1428 2298 ii.
1443 2268 1517 2298 272.
1552 2267 1637 2297 Dum

977 2319 1141 2361 Nymphas
1155 2318 1322 2354 ululantes,
1338 2316 1475 2348 Dianam
1490 2326 1560 2347 vero
1576 2326 1636 2346 non

977 2368 1036 2399 nisi
1060 2369 1297 2399 erubescentem
1320 2366 1406 2402 facit,
1422 2365 1569 2396 decorum
1584 2365 1638 2395 ob-

977 2422 1092 2448 servat.
1139 2417 1257 2453 Temere,
1273 2416 1440 2457 exquisite,
1458 2414 1596 2455 metaph.
1620 2424 1639 2444 a

977 2465 1116 2496 vestibus
1140 2471 1274 2508 sumpta.
1307 2465 1411 2496 Diana
1429 2465 1594 2494 altitudine
1612 2474 1636 2494 s.

977 2515 1159 2558 proceritate
1171 2520 1202 2546 et
1215 2514 1368 2556 dignitate
1383 2513 1550 2555 conspicua
1561 2518 1643 2550 (παῖ’,

978 2564 1060 2595 unde
1077 2563 1191 2605 reginae
1208 2563 1236 2594 ei
1252 2563 1423 2605 comparari
1445 2563 1555 2598 solent,
1572 2562 1637 2592 He-

977 2613 1048 2644 lena
1077 2613 1161 2654 apud
1191 2613 1371 2648 Homerum,
1396 2611 1461 2642 Od.
1484 2615 1520 2642 Δ.
1553 2612 1634 2648 122;

978 2661 1062 2693 Dido
1087 2662 1167 2704 apud
1188 2661 1277 2703 Virg.
1296 2661 1425 2692 AEneid.
1447 2661 1468 2692 i.
1484 2661 1546 2692 498
1567 2671 1636 2702 sqq.

977 2710 1031 2743 ubi
1049 2711 1127 2742 Deas
1138 2711 1334 2751 supereminet
1349 2721 1455 2742 omnes.
