1763 3181
218 184 304 226 290

612 185 663 226 Ρ.
697 185 910 227 OVIDII
945 184 1224 228 NASONIS

217 300 356 348 Rore
383 315 534 355 mero,
562 300 877 364 lacrimisque
903 301 1004 348 suis
1024 300 1216 364 jejunia
1239 301 1399 364 pavit;

217 375 326 424 Nec
352 393 405 424 se
431 376 584 424 movit
607 376 785 425 humo:
825 383 1019 424 tantum
1045 378 1306 441 spectabat
1329 377 1491 424 euntis

218 452 322 502 Ora
347 454 470 511 Dei;
511 453 779 516 vultusque
805 470 920 501 suos
947 455 1184 502 flectebat
1208 455 1270 501 ad
1296 454 1450 501 illurn.
1513 456 1610 502 265

216 529 448 578 Membra
471 530 635 578 ferunt
654 530 858 578 haesisse
884 532 988 578 solo
1007 550 1017 589 3
1059 538 1353 595 partemque
1373 530 1553 578 coloris

220 606 432 655 Luridus
459 623 740 670 exsangues
767 608 924 671 pallor
948 607 1191 655 convertit
1214 608 1263 654 in
1288 608 1468 655 herbas
1490 625 1499 655 :

217 684 311 732 Est
335 686 383 733 in
410 693 549 749 parte
576 685 751 742 rubor3
793 685 1034 748 violaeque
1060 684 1338 732 simillimus
1367 701 1452 732 ora

216 761 330 809 Flos
357 761 509 824 tegit:
549 761 634 808 illa
659 777 818 818 suum,
843 762 1068 824 quamvis
1094 761 1260 809 radice
1284 769 1496 817 tenetur,

214 838 438 885 Vertitur
461 838 525 885 ad
551 838 736 893 Solem,
765 845 1055 901 mutataque
1081 846 1243 885 servat
1267 854 1502 886 amorem.

283 915 519 971 Dixerat3
561 922 610 961 et
634 913 820 961 factum
846 915 1071 962 mirabile
1096 923 1298 979 ceperat
1322 932 1482 963 aures.
1509 919 1600 962 271

215 991 340 1039 Pars
365 992 469 1039 fieri
495 992 718 1055 potuisse
743 999 956 1055 negant3
997 1009 1112 1056 pars
1138 993 1304 1041 omnia
1322 1010 1462 1041 veros

214 1069 373 1116 Posse
395 1069 530 1116 Deos
548 1076 850 1117 memorant:
880 1070 969 1117 sed
990 1086 1087 1117 non
1106 1078 1157 1118 et
1174 1071 1405 1118 Bacchus
1427 1071 1605 1118 inillis.

214 1145 446 1193 Poscitur
470 1145 719 1203 Alcithoe,
747 1154 1015 1210 postquam
1041 1147 1220 1196 siluere
1246 1164 1467 1205 sorores,

215 1222 355 1280 Quae,
383 1223 520 1270 radio
548 1224 725 1271 stantis
751 1241 1043 1288 percurrens
1070 1226 1283 1273 stamina
1305 1226 1435 1282 telae,

1507 1228 1605 1272 275

216 1305 246 1323 “
269 1300 514 1363 Vulgatos
540 1302 730 1359 taceo,’'
757 1302 901 1358 dixit,
932 1309 962 1326 “
985 1303 1197 1367 pastoris
1223 1319 1416 1350 amores

215 1377 496 1442 Daphnidis
524 1379 662 1435 Idaei,
692 1396 842 1443 quem
870 1380 1106 1445 Nymphe
1132 1381 1323 1446 pellicis
1349 1381 1421 1427 ira

212 1455 440 1502 Contulit
464 1456 514 1502 in
538 1473 743 1505 saxum:
783 1464 951 1506 tantus
978 1460 1117 1506 dolor
1142 1459 1239 1506 urit
1262 1458 1512 1506 amantes!

279 1532 387 1580 Nec
412 1532 604 1596 loquor,
632 1540 688 1581 ut
712 1535 964 1597 quondam
990 1543 1179 1583 naturae
1199 1537 1311 1599 jure
1337 1541 1515 1582 novato

209 1665 414 1708 circumagit;
437 1667 604 1698 abeuntem
629 1667 778 1709 sequitur,
803 1673 872 1700 tan-

208 1721 258 1747 tus
274 1721 321 1746 est
336 1726 420 1747 amor
435 1716 544 1747 sideris
557 1717 562 1746 !
599 1717 694 1748 Suum
710 1728 729 1748 a
744 1728 775 1748 se
788 1728 872 1749 ama-

211 1771 290 1797 tum.

250 1816 327 1846 270.
360 1815 496 1846 Vertitur
525 1818 563 1846 ud
593 1816 715 1857 Solem]
774 1818 872 1849 Mane

207 1869 329 1907 spectat
349 1870 448 1895 ortum
472 1865 561 1901 Solis,
578 1876 704 1906 vespere
728 1877 872 1897 occasum

208 1914 259 1944 Sic
274 1915 403 1944 vertitur
417 1915 456 1943 ad
472 1914 578 1949 Solem,
594 1915 676 1955 πρὸς
692 1915 788 1954 ἥλιον
803 1915 873 1957 τρέ-

208 1975 315 2000 πεται,
332 1969 363 1994 et
379 1962 450 1994 inde
466 1964 683 2003 heliotropium.
728 1965 873 1997 Laetam.

207 2013 340 2054 Argum.
365 2023 485 2043 cursum
507 2019 604 2043 servat
631 2013 700 2043 Dei.
745 2014 791 2044 Ex
812 2013 872 2045 hac

208 2062 291 2092 floris
307 2067 427 2097 natura,
444 2061 554 2092 sabula
570 2063 655 2092 nasci
671 2062 783 2104 potuit.
818 2064 872 2093 Ce-

204 2118 292 2151 perat
312 2123 408 2148 aures,
425 2117 560 2142 attentas
585 2111 763 2142 reddiderat
784 2113 871 2154 puel-

204 2161 264 2197 las,
295 2171 410 2202 easque
440 2160 645 2191 admiratione
674 2161 869 2203 impleverat.

206 2210 289 2241 Hinc
307 2210 367 2241 illae
388 2210 627 2253 disputationes,
645 2211 754 2252 quales
775 2212 868 2242 etiam

206 2260 272 2291 viii.
295 2261 357 2291 614
378 2271 448 2301 sqq.
474 2260 633 2291 varietatis
655 2271 751 2291 causa
774 2261 867 2292 inter-

205 2315 372 2351 ponuntur.
419 2309 565 2345 Bacchus,
581 2320 654 2339 num
672 2309 847 2340 Bacchum?

248 2359 323 2389 274.
348 2359 488 2389 Poscitur
508 2370 568 2389 non
592 2359 684 2389 modo
707 2359 743 2395 is,
760 2360 813 2401 qui
829 2360 868 2391 ad

205 2408 392 2444 canendum,
409 2408 587 2443 dicendum,
604 2400 795 2440 narrandum
815 2420 868 2440 ex-

205 2457 331 2493 citatur,
346 2457 401 2488 sed
418 2463 447 2487 et
464 2457 502 2488 ad
520 2468 612 2499 quem
629 2458 703 2488 ordo
724 2459 868 2490 narrandi

205 2505 302 2542 venit,
321 2505 396 2536 licct
411 2517 429 2536 a
444 2506 567 2537 nemine
581 2507 774 2538 sollicitetur.
813 2509 868 2539 Al-

205 2557 310 2591 calme,
326 2555 414 2586 tertia
431 2566 524 2592 soror,
537 2556 576 2586 (lc
590 2556 723 2587 salmace
739 2557 822 2588 fonte
838 2564 868 2588 et

207 2606 458 2644 Ilermaphrodito
487 2615 609 2637 narrare
639 2606 761 2648 incipit.
805 2607 867 2637 Sed

205 2655 410 2696 praeteritione
418 2655 570 2686 rhetorica
581 2662 682 2692 utens,
691 2656 767 2687 alios
776 2668 867 2698 quos-

203 2704 276 2734 dam
292 2704 414 2744 mythos
426 2704 560 2735 breviter
575 2705 712 2746 attingit.
736 2706 867 2737 Veteres

202 2752 234 2784 in
251 2753 383 2784 texendo
398 2754 532 2785 stamina
548 2754 587 2785 ad
610 2755 865 2797 perpendiculum

941 1670 1110 1701 extendere
1127 1670 1280 1701 solebant.
1326 1669 1409 1699 Hinc
1425 1674 1506 1699 stans
1522 1667 1605 1707 tela;

941 1719 1016 1750 alibi
1030 1721 1173 1759 pendula.

983 1769 1058 1800 277.
1085 1769 1233 1809 Daphnis,
1252 1766 1400 1798 Mercurii
1421 1766 1514 1802 filius,
1532 1776 1603 1808 pas-

941 1823 987 1849 tor
1003 1817 1137 1854 Siculus,
1154 1828 1171 1848 a
1193 1817 1278 1847 Pane
1300 1815 1439 1847 musicen
1461 1816 1605 1851 edoctus,

939 1867 1150 1898 bucolicorum
1160 1866 1332 1897 carminum
1341 1865 1493 1896 inventor.
1508 1865 1601 1895 Hunc

941 1918 1069 1947 amabat
1090 1916 1240 1958 Nympha
1255 1915 1400 1957 quaedam
1416 1925 1453 1946 ea
1468 1915 1548 1956 lege,
1564 1925 1603 1945 ne

941 1976 1010 1996 cum
1024 1965 1085 1996 alia
1098 1976 1162 1996 rem
1174 1965 1312 1995 haberet.
1344 1963 1405 1995 Sed
1419 1964 1490 1994 vino
1503 1974 1603 2006 quou-

940 2013 1011 2044 ‹lam
1029 2014 1200 2045 inebriatus
1211 2024 1280 2044 cum
1294 2013 1401 2054 regina
1411 2012 1517 2043 Sicula
1528 2022 1602 2043 con-

940 2063 1059 2094 cubuit.
1104 2064 1186 2094 Hinc
1204 2063 1360 2104 Nymphae
1380 2062 1426 2093 ira
1445 2062 1543 2093 oculis
1558 2067 1606 2092 est

940 2114 1090 2155 privatus.
1135 2114 1185 2144 Sic
1202 2112 1264 2143 sere
1285 2123 1348 2143 rem
1375 2117 1501 2143 narrant
1522 2111 1600 2143 Dio-

940 2162 1032 2193 dorus
1047 2162 1182 2199 Siculus,
1198 2162 1240 2192 iv.
1258 2163 1317 2199 873
1334 2160 1489 2198 :Elianus,
1507 2162 1548 2192 V.
1560 2161 1602 2190 H.

937 2223 967 2242 x·
982 2213 1041 2249 l8;
1074 2211 1209 2247 Servius,
1237 2211 1275 2241 ad
1300 2211 1388 2252 Yirg.
1414 2210 1481 2241 fiel.
1502 2222 1531 2240 v.
1548 2211 1600 2241 20.

936 2261 1040 2302 Hujus
1054 2260 1233 2302 Daphnidis
1247 2260 1357 2290 laudes
1372 2259 1478 2290 multis
1494 2264 1598 2300 pasto-

936 2309 1013 2340 ritiis
1023 2310 1211 2341 carminibus
1220 2309 1379 2340 materiam
1391 2309 1599 2351 praebuerunt.

936 2359 1090 2390 Theocrit.
1122 2359 1174 2389 Id.
1200 2359 1225 2389 I.
1253 2358 1313 2397 vii;
1347 2357 1459 2399 virgil.
1482 2358 1549 2388 Ecl.
1570 2369 1599 2388 v.

936 2409 949 2438 Ι
955 2408 1019 2439 linc
1047 2410 1184 2449 vulgatos
1211 2419 1332 2439 amores.
1385 2407 1445 2438 Sed
1474 2408 1598 2443 Noster,

937 2457 1012 2488 alios
1037 2457 1119 2488 haud
1145 2457 1239 2488 dubie
1267 2462 1416 2498 sequutus
1444 2462 1597 2491 auctores,

935 2516 1007 2537 eum
1032 2505 1106 2537 facit
1133 2506 1257 2542 Iduum,
1274 2516 1366 2547 quein
1392 2505 1542 2547 Nympha
1567 2508 1598 2535 in

934 2566 1037 2586 sarum
1075 2561 1186 2586 mutat.
1248 2555 1397 2590 Contulit,
1434 2553 1599 2585 convertit.

940 2604 1036 2635 Urere
1049 2605 1089 2635 de
1106 2603 1189 2635 omni
1206 2604 1343 2643 affectu3
1366 2610 1414 2634 est
1428 2604 1510 2634 enim
1531 2614 1597 2634 om-

936 2653 1008 2684 nino
1023 2654 1174 2685 cruciare.

977 2704 1054 2734 279.
1082 2704 1289 2743 Nwamjure,
1302 2702 1389 2732 novis
1403 2707 1435 2732 ct
1448 2699 1597 2732 inauditis

936 2758 1053 2783 naturae
1075 2752 1205 2793 legibus.
1254 2753 1427 2792 meiguus.
1452 2749 1533 2781 Vide
1557 2749 1597 2780 ad
