<?xml version="1.0" encoding="UTF-8"?>
<!DOCTYPE html PUBLIC "-//W3C//DTD XHTML 1.0 Transitional//EN"
    "http://www.w3.org/TR/xhtml1/DTD/xhtml1-transitional.dtd">
<html xmlns="http://www.w3.org/1999/xhtml" xml:lang="en" lang="en">
 <head>
  <title>
</title>
<meta http-equiv="Content-Type" content="text/html;charset=utf-8" />
  <meta name='ocr-system' content='tesseract 3.04.00' />
  <meta name='ocr-capabilities' content='ocr_page ocr_carea ocr_par ocr_line ocrx_word'/>
</head>
<body>
  <div class='ocr_page' id='page_1' title='image "./povidiinasonisop03oviduoft_0468.png"; bbox 0 0 1763 3181; ppageno 0'>
   <div class='ocr_carea' id='block_1_1' title="bbox 213 181 298 221">
    <p class='ocr_par' dir='ltr' id='par_1_1' title="bbox 213 181 298 221">
     <span class='ocr_line' id='line_1_1' title="bbox 213 181 298 221; baseline 0 0"><span class='ocrx_word' id='word_1_1' title='bbox 213 181 298 221; x_wconf 75' lang='lat'>458</span> 
     </span>
    </p>
   </div>
   <div class='ocr_carea' id='block_1_2' title="bbox 210 293 1297 357">
    <p class='ocr_par' dir='ltr' id='par_1_2' title="bbox 210 293 1297 357">
     <span class='ocr_line' id='line_1_2' title="bbox 210 293 1297 357; baseline 0.001 -17"><span class='ocrx_word' id='word_1_2' title='bbox 210 293 437 350; x_wconf 85' lang='lat' dir='ltr'>Vicerat;</span> <span class='ocrx_word' id='word_1_3' title='bbox 478 302 543 349; x_wconf 90' lang='lat' dir='ltr'>et,</span> <span class='ocrx_word' id='word_1_4' title='bbox 571 302 739 357; x_wconf 84' lang='lat' dir='ltr'>spreto</span> <span class='ocrx_word' id='word_1_5' title='bbox 765 294 910 341; x_wconf 89' lang='lat' dir='ltr'>toties</span> <span class='ocrx_word' id='word_1_6' title='bbox 936 295 1090 341; x_wconf 91' lang='lat' dir='ltr'>iratus</span> <span class='ocrx_word' id='word_1_7' title='bbox 1116 311 1297 350; x_wconf 87' lang='lat' dir='ltr'>amore,</span> 
     </span>
    </p>
   </div>
   <div class='ocr_carea' id='block_1_3' title="bbox 607 178 1217 222">
    <p class='ocr_par' dir='ltr' id='par_1_3' title="bbox 607 178 1217 222">
     <span class='ocr_line' id='line_1_3' title="bbox 607 178 1217 222; baseline 0.003 -2"><span class='ocrx_word' id='word_1_8' title='bbox 607 180 653 220; x_wconf 87' lang='lat' dir='ltr'>P.</span> <span class='ocrx_word' id='word_1_9' title='bbox 690 178 901 221; x_wconf 85' lang='lat' dir='ltr'>0V1D11</span> <span class='ocrx_word' id='word_1_10' title='bbox 938 179 1217 222; x_wconf 85' lang='lat' dir='ltr'>NASONIS</span> 
     </span>
    </p>
   </div>
   <div class='ocr_carea' id='block_1_4' title="bbox 1502 299 1598 342">
    <p class='ocr_par' dir='ltr' id='par_1_4' title="bbox 1502 299 1598 342">
     <span class='ocr_line' id='line_1_4' title="bbox 1502 299 1598 342; baseline 0.042 -4"><span class='ocrx_word' id='word_1_11' title='bbox 1502 299 1598 342; x_wconf 83' lang='lat'>375</span> 
     </span>
    </p>
   </div>
   <div class='ocr_carea' id='block_1_5' title="bbox 209 371 1411 666">
    <p class='ocr_par' dir='ltr' id='par_1_5' title="bbox 209 371 1402 588">
     <span class='ocr_line' id='line_1_5' title="bbox 209 371 1396 435; baseline 0 -17"><span class='ocrx_word' id='word_1_12' title='bbox 209 371 422 418; x_wconf 83' lang='lat' dir='ltr'>Praemia</span> <span class='ocrx_word' id='word_1_13' title='bbox 447 371 671 433; x_wconf 87' lang='lat' dir='ltr'>poscenti</span> <span class='ocrx_word' id='word_1_14' title='bbox 698 379 892 418; x_wconf 85' lang='lat' dir='ltr'>taurum</span> <span class='ocrx_word' id='word_1_15' title='bbox 919 387 1150 435; x_wconf 87' lang='lat' dir='ltr'>suprema</span> <span class='ocrx_word' id='word_1_16' title='bbox 1172 373 1396 434; x_wconf 63' lang='lat' dir='ltr'>negArat.</span> 
     </span>
     <span class='ocr_line' id='line_1_6' title="bbox 210 447 1402 511; baseline 0.002 -18"><span class='ocrx_word' id='word_1_17' title='bbox 210 447 302 495; x_wconf 92' lang='lat' dir='ltr'>Ille</span> <span class='ocrx_word' id='word_1_18' title='bbox 328 448 628 509; x_wconf 83' lang='lat' dir='ltr'>indignatus,</span> <span class='ocrx_word' id='word_1_19' title='bbox 658 448 846 511; x_wconf 91' lang='lat' dir='ltr'>Cupies</span> <span class='ocrx_word' id='word_1_20' title='bbox 871 449 1006 503; x_wconf 90' lang='lat' dir='ltr'>dare,</span> <span class='ocrx_word' id='word_1_21' title='bbox 1033 448 1188 505; x_wconf 87' lang='lat' dir='ltr'>dixit;</span> <span class='ocrx_word' id='word_1_22' title='bbox 1230 456 1279 495; x_wconf 93' lang='lat' dir='ltr'>et</span> <span class='ocrx_word' id='word_1_23' title='bbox 1304 449 1402 496; x_wconf 89' lang='lat' dir='ltr'>alto</span> 
     </span>
     <span class='ocr_line' id='line_1_7' title="bbox 213 523 1377 588; baseline 0.001 -17"><span class='ocrx_word' id='word_1_24' title='bbox 213 523 430 572; x_wconf 85' lang='lat' dir='ltr'>Desiluit</span> <span class='ocrx_word' id='word_1_25' title='bbox 454 540 604 571; x_wconf 87' lang='lat' dir='ltr'>saxo:</span> <span class='ocrx_word' id='word_1_26' title='bbox 645 524 812 571; x_wconf 88' lang='lat' dir='ltr'>cuncti</span> <span class='ocrx_word' id='word_1_27' title='bbox 838 524 1081 572; x_wconf 89' lang='lat' dir='ltr'>cecidisse</span> <span class='ocrx_word' id='word_1_28' title='bbox 1107 526 1377 588; x_wconf 89' lang='lat' dir='ltr'>putabant:</span> 
     </span>
    </p>

    <p class='ocr_par' dir='ltr' id='par_1_6' title="bbox 211 600 1411 666">
     <span class='ocr_line' id='line_1_8' title="bbox 211 600 1411 666; baseline 0.002 -20"><span class='ocrx_word' id='word_1_29' title='bbox 211 601 392 648; x_wconf 86' lang='lat' dir='ltr'>Factus</span> <span class='ocrx_word' id='word_1_30' title='bbox 418 602 523 647; x_wconf 91' lang='lat' dir='ltr'>olor</span> <span class='ocrx_word' id='word_1_31' title='bbox 548 600 702 648; x_wconf 89' lang='lat' dir='ltr'>niveis</span> <span class='ocrx_word' id='word_1_32' title='bbox 727 602 980 664; x_wconf 83' lang='lat' dir='ltr'><strong>pendebat</strong></span> <span class='ocrx_word' id='word_1_33' title='bbox 1005 601 1053 647; x_wconf 89' lang='lat' dir='ltr'>in</span> <span class='ocrx_word' id='word_1_34' title='bbox 1079 618 1194 649; x_wconf 89' lang='lat' dir='ltr'>aera</span> <span class='ocrx_word' id='word_1_35' title='bbox 1218 602 1411 666; x_wconf 90' lang='lat' dir='ltr'>pennis.</span> 
     </span>
    </p>
   </div>
   <div class='ocr_carea' id='block_1_6' title="bbox 211 677 1336 741">
    <p class='ocr_par' dir='ltr' id='par_1_7' title="bbox 211 677 1336 741">
     <span class='ocr_line' id='line_1_9' title="bbox 211 677 1336 741; baseline 0.003 -18"><span class='ocrx_word' id='word_1_36' title='bbox 211 677 278 724; x_wconf 93' lang='lat' dir='ltr'>At</span> <span class='ocrx_word' id='word_1_37' title='bbox 302 678 528 740; x_wconf 81' lang='lat' dir='ltr'>genetrix</span> <span class='ocrx_word' id='word_1_38' title='bbox 557 677 730 741; x_wconf 86' lang='lat' dir='ltr'>Hyrie,</span> <span class='ocrx_word' id='word_1_39' title='bbox 758 678 937 725; x_wconf 86' lang='lat' dir='ltr'>servati</span> <span class='ocrx_word' id='word_1_40' title='bbox 964 679 1147 734; x_wconf 87' lang='lat' dir='ltr'>nescia,</span> <span class='ocrx_word' id='word_1_41' title='bbox 1170 679 1336 726; x_wconf 89' lang='lat' dir='ltr'>flendo</span> 
     </span>
    </p>
   </div>
   <div class='ocr_carea' id='block_1_7' title="bbox 1505 683 1602 725">
    <p class='ocr_par' dir='ltr' id='par_1_8' title="bbox 1505 683 1602 725">
     <span class='ocr_line' id='line_1_10' title="bbox 1505 683 1602 725; baseline 0.041 -4"><span class='ocrx_word' id='word_1_42' title='bbox 1505 683 1602 725; x_wconf 76' lang='lat'>380</span> 
     </span>
    </p>
   </div>
   <div class='ocr_carea' id='block_1_8' title="bbox 209 754 1598 1435">
    <p class='ocr_par' dir='ltr' id='par_1_9' title="bbox 209 754 1517 971">
     <span class='ocr_line' id='line_1_11' title="bbox 213 754 1416 817; baseline 0.002 -17"><span class='ocrx_word' id='word_1_43' title='bbox 213 754 461 810; x_wconf 85' lang='lat' dir='ltr'>Delicuit3</span> <span class='ocrx_word' id='word_1_44' title='bbox 503 761 837 817; x_wconf 82' lang='lat' dir='ltr'>stagnumque</span> <span class='ocrx_word' id='word_1_45' title='bbox 861 771 949 802; x_wconf 90' lang='lat' dir='ltr'>suo</span> <span class='ocrx_word' id='word_1_46' title='bbox 975 755 1037 802; x_wconf 91' lang='lat' dir='ltr'>de</span> <span class='ocrx_word' id='word_1_47' title='bbox 1062 756 1259 803; x_wconf 89' lang='lat' dir='ltr'>nomine</span> <span class='ocrx_word' id='word_1_48' title='bbox 1283 755 1416 803; x_wconf 89' lang='lat' dir='ltr'>fecit.</span> 
     </span>
     <span class='ocr_line' id='line_1_12' title="bbox 209 830 1517 894; baseline 0.002 -17"><span class='ocrx_word' id='word_1_49' title='bbox 209 831 423 893; x_wconf 87' lang='lat' dir='ltr'>Adjacet</span> <span class='ocrx_word' id='word_1_50' title='bbox 446 830 522 877; x_wconf 82' lang='lat' dir='ltr'>his</span> <span class='ocrx_word' id='word_1_51' title='bbox 548 831 793 887; x_wconf 89' lang='lat' dir='ltr'>Pleuron;</span> <span class='ocrx_word' id='word_1_52' title='bbox 836 831 885 877; x_wconf 90' lang='lat' dir='ltr'>in</span> <span class='ocrx_word' id='word_1_53' title='bbox 910 846 1011 893; x_wconf 89' lang='lat' dir='ltr'>qua</span> <span class='ocrx_word' id='word_1_54' title='bbox 1035 833 1401 894; x_wconf 82' lang='lat' dir='ltr'>trepidantibus</span> <span class='ocrx_word' id='word_1_55' title='bbox 1427 832 1517 880; x_wconf 81' lang='lat' dir='ltr'>alis</span> 
     </span>
     <span class='ocr_line' id='line_1_13' title="bbox 211 907 1311 971; baseline 0.002 -17"><span class='ocrx_word' id='word_1_56' title='bbox 211 908 403 971; x_wconf 85' lang='lat' dir='ltr'>Ophias</span> <span class='ocrx_word' id='word_1_57' title='bbox 424 907 598 970; x_wconf 81' lang='lat' dir='ltr'>effugit</span> <span class='ocrx_word' id='word_1_58' title='bbox 621 914 849 954; x_wconf 87' lang='lat' dir='ltr'>natorum</span> <span class='ocrx_word' id='word_1_59' title='bbox 874 909 1079 955; x_wconf 87' lang='lat' dir='ltr'>vulnera</span> <span class='ocrx_word' id='word_1_60' title='bbox 1101 908 1311 956; x_wconf 89' lang='lat' dir='ltr'>Combe.</span> 
     </span>
    </p>

    <p class='ocr_par' dir='ltr' id='par_1_10' title="bbox 211 983 1233 1049">
     <span class='ocr_line' id='line_1_14' title="bbox 211 983 1233 1049; baseline 0.001 -18"><span class='ocrx_word' id='word_1_61' title='bbox 211 985 335 1033; x_wconf 90' lang='lat' dir='ltr'>Inde</span> <span class='ocrx_word' id='word_1_62' title='bbox 362 985 618 1032; x_wconf 88' lang='lat' dir='ltr'>Calaureae</span> <span class='ocrx_word' id='word_1_63' title='bbox 645 983 877 1032; x_wconf 75' lang='lat' dir='ltr'>Letoidos</span> <span class='ocrx_word' id='word_1_64' title='bbox 899 985 1080 1049; x_wconf 83' lang='lat' dir='ltr'>aspicit</span> <span class='ocrx_word' id='word_1_65' title='bbox 1104 1001 1233 1042; x_wconf 89' lang='lat' dir='ltr'>arva,</span> 
     </span>
    </p>

    <p class='ocr_par' dir='ltr' id='par_1_11' title="bbox 211 1062 1598 1435">
     <span class='ocr_line' id='line_1_15' title="bbox 211 1062 1596 1126; baseline -0.001 -16"><span class='ocrx_word' id='word_1_66' title='bbox 211 1062 269 1110; x_wconf 94' lang='lat' dir='ltr'>In</span> <span class='ocrx_word' id='word_1_67' title='bbox 293 1064 543 1110; x_wconf 89' lang='lat' dir='ltr'>volucrem</span> <span class='ocrx_word' id='word_1_68' title='bbox 558 1062 685 1110; x_wconf 84' lang='lat' dir='ltr'>versi</span> <span class='ocrx_word' id='word_1_69' title='bbox 710 1078 824 1109; x_wconf 88' lang='lat' dir='ltr'>curn</span> <span class='ocrx_word' id='word_1_70' title='bbox 849 1064 1063 1126; x_wconf 83' lang='lat' dir='ltr'>conjuge</span> <span class='ocrx_word' id='word_1_71' title='bbox 1088 1064 1289 1110; x_wconf 86' lang='lat' dir='ltr'>conscia</span> <span class='ocrx_word' id='word_1_72' title='bbox 1314 1062 1460 1125; x_wconf 85' lang='lat' dir='ltr'>regis.</span> <span class='ocrx_word' id='word_1_73' title='bbox 1500 1065 1596 1109; x_wconf 73' lang='lat'>385</span> 
     </span>
     <span class='ocr_line' id='line_1_16' title="bbox 211 1140 1598 1203; baseline -0.001 -17"><span class='ocrx_word' id='word_1_74' title='bbox 211 1140 435 1188; x_wconf 81' lang='lat' dir='ltr'>Dextera</span> <span class='ocrx_word' id='word_1_75' title='bbox 447 1140 659 1203; x_wconf 86' lang='lat' dir='ltr'>Cyllene</span> <span class='ocrx_word' id='word_1_76' title='bbox 676 1146 776 1197; x_wconf 82' lang='lat' dir='ltr'>est3</span> <span class='ocrx_word' id='word_1_77' title='bbox 802 1140 851 1187; x_wconf 92' lang='lat' dir='ltr'>in</span> <span class='ocrx_word' id='word_1_78' title='bbox 868 1156 968 1203; x_wconf 89' lang='lat' dir='ltr'>qua</span> <span class='ocrx_word' id='word_1_79' title='bbox 981 1156 1095 1187; x_wconf 87' lang='lat' dir='ltr'>cum</span> <span class='ocrx_word' id='word_1_80' title='bbox 1117 1147 1273 1188; x_wconf 90' lang='lat' dir='ltr'>matre</span> <span class='ocrx_word' id='word_1_81' title='bbox 1288 1140 1598 1203; x_wconf 84' lang='lat' dir='ltr'>Menephron</span> 
     </span>
     <span class='ocr_line' id='line_1_17' title="bbox 212 1217 1409 1273; baseline 0 -9"><span class='ocrx_word' id='word_1_82' title='bbox 212 1217 579 1264; x_wconf 88' lang='lat' dir='ltr'>Concubiturus</span> <span class='ocrx_word' id='word_1_83' title='bbox 606 1224 726 1273; x_wconf 89' lang='lat' dir='ltr'>erat,</span> <span class='ocrx_word' id='word_1_84' title='bbox 754 1234 993 1265; x_wconf 80' lang='lat' dir='ltr'>saevarum</span> <span class='ocrx_word' id='word_1_85' title='bbox 1018 1234 1153 1265; x_wconf 88' lang='lat' dir='ltr'>more</span> <span class='ocrx_word' id='word_1_86' title='bbox 1178 1218 1409 1265; x_wconf 89' lang='lat' dir='ltr'>ferarum.</span> 
     </span>
     <span class='ocr_line' id='line_1_18' title="bbox 212 1294 1467 1358; baseline 0.001 -18"><span class='ocrx_word' id='word_1_87' title='bbox 212 1294 468 1357; x_wconf 85' lang='lat' dir='ltr'>Cephison</span> <span class='ocrx_word' id='word_1_88' title='bbox 494 1295 667 1357; x_wconf 90' lang='lat' dir='ltr'>procul</span> <span class='ocrx_word' id='word_1_89' title='bbox 692 1294 807 1341; x_wconf 89' lang='lat' dir='ltr'>hinc</span> <span class='ocrx_word' id='word_1_90' title='bbox 833 1294 1101 1342; x_wconf 85' lang='lat' dir='ltr'>deflentem</span> <span class='ocrx_word' id='word_1_91' title='bbox 1126 1295 1229 1343; x_wconf 86' lang='lat' dir='ltr'>fata</span> <span class='ocrx_word' id='word_1_92' title='bbox 1253 1294 1467 1358; x_wconf 88' lang='lat' dir='ltr'>nepotis,</span> 
     </span>
     <span class='ocr_line' id='line_1_19' title="bbox 212 1371 1532 1435; baseline -0.001 -17"><span class='ocrx_word' id='word_1_93' title='bbox 212 1371 444 1435; x_wconf 85' lang='lat' dir='ltr'>Respicit</span> <span class='ocrx_word' id='word_1_94' title='bbox 467 1372 515 1418; x_wconf 93' lang='lat' dir='ltr'>in</span> <span class='ocrx_word' id='word_1_95' title='bbox 541 1371 784 1418; x_wconf 89' lang='lat' dir='ltr'>tumidam</span> <span class='ocrx_word' id='word_1_96' title='bbox 806 1371 1010 1419; x_wconf 81' lang='lat' dir='ltr'>Phoeen</span> <span class='ocrx_word' id='word_1_97' title='bbox 1029 1373 1091 1419; x_wconf 83' lang='lat' dir='ltr'>ab</span> <span class='ocrx_word' id='word_1_98' title='bbox 1117 1372 1349 1435; x_wconf 90' lang='lat' dir='ltr'>Apolline</span> <span class='ocrx_word' id='word_1_99' title='bbox 1373 1371 1500 1418; x_wconf 90' lang='lat' dir='ltr'>versi</span> <span class='ocrx_word' id='word_1_100' title='bbox 1522 1388 1532 1425; x_wconf 92' lang='grc'><strong>;</strong></span> 
     </span>
    </p>
   </div>
   <div class='ocr_carea' id='block_1_9' title="bbox 211 1447 1394 1511">
    <p class='ocr_par' dir='ltr' id='par_1_12' title="bbox 211 1447 1394 1511">
     <span class='ocr_line' id='line_1_20' title="bbox 211 1447 1394 1511; baseline 0 -17"><span class='ocrx_word' id='word_1_101' title='bbox 211 1447 510 1511; x_wconf 89' lang='lat' dir='ltr'>Eumelique</span> <span class='ocrx_word' id='word_1_102' title='bbox 530 1448 732 1495; x_wconf 90' lang='lat' dir='ltr'>domum</span> <span class='ocrx_word' id='word_1_103' title='bbox 757 1448 973 1511; x_wconf 84' lang='lat' dir='ltr'>lugentis</span> <span class='ocrx_word' id='word_1_104' title='bbox 998 1448 1048 1494; x_wconf 91' lang='lat' dir='ltr'>in</span> <span class='ocrx_word' id='word_1_105' title='bbox 1073 1464 1185 1496; x_wconf 86' lang='lat' dir='ltr'>aere</span> <span class='ocrx_word' id='word_1_106' title='bbox 1212 1456 1394 1496; x_wconf 86' lang='lat' dir='ltr'>natam.</span> 
     </span>
    </p>
   </div>
   <div class='ocr_carea' id='block_1_10' title="bbox 1505 1449 1603 1493">
    <p class='ocr_par' dir='ltr' id='par_1_13' title="bbox 1505 1449 1603 1493">
     <span class='ocr_line' id='line_1_21' title="bbox 1505 1449 1603 1493; baseline 0 0"><span class='ocrx_word' id='word_1_107' title='bbox 1505 1449 1603 1493; x_wconf 86' lang='lat'>390</span> 
     </span>
    </p>
   </div>
   <div class='ocr_carea' id='block_1_11' title="bbox 209 1524 1399 1666">
    <p class='ocr_par' dir='ltr' id='par_1_14' title="bbox 209 1524 1399 1666">
     <span class='ocr_line' id='line_1_22' title="bbox 209 1524 1399 1589; baseline 0.001 -19"><span class='ocrx_word' id='word_1_108' title='bbox 209 1524 433 1572; x_wconf 88' lang='lat' dir='ltr'>Tandem</span> <span class='ocrx_word' id='word_1_109' title='bbox 458 1524 670 1588; x_wconf 87' lang='lat' dir='ltr'>vipereis</span> <span class='ocrx_word' id='word_1_110' title='bbox 697 1524 935 1588; x_wconf 88' lang='lat' dir='ltr'>Ephyren</span> <span class='ocrx_word' id='word_1_111' title='bbox 962 1525 1199 1572; x_wconf 89' lang='lat' dir='ltr'>Pirenida</span> <span class='ocrx_word' id='word_1_112' title='bbox 1222 1525 1399 1589; x_wconf 90' lang='lat' dir='ltr'>pennis</span> 
     </span>
     <span class='ocr_line' id='line_1_23' title="bbox 211 1601 1367 1666; baseline 0.001 -18"><span class='ocrx_word' id='word_1_113' title='bbox 211 1601 465 1665; x_wconf 85' lang='lat' dir='ltr'>Contigit:</span> <span class='ocrx_word' id='word_1_114' title='bbox 505 1602 584 1650; x_wconf 88' lang='lat' dir='ltr'>hic</span> <span class='ocrx_word' id='word_1_115' title='bbox 611 1618 714 1650; x_wconf 88' lang='lat' dir='ltr'>aevo</span> <span class='ocrx_word' id='word_1_116' title='bbox 739 1610 931 1651; x_wconf 91' lang='lat' dir='ltr'>veteres</span> <span class='ocrx_word' id='word_1_117' title='bbox 957 1601 1185 1650; x_wconf 87' lang='lat' dir='ltr'>mortalia</span> <span class='ocrx_word' id='word_1_118' title='bbox 1210 1603 1367 1666; x_wconf 87' lang='lat' dir='ltr'>primo</span> 
     </span>
    </p>
   </div>
   <div class='ocr_carea' id='block_1_12' title="bbox 198 1790 876 2763">
    <p class='ocr_par' dir='ltr' id='par_1_15' title="bbox 198 1790 873 1977">
     <span class='ocr_line' id='line_1_24' title="bbox 253 1790 871 1832; baseline 0.003 -11"><span class='ocrx_word' id='word_1_119' title='bbox 253 1791 327 1821; x_wconf 87' lang='lat'>379.</span> <span class='ocrx_word' id='word_1_120' title='bbox 344 1790 497 1821; x_wconf 77' lang='lat' dir='ltr'>Pendebat</span> <span class='ocrx_word' id='word_1_121' title='bbox 517 1793 548 1821; x_wconf 84' lang='lat' dir='ltr'>in</span> <span class='ocrx_word' id='word_1_122' title='bbox 567 1802 637 1821; x_wconf 86' lang='lat' dir='ltr'>aera</span> <span class='ocrx_word' id='word_1_123' title='bbox 651 1791 786 1832; x_wconf 59' lang='lat' dir='ltr'>pennis]</span> <span class='ocrx_word' id='word_1_124' title='bbox 806 1792 871 1823; x_wconf 85' lang='lat' dir='ltr'>Re-</span> 
     </span>
     <span class='ocr_line' id='line_1_25' title="bbox 209 1839 873 1883; baseline 0.002 -13"><span class='ocrx_word' id='word_1_125' title='bbox 209 1839 252 1880; x_wconf 83' lang='lat' dir='ltr'>gii</span> <span class='ocrx_word' id='word_1_126' title='bbox 269 1840 374 1876; x_wconf 85' lang='lat' dir='ltr'>nostri,</span> <span class='ocrx_word' id='word_1_127' title='bbox 391 1843 422 1870; x_wconf 85' lang='lat' dir='ltr'>in</span> <span class='ocrx_word' id='word_1_128' title='bbox 442 1852 520 1871; x_wconf 78' lang='lat' dir='ltr'>aere.</span> <span class='ocrx_word' id='word_1_129' title='bbox 565 1842 678 1872; x_wconf 86' lang='lat' dir='ltr'>Utrum</span> <span class='ocrx_word' id='word_1_130' title='bbox 693 1840 873 1883; x_wconf 84' lang='lat' dir='ltr'>praestiterit</span> 
     </span>
     <span class='ocr_line' id='line_1_26' title="bbox 209 1889 873 1927; baseline 0.005 -8"><span class='ocrx_word' id='word_1_131' title='bbox 209 1899 270 1919; x_wconf 90' lang='lat' dir='ltr'>non</span> <span class='ocrx_word' id='word_1_132' title='bbox 296 1889 445 1927; x_wconf 83' lang='lat' dir='ltr'>dixerim3</span> <span class='ocrx_word' id='word_1_133' title='bbox 461 1889 532 1920; x_wconf 86' lang='lat' dir='ltr'>vide</span> <span class='ocrx_word' id='word_1_134' title='bbox 554 1889 586 1919; x_wconf 91' lang='lat' dir='ltr'>in</span> <span class='ocrx_word' id='word_1_135' title='bbox 608 1889 687 1920; x_wconf 90' lang='lat' dir='ltr'>libro</span> <span class='ocrx_word' id='word_1_136' title='bbox 710 1889 774 1920; x_wconf 86' lang='lat' dir='ltr'>viii.</span> <span class='ocrx_word' id='word_1_137' title='bbox 800 1891 873 1922; x_wconf 81' lang='lat'>145.</span> 
     </span>
     <span class='ocr_line' id='line_1_27' title="bbox 198 1940 595 1977; baseline 0.008 -10"><span class='ocrx_word' id='word_1_138' title='bbox 198 1941 268 1977; x_wconf 84' lang='lat' dir='ltr'>jam</span> <span class='ocrx_word' id='word_1_139' title='bbox 280 1940 423 1977; x_wconf 79' lang='lat' dir='ltr'>pendebat</span> <span class='ocrx_word' id='word_1_140' title='bbox 442 1941 474 1969; x_wconf 82' lang='lat' dir='ltr'>in</span> <span class='ocrx_word' id='word_1_141' title='bbox 490 1951 595 1970; x_wconf 81' lang='lat' dir='ltr'>auras.</span> 
     </span>
    </p>

    <p class='ocr_par' dir='ltr' id='par_1_16' title="bbox 210 1987 873 2116">
     <span class='ocr_line' id='line_1_28' title="bbox 253 1987 873 2029; baseline 0.005 -12"><span class='ocrx_word' id='word_1_142' title='bbox 253 1988 327 2018; x_wconf 85' lang='lat'>381.</span> <span class='ocrx_word' id='word_1_143' title='bbox 342 1988 507 2029; x_wconf 64' lang='lat' dir='ltr'>Delicuit]</span> <span class='ocrx_word' id='word_1_144' title='bbox 528 1987 754 2029; x_wconf 87' lang='lat' dir='ltr'>Deliquescere</span> <span class='ocrx_word' id='word_1_145' title='bbox 770 1988 810 2020; x_wconf 92' lang='lat' dir='ltr'>de</span> <span class='ocrx_word' id='word_1_146' title='bbox 826 2000 873 2020; x_wconf 87' lang='lat' dir='ltr'>so-</span> 
     </span>
     <span class='ocr_line' id='line_1_29' title="bbox 210 2035 873 2079; baseline 0.002 -13"><span class='ocrx_word' id='word_1_147' title='bbox 210 2035 274 2066; x_wconf 92' lang='lat' dir='ltr'>lido</span> <span class='ocrx_word' id='word_1_148' title='bbox 300 2047 437 2078; x_wconf 89' lang='lat' dir='ltr'>corpore,</span> <span class='ocrx_word' id='word_1_149' title='bbox 462 2037 545 2078; x_wconf 90' lang='lat' dir='ltr'>quod</span> <span class='ocrx_word' id='word_1_150' title='bbox 571 2037 674 2068; x_wconf 86' lang='lat' dir='ltr'>difluit</span> <span class='ocrx_word' id='word_1_151' title='bbox 697 2037 728 2068; x_wconf 90' lang='lat' dir='ltr'>in</span> <span class='ocrx_word' id='word_1_152' title='bbox 755 2048 873 2079; x_wconf 89' lang='lat' dir='ltr'>aquas:</span> 
     </span>
     <span class='ocr_line' id='line_1_30' title="bbox 212 2083 454 2116; baseline 0.008 -2"><span class='ocrx_word' id='word_1_153' title='bbox 212 2083 302 2115; x_wconf 82' lang='lat' dir='ltr'>aliter</span> <span class='ocrx_word' id='word_1_154' title='bbox 318 2085 361 2115; x_wconf 91' lang='lat' dir='ltr'>iv.</span> <span class='ocrx_word' id='word_1_155' title='bbox 379 2086 454 2116; x_wconf 82' lang='lat'>253.</span> 
     </span>
    </p>

    <p class='ocr_par' dir='ltr' id='par_1_17' title="bbox 211 2134 876 2763">
     <span class='ocr_line' id='line_1_31' title="bbox 256 2134 876 2177; baseline 0.003 -13"><span class='ocrx_word' id='word_1_156' title='bbox 256 2134 328 2164; x_wconf 79' lang='lat'><strong>382,</strong></span> <span class='ocrx_word' id='word_1_157' title='bbox 368 2134 531 2175; x_wconf 59' lang='lat' dir='ltr'>Pleuron]</span> <span class='ocrx_word' id='word_1_158' title='bbox 571 2134 722 2176; x_wconf 88' lang='lat' dir='ltr'>Micyllus</span> <span class='ocrx_word' id='word_1_159' title='bbox 751 2135 876 2177; x_wconf 83' lang='lat' dir='ltr'>corrigit</span> 
     </span>
     <span class='ocr_line' id='line_1_32' title="bbox 213 2183 875 2225; baseline 0.002 -12"><span class='ocrx_word' id='word_1_160' title='bbox 213 2183 366 2214; x_wconf 82' lang='lat' dir='ltr'>Brauron.</span> <span class='ocrx_word' id='word_1_161' title='bbox 404 2184 498 2225; x_wconf 85' lang='lat' dir='ltr'>Regii</span> <span class='ocrx_word' id='word_1_162' title='bbox 525 2183 634 2220; x_wconf 85' lang='lat' dir='ltr'>nostri,</span> <span class='ocrx_word' id='word_1_163' title='bbox 663 2184 809 2220; x_wconf 81' lang='lat' dir='ltr'>Pleuron,</span> <span class='ocrx_word' id='word_1_164' title='bbox 826 2184 875 2216; x_wconf 90' lang='lat' dir='ltr'>vel</span> 
     </span>
     <span class='ocr_line' id='line_1_33' title="bbox 213 2232 875 2275; baseline 0.005 -14"><span class='ocrx_word' id='word_1_165' title='bbox 213 2232 365 2263; x_wconf 78' lang='lat' dir='ltr'>Pheuron.</span> <span class='ocrx_word' id='word_1_166' title='bbox 390 2233 518 2263; x_wconf 79' lang='lat' dir='ltr'>AEtoliae</span> <span class='ocrx_word' id='word_1_167' title='bbox 542 2243 614 2275; x_wconf 89' lang='lat' dir='ltr'>pars</span> <span class='ocrx_word' id='word_1_168' title='bbox 635 2233 709 2263; x_wconf 88' lang='lat' dir='ltr'>olim</span> <span class='ocrx_word' id='word_1_169' title='bbox 731 2244 749 2264; x_wconf 81' lang='lat' dir='ltr'>a</span> <span class='ocrx_word' id='word_1_170' title='bbox 770 2239 875 2265; x_wconf 84' lang='lat' dir='ltr'>monte</span> 
     </span>
     <span class='ocr_line' id='line_1_34' title="bbox 212 2281 874 2321; baseline 0.005 -10"><span class='ocrx_word' id='word_1_171' title='bbox 212 2281 308 2312; x_wconf 82' lang='lat' dir='ltr'>Curio</span> <span class='ocrx_word' id='word_1_172' title='bbox 333 2281 480 2313; x_wconf 78' lang='lat' dir='ltr'>Curetica</span> <span class='ocrx_word' id='word_1_173' title='bbox 509 2287 540 2313; x_wconf 91' lang='lat' dir='ltr'>et</span> <span class='ocrx_word' id='word_1_174' title='bbox 570 2282 740 2313; x_wconf 82' lang='lat' dir='ltr'>Pleuronia</span> <span class='ocrx_word' id='word_1_175' title='bbox 769 2283 874 2321; x_wconf 84' lang='lat' dir='ltr'>dicta3</span> 
     </span>
     <span class='ocr_line' id='line_1_35' title="bbox 217 2330 871 2364; baseline 0.003 -4"><span class='ocrx_word' id='word_1_176' title='bbox 217 2330 350 2361; x_wconf 79' lang='lat' dir='ltr'>Pleuron</span> <span class='ocrx_word' id='word_1_177' title='bbox 380 2331 462 2362; x_wconf 89' lang='lat' dir='ltr'>enirn</span> <span class='ocrx_word' id='word_1_178' title='bbox 493 2331 532 2362; x_wconf 86' lang='lat' dir='ltr'>ad</span> <span class='ocrx_word' id='word_1_179' title='bbox 559 2338 695 2362; x_wconf 88' lang='lat' dir='ltr'>montem</span> <span class='ocrx_word' id='word_1_180' title='bbox 724 2332 871 2364; x_wconf 86' lang='lat' dir='ltr'>Curium:</span> 
     </span>
     <span class='ocr_line' id='line_1_36' title="bbox 212 2379 874 2423; baseline 0.006 -14"><span class='ocrx_word' id='word_1_181' title='bbox 212 2379 277 2411; x_wconf 86' lang='lat' dir='ltr'>vid.</span> <span class='ocrx_word' id='word_1_182' title='bbox 293 2380 430 2411; x_wconf 81' lang='lat' dir='ltr'>Palmer.</span> <span class='ocrx_word' id='word_1_183' title='bbox 447 2382 576 2413; x_wconf 83' lang='lat' dir='ltr'>Graecas</span> <span class='ocrx_word' id='word_1_184' title='bbox 592 2381 818 2423; x_wconf 87' lang='lat' dir='ltr'>Antiquitates,</span> <span class='ocrx_word' id='word_1_185' title='bbox 833 2382 874 2413; x_wconf 89' lang='lat' dir='ltr'>iv.</span> 
     </span>
     <span class='ocr_line' id='line_1_37' title="bbox 216 2429 874 2473; baseline 0.005 -15"><span class='ocrx_word' id='word_1_186' title='bbox 216 2429 264 2459; x_wconf 91' lang='lat'>16.</span> <span class='ocrx_word' id='word_1_187' title='bbox 319 2429 379 2460; x_wconf 89' lang='lat' dir='ltr'>Sed</span> <span class='ocrx_word' id='word_1_188' title='bbox 414 2430 547 2461; x_wconf 87' lang='lat' dir='ltr'>Pleuron</span> <span class='ocrx_word' id='word_1_189' title='bbox 585 2429 712 2461; x_wconf 82' lang='lat' dir='ltr'>minime</span> <span class='ocrx_word' id='word_1_190' title='bbox 750 2430 874 2473; x_wconf 86' lang='lat' dir='ltr'>adjacet</span> 
     </span>
     <span class='ocr_line' id='line_1_38' title="bbox 211 2477 872 2520; baseline 0.005 -13"><span class='ocrx_word' id='word_1_191' title='bbox 211 2477 326 2519; x_wconf 88' lang='lat' dir='ltr'>Hyries</span> <span class='ocrx_word' id='word_1_192' title='bbox 351 2479 446 2509; x_wconf 87' lang='lat' dir='ltr'>lacui.</span> <span class='ocrx_word' id='word_1_193' title='bbox 486 2479 685 2510; x_wconf 84' lang='lat' dir='ltr'>Burmannus</span> <span class='ocrx_word' id='word_1_194' title='bbox 709 2490 783 2520; x_wconf 89' lang='lat' dir='ltr'>ergo</span> <span class='ocrx_word' id='word_1_195' title='bbox 805 2490 872 2510; x_wconf 88' lang='lat' dir='ltr'>cre-</span> 
     </span>
     <span class='ocr_line' id='line_1_39' title="bbox 212 2526 873 2570; baseline 0.005 -14"><span class='ocrx_word' id='word_1_196' title='bbox 212 2526 270 2563; x_wconf 86' lang='lat' dir='ltr'>dit,</span> <span class='ocrx_word' id='word_1_197' title='bbox 292 2532 416 2569; x_wconf 80' lang='lat' dir='ltr'>poetam</span> <span class='ocrx_word' id='word_1_198' title='bbox 440 2527 471 2558; x_wconf 92' lang='lat' dir='ltr'>in</span> <span class='ocrx_word' id='word_1_199' title='bbox 496 2538 626 2558; x_wconf 87' lang='lat' dir='ltr'>errorem</span> <span class='ocrx_word' id='word_1_200' title='bbox 650 2528 782 2570; x_wconf 88' lang='lat' dir='ltr'>lapsum,</span> <span class='ocrx_word' id='word_1_201' title='bbox 798 2528 873 2570; x_wconf 88' lang='lat' dir='ltr'>quia</span> 
     </span>
     <span class='ocr_line' id='line_1_40' title="bbox 213 2576 871 2619; baseline 0.005 -14"><span class='ocrx_word' id='word_1_202' title='bbox 213 2586 293 2606; x_wconf 83' lang='lat' dir='ltr'>nova</span> <span class='ocrx_word' id='word_1_203' title='bbox 320 2576 455 2607; x_wconf 89' lang='lat' dir='ltr'>Pleuron</span> <span class='ocrx_word' id='word_1_204' title='bbox 488 2576 528 2607; x_wconf 85' lang='lat' dir='ltr'>ad</span> <span class='ocrx_word' id='word_1_205' title='bbox 565 2583 700 2608; x_wconf 84' lang='lat' dir='ltr'>montem</span> <span class='ocrx_word' id='word_1_206' title='bbox 731 2578 871 2619; x_wconf 88' lang='lat' dir='ltr'>Aracyn-</span> 
     </span>
     <span class='ocr_line' id='line_1_41' title="bbox 212 2624 872 2664; baseline 0.005 -10"><span class='ocrx_word' id='word_1_207' title='bbox 212 2624 302 2655; x_wconf 88' lang='lat' dir='ltr'>thum</span> <span class='ocrx_word' id='word_1_208' title='bbox 330 2625 420 2656; x_wconf 89' lang='lat' dir='ltr'>fuerit</span> <span class='ocrx_word' id='word_1_209' title='bbox 448 2625 526 2664; x_wconf 87' lang='lat' dir='ltr'>sita;</span> <span class='ocrx_word' id='word_1_210' title='bbox 550 2626 638 2657; x_wconf 90' lang='lat' dir='ltr'>illum</span> <span class='ocrx_word' id='word_1_211' title='bbox 661 2637 733 2657; x_wconf 89' lang='lat' dir='ltr'>vero</span> <span class='ocrx_word' id='word_1_212' title='bbox 761 2627 872 2657; x_wconf 86' lang='lat' dir='ltr'>multos</span> 
     </span>
     <span class='ocr_line' id='line_1_42' title="bbox 212 2673 870 2706; baseline 0.006 -4"><span class='ocrx_word' id='word_1_213' title='bbox 212 2673 244 2703; x_wconf 79' lang='lat' dir='ltr'>in</span> <span class='ocrx_word' id='word_1_214' title='bbox 262 2674 383 2704; x_wconf 84' lang='lat' dir='ltr'>Boeotia</span> <span class='ocrx_word' id='word_1_215' title='bbox 399 2674 557 2705; x_wconf 79' lang='lat' dir='ltr'>statuisse.</span> <span class='ocrx_word' id='word_1_216' title='bbox 605 2675 709 2705; x_wconf 67' lang='lat' dir='ltr'>Combe</span> <span class='ocrx_word' id='word_1_217' title='bbox 721 2675 870 2706; x_wconf 85' lang='lat' dir='ltr'>Curetum</span> 
     </span>
     <span class='ocr_line' id='line_1_43' title="bbox 214 2721 802 2763; baseline 0.005 -13"><span class='ocrx_word' id='word_1_218' title='bbox 214 2721 242 2750; x_wconf 84' lang='lat' dir='ltr'>in</span> <span class='ocrx_word' id='word_1_219' title='bbox 263 2721 379 2751; x_wconf 62' lang='lat' dir='ltr'>Aitolia</span> <span class='ocrx_word' id='word_1_220' title='bbox 398 2729 505 2758; x_wconf 81' lang='lat' dir='ltr'>mater,</span> <span class='ocrx_word' id='word_1_221' title='bbox 522 2729 615 2762; x_wconf 81' lang='lat' dir='ltr'>gente</span> <span class='ocrx_word' id='word_1_222' title='bbox 634 2724 802 2763; x_wconf 68' lang='lat' dir='ltr'>Ophiensix.</span> 
     </span>
    </p>
   </div>
   <div class='ocr_carea' id='block_1_13' title="bbox 939 1791 1604 2754">
    <p class='ocr_par' dir='ltr' id='par_1_18' title="bbox 940 1791 1604 2127">
     <span class='ocr_line' id='line_1_44' title="bbox 982 1791 1599 1833; baseline -0.002 -11"><span class='ocrx_word' id='word_1_223' title='bbox 982 1792 1057 1823; x_wconf 85' lang='lat'>384.</span> <span class='ocrx_word' id='word_1_224' title='bbox 1099 1792 1246 1827; x_wconf 83' lang='lat' dir='ltr'>Letoidos,</span> <span class='ocrx_word' id='word_1_225' title='bbox 1281 1801 1336 1833; x_wconf 90' lang='lat' dir='ltr'>pro</span> <span class='ocrx_word' id='word_1_226' title='bbox 1374 1791 1526 1827; x_wconf 81' lang='lat' dir='ltr'>Latoidos,</span> <span class='ocrx_word' id='word_1_227' title='bbox 1563 1801 1599 1822; x_wconf 77' lang='lat' dir='ltr'>ex</span> 
     </span>
     <span class='ocr_line' id='line_1_45' title="bbox 940 1839 1604 1882; baseline -0.002 -10"><span class='ocrx_word' id='word_1_228' title='bbox 940 1841 1053 1873; x_wconf 83' lang='lat' dir='ltr'>Graeco</span> <span class='ocrx_word' id='word_1_229' title='bbox 1072 1839 1239 1880; x_wconf 82' lang='grc' dir='ltr'>Λητόιδος.</span> <span class='ocrx_word' id='word_1_230' title='bbox 1283 1839 1424 1882; x_wconf 87' lang='lat' dir='ltr'>Apollini</span> <span class='ocrx_word' id='word_1_231' title='bbox 1439 1850 1527 1871; x_wconf 89' lang='lat' dir='ltr'>sacra</span> <span class='ocrx_word' id='word_1_232' title='bbox 1548 1841 1604 1871; x_wconf 78' lang='lat' dir='ltr'>fuit</span> 
     </span>
     <span class='ocr_line' id='line_1_46' title="bbox 943 1888 1604 1932; baseline 0.003 -13"><span class='ocrx_word' id='word_1_233' title='bbox 943 1888 1101 1926; x_wconf 78' lang='lat' dir='ltr'>Calauria,</span> <span class='ocrx_word' id='word_1_234' title='bbox 1123 1895 1231 1932; x_wconf 80' lang='lat' dir='ltr'>postea</span> <span class='ocrx_word' id='word_1_235' title='bbox 1257 1889 1391 1931; x_wconf 80' lang='lat' dir='ltr'>Delphis</span> <span class='ocrx_word' id='word_1_236' title='bbox 1412 1896 1604 1921; x_wconf 81' lang='lat' dir='ltr'>commutata</span> 
     </span>
     <span class='ocr_line' id='line_1_47' title="bbox 942 1938 1603 1981; baseline 0.003 -13"><span class='ocrx_word' id='word_1_237' title='bbox 942 1939 1112 1980; x_wconf 86' lang='lat' dir='ltr'>Neptuno:</span> <span class='ocrx_word' id='word_1_238' title='bbox 1143 1938 1214 1970; x_wconf 87' lang='lat' dir='ltr'>vide</span> <span class='ocrx_word' id='word_1_239' title='bbox 1244 1939 1374 1970; x_wconf 83' lang='lat' dir='ltr'>Stanlei.</span> <span class='ocrx_word' id='word_1_240' title='bbox 1404 1939 1443 1970; x_wconf 90' lang='lat' dir='ltr'>ad</span> <span class='ocrx_word' id='word_1_241' title='bbox 1469 1939 1603 1981; x_wconf 86' lang='lat' dir='ltr'>AEschy-</span> 
     </span>
     <span class='ocr_line' id='line_1_48' title="bbox 943 1986 1604 2027; baseline 0 -10"><span class='ocrx_word' id='word_1_242' title='bbox 943 1986 1020 2023; x_wconf 89' lang='lat' dir='ltr'>lum,</span> <span class='ocrx_word' id='word_1_243' title='bbox 1051 1988 1144 2018; x_wconf 90' lang='lat' dir='ltr'>Eum.</span> <span class='ocrx_word' id='word_1_244' title='bbox 1172 1988 1224 2018; x_wconf 90' lang='lat'>30.</span> <span class='ocrx_word' id='word_1_245' title='bbox 1272 1988 1467 2027; x_wconf 79' lang='lat' dir='ltr'>Menephron,</span> <span class='ocrx_word' id='word_1_246' title='bbox 1494 1988 1604 2023; x_wconf 85' lang='lat' dir='ltr'>Arcas,</span> 
     </span>
     <span class='ocr_line' id='line_1_49' title="bbox 943 2036 1603 2078; baseline 0.002 -12"><span class='ocrx_word' id='word_1_247' title='bbox 943 2046 1015 2066; x_wconf 89' lang='lat' dir='ltr'>cum</span> <span class='ocrx_word' id='word_1_248' title='bbox 1044 2036 1156 2067; x_wconf 83' lang='lat' dir='ltr'>Bliade</span> <span class='ocrx_word' id='word_1_249' title='bbox 1187 2043 1294 2072; x_wconf 79' lang='lat' dir='ltr'>matre,</span> <span class='ocrx_word' id='word_1_250' title='bbox 1316 2043 1348 2067; x_wconf 90' lang='lat' dir='ltr'>et</span> <span class='ocrx_word' id='word_1_251' title='bbox 1374 2047 1445 2067; x_wconf 91' lang='lat' dir='ltr'>cum</span> <span class='ocrx_word' id='word_1_252' title='bbox 1470 2037 1603 2078; x_wconf 85' lang='lat' dir='ltr'>Cyllene</span> 
     </span>
     <span class='ocr_line' id='line_1_50' title="bbox 943 2085 1603 2127; baseline 0.005 -13"><span class='ocrx_word' id='word_1_253' title='bbox 943 2085 1006 2115; x_wconf 82' lang='lat' dir='ltr'>filia</span> <span class='ocrx_word' id='word_1_254' title='bbox 1024 2086 1205 2116; x_wconf 79' lang='lat' dir='ltr'>concubuit.</span> <span class='ocrx_word' id='word_1_255' title='bbox 1237 2085 1392 2127; x_wconf 85' lang='lat' dir='ltr'>Hyginus,</span> <span class='ocrx_word' id='word_1_256' title='bbox 1404 2086 1513 2117; x_wconf 83' lang='lat' dir='ltr'>fabula</span> <span class='ocrx_word' id='word_1_257' title='bbox 1529 2087 1603 2118; x_wconf 85' lang='lat'>253.</span> 
     </span>
    </p>

    <p class='ocr_par' dir='ltr' id='par_1_19' title="bbox 940 2134 1604 2558">
     <span class='ocr_line' id='line_1_51' title="bbox 987 2134 1604 2174; baseline 0.003 -10"><span class='ocrx_word' id='word_1_258' title='bbox 987 2135 1060 2164; x_wconf 88' lang='grc'><strong>388.</strong></span> <span class='ocrx_word' id='word_1_259' title='bbox 1092 2135 1210 2174; x_wconf 82' lang='lat' dir='ltr'>Cephisi</span> <span class='ocrx_word' id='word_1_260' title='bbox 1239 2134 1315 2170; x_wconf 84' lang='lat' dir='ltr'>filia,</span> <span class='ocrx_word' id='word_1_261' title='bbox 1345 2135 1469 2165; x_wconf 86' lang='lat' dir='ltr'>nomine</span> <span class='ocrx_word' id='word_1_262' title='bbox 1495 2135 1604 2166; x_wconf 80' lang='lat' dir='ltr'>Praxi-</span> 
     </span>
     <span class='ocr_line' id='line_1_52' title="bbox 943 2182 1604 2226; baseline 0.005 -14"><span class='ocrx_word' id='word_1_263' title='bbox 943 2182 1028 2219; x_wconf 87' lang='lat' dir='ltr'>thea‚</span> <span class='ocrx_word' id='word_1_264' title='bbox 1058 2189 1155 2225; x_wconf 90' lang='lat' dir='ltr'>nupta</span> <span class='ocrx_word' id='word_1_265' title='bbox 1185 2183 1243 2214; x_wconf 88' lang='lat' dir='ltr'>fuit</span> <span class='ocrx_word' id='word_1_266' title='bbox 1266 2184 1454 2220; x_wconf 83' lang='lat' dir='ltr'>Erechtheo,</span> <span class='ocrx_word' id='word_1_267' title='bbox 1477 2194 1513 2215; x_wconf 83' lang='lat' dir='ltr'>ex</span> <span class='ocrx_word' id='word_1_268' title='bbox 1541 2195 1604 2226; x_wconf 86' lang='lat' dir='ltr'>qua</span> 
     </span>
     <span class='ocr_line' id='line_1_53' title="bbox 943 2231 1604 2275; baseline 0.003 -13"><span class='ocrx_word' id='word_1_269' title='bbox 943 2231 995 2263; x_wconf 85' lang='lat' dir='ltr'>ille</span> <span class='ocrx_word' id='word_1_270' title='bbox 1022 2239 1092 2263; x_wconf 87' lang='lat' dir='ltr'>octo</span> <span class='ocrx_word' id='word_1_271' title='bbox 1121 2232 1234 2264; x_wconf 86' lang='lat' dir='ltr'>liberos</span> <span class='ocrx_word' id='word_1_272' title='bbox 1265 2233 1413 2275; x_wconf 85' lang='lat' dir='ltr'>suscepit,</span> <span class='ocrx_word' id='word_1_273' title='bbox 1444 2243 1460 2264; x_wconf 87' lang='lat' dir='ltr'>e</span> <span class='ocrx_word' id='word_1_274' title='bbox 1491 2233 1604 2275; x_wconf 88' lang='lat' dir='ltr'>quibus</span> 
     </span>
     <span class='ocr_line' id='line_1_54' title="bbox 943 2281 1603 2324; baseline 0.003 -12"><span class='ocrx_word' id='word_1_275' title='bbox 943 2292 1023 2313; x_wconf 88' lang='lat' dir='ltr'>unus</span> <span class='ocrx_word' id='word_1_276' title='bbox 1060 2281 1296 2323; x_wconf 86' lang='lat' dir='ltr'>intelligendus.</span> <span class='ocrx_word' id='word_1_277' title='bbox 1358 2282 1500 2322; x_wconf 79' lang='lat' dir='ltr'>Respicit.</span> <span class='ocrx_word' id='word_1_278' title='bbox 1529 2282 1603 2324; x_wconf 76' lang='lat' dir='ltr'>quia</span> 
     </span>
     <span class='ocr_line' id='line_1_55' title="bbox 941 2330 1603 2373; baseline 0.002 -12"><span class='ocrx_word' id='word_1_279' title='bbox 941 2330 996 2361; x_wconf 83' lang='lat' dir='ltr'>illa</span> <span class='ocrx_word' id='word_1_280' title='bbox 1021 2330 1091 2361; x_wconf 87' lang='lat' dir='ltr'>loca</span> <span class='ocrx_word' id='word_1_281' title='bbox 1114 2331 1178 2373; x_wconf 85' lang='lat' dir='ltr'>jam</span> <span class='ocrx_word' id='word_1_282' title='bbox 1208 2336 1277 2372; x_wconf 63' lang='lat' dir='ltr'>post</span> <span class='ocrx_word' id='word_1_283' title='bbox 1306 2336 1427 2371; x_wconf 82' lang='lat' dir='ltr'>tergum</span> <span class='ocrx_word' id='word_1_284' title='bbox 1457 2331 1603 2362; x_wconf 74' lang='lat' dir='ltr'>habebat.</span> 
     </span>
     <span class='ocr_line' id='line_1_56' title="bbox 942 2379 1603 2421; baseline 0.002 -12"><span class='ocrx_word' id='word_1_285' title='bbox 942 2379 1030 2410; x_wconf 85' lang='lat' dir='ltr'>Male</span> <span class='ocrx_word' id='word_1_286' title='bbox 1045 2379 1138 2421; x_wconf 84' lang='lat' dir='ltr'>igitur</span> <span class='ocrx_word' id='word_1_287' title='bbox 1153 2379 1302 2410; x_wconf 81' lang='lat' dir='ltr'>Heinsius</span> <span class='ocrx_word' id='word_1_288' title='bbox 1316 2379 1450 2420; x_wconf 80' lang='lat' dir='ltr'>corrigit,</span> <span class='ocrx_word' id='word_1_289' title='bbox 1469 2382 1603 2419; x_wconf 77' lang='lat' dir='ltr'>despicit.</span> 
     </span>
     <span class='ocr_line' id='line_1_57' title="bbox 944 2427 1603 2470; baseline 0.005 -14"><span class='ocrx_word' id='word_1_290' title='bbox 944 2427 1063 2458; x_wconf 79' lang='lat' dir='ltr'>Eumeli</span> <span class='ocrx_word' id='word_1_291' title='bbox 1099 2430 1228 2459; x_wconf 67' lang='lat' dir='ltr'>denium.</span> <span class='ocrx_word' id='word_1_292' title='bbox 1274 2428 1424 2470; x_wconf 84' lang='lat' dir='ltr'>Micyllus</span> <span class='ocrx_word' id='word_1_293' title='bbox 1455 2428 1603 2470; x_wconf 80' lang='lat' dir='ltr'>intelligit</span> 
     </span>
     <span class='ocr_line' id='line_1_58' title="bbox 940 2477 1603 2519; baseline 0.002 -12"><span class='ocrx_word' id='word_1_294' title='bbox 940 2477 1061 2513; x_wconf 84' lang='lat' dir='ltr'>Patras,</span> <span class='ocrx_word' id='word_1_295' title='bbox 1079 2477 1209 2508; x_wconf 83' lang='lat' dir='ltr'>Achaiae</span> <span class='ocrx_word' id='word_1_296' title='bbox 1233 2478 1354 2513; x_wconf 88' lang='lat' dir='ltr'>urbem,</span> <span class='ocrx_word' id='word_1_297' title='bbox 1378 2477 1467 2519; x_wconf 90' lang='lat' dir='ltr'>cujus</span> <span class='ocrx_word' id='word_1_298' title='bbox 1486 2478 1603 2519; x_wconf 90' lang='lat' dir='ltr'>primus</span> 
     </span>
     <span class='ocr_line' id='line_1_59' title="bbox 940 2528 1174 2558; baseline 0.009 -2"><span class='ocrx_word' id='word_1_299' title='bbox 940 2537 991 2557; x_wconf 86' lang='lat' dir='ltr'>rex</span> <span class='ocrx_word' id='word_1_300' title='bbox 1010 2528 1174 2558; x_wconf 88' lang='lat' dir='ltr'>Eumelus.</span> 
     </span>
    </p>

    <p class='ocr_par' dir='ltr' id='par_1_20' title="bbox 939 2577 1601 2754">
     <span class='ocr_line' id='line_1_60' title="bbox 982 2577 1601 2618; baseline -0.002 -11"><span class='ocrx_word' id='word_1_301' title='bbox 982 2577 1058 2607; x_wconf 89' lang='lat'>391.</span> <span class='ocrx_word' id='word_1_302' title='bbox 1104 2577 1225 2618; x_wconf 68' lang='lat' dir='ltr'>Ephyre</span> <span class='ocrx_word' id='word_1_303' title='bbox 1277 2577 1439 2618; x_wconf 86' lang='lat' dir='ltr'>antiquum</span> <span class='ocrx_word' id='word_1_304' title='bbox 1489 2586 1601 2607; x_wconf 87' lang='lat' dir='ltr'>nomen</span> 
     </span>
     <span class='ocr_line' id='line_1_61' title="bbox 939 2625 1599 2662; baseline -0.002 -6"><span class='ocrx_word' id='word_1_305' title='bbox 939 2625 1092 2662; x_wconf 87' lang='lat' dir='ltr'>Corinthi,</span> <span class='ocrx_word' id='word_1_306' title='bbox 1134 2626 1186 2657; x_wconf 88' lang='lat' dir='ltr'>ubi</span> <span class='ocrx_word' id='word_1_307' title='bbox 1227 2626 1336 2657; x_wconf 79' lang='lat' dir='ltr'>Pirene</span> <span class='ocrx_word' id='word_1_308' title='bbox 1378 2626 1456 2657; x_wconf 79' lang='lat' dir='ltr'>sons.</span> <span class='ocrx_word' id='word_1_309' title='bbox 1518 2625 1599 2655; x_wconf 84' lang='lat' dir='ltr'>Pris-</span> 
     </span>
     <span class='ocr_line' id='line_1_62' title="bbox 944 2674 1600 2715; baseline -0.002 -10"><span class='ocrx_word' id='word_1_310' title='bbox 944 2674 971 2705; x_wconf 91' lang='lat' dir='ltr'>ci</span> <span class='ocrx_word' id='word_1_311' title='bbox 1010 2674 1119 2706; x_wconf 79' lang='lat' dir='ltr'>incolae</span> <span class='ocrx_word' id='word_1_312' title='bbox 1149 2687 1165 2705; x_wconf 79' lang='lat' dir='ltr'>e</span> <span class='ocrx_word' id='word_1_313' title='bbox 1198 2675 1300 2715; x_wconf 86' lang='lat' dir='ltr'>fungis</span> <span class='ocrx_word' id='word_1_314' title='bbox 1337 2674 1393 2706; x_wconf 86' lang='lat' dir='ltr'>orti</span> <span class='ocrx_word' id='word_1_315' title='bbox 1431 2675 1600 2706; x_wconf 82' lang='lat' dir='ltr'>credeban-</span> 
     </span>
     <span class='ocr_line' id='line_1_63' title="bbox 943 2729 1003 2754; baseline 0.017 -1"><span class='ocrx_word' id='word_1_316' title='bbox 943 2729 1003 2754; x_wconf 77' lang='lat' dir='ltr'>tur.</span> 
     </span>
    </p>
   </div>
  </div>
 </body>
</html>
