1763 3181
406 149 1025 191 METAMORPHOSEON
1058 151 1176 192 LIB.
1210 151 1314 193 VII.
1464 154 1547 195 481

171 263 274 309 Cur
299 263 363 309 sit
387 271 439 310 et
456 264 588 309 unde
607 264 780 309 datum
797 281 808 319 ;
838 263 950 326 quis
969 264 1092 310 tanti
1115 266 1331 312 muneris
1350 268 1550 313 auctor?

168 337 292 392 Quae
317 338 458 401 petit,
480 339 563 387 ille
588 339 762 395 refert3
793 341 880 387 sed
903 356 1014 403 quae
1041 357 1236 388 narrare
1260 342 1437 404 pudori
1457 350 1553 401 est,

168 413 281 467 Qua
304 415 471 462 tulerit
494 416 740 470 mercede,
768 416 909 470 silet3
948 423 1216 479 tactusque
1240 418 1408 465 dolore

169 489 411 552 Conjugis
433 491 644 547 amissae,
673 491 887 538 lacrimis
913 493 982 539 ita
1005 493 1133 540 fatur
1158 495 1343 541 obortis
1365 512 1375 542 ε

167 565 278 612 Hoc
302 582 398 623 me,
425 574 540 614 nate
567 567 692 623 Dea,
721 568 832 630 quis
859 569 1017 630 possit
1040 570 1277 617 credere?
1313 570 1469 617 telum

167 642 309 690 Flere
333 643 467 699 facit,
494 643 744 706 facietque
768 645 868 701 diu,
896 645 937 691 si
959 645 1121 692 vivere
1146 645 1288 692 nobis
1456 650 1546 694 691

168 719 292 767 Fata
314 720 400 767 diu
424 721 682 768 dederint:
722 722 814 768 hoc
840 738 919 768 me
943 738 1058 768 cuin
1083 724 1295 785 conjuge
1319 739 1433 770 cara

166 795 419 845 Perdidit:
459 798 551 845 hoc
578 798 765 845 utinam
790 799 1060 845 caruissem
1084 815 1287 846 munere
1307 800 1528 863 semper!

164 872 362 920 Procris
387 882 509 930 erat,
536 875 578 921 si
601 874 725 922 forte
750 875 907 937 magis
933 875 1158 938 pervenit
1181 875 1244 922 ad
1268 891 1410 923 aures

167 949 401 1013 Orithyia
424 958 552 1006 tuas,
581 959 732 1015 raptae
763 967 898 998 soror
925 951 1185 1014 Orithyiae.

167 1025 222 1072 Si
246 1025 439 1082 faciem,
466 1044 730 1091 moresque
753 1028 875 1075 velis
900 1028 1122 1075 conferre
1147 1028 1372 1083 duarum,

166 1101 376 1165 Dignior
399 1103 509 1167 ipsa
533 1104 667 1167 rapi:
707 1113 849 1168 pater
874 1105 1000 1152 hanc
1025 1104 1146 1150 mihi
1172 1104 1341 1167 junxit
1364 1103 1549 1151 Erech-

362 1180 537 1237 theus;

165 1254 310 1302 Hanc
334 1256 454 1303 mihi
473 1256 641 1319 junxit
664 1272 827 1304 amor:
867 1255 987 1303 felix
1011 1255 1229 1311 dicebar,
1256 1272 1520 1318 eramque;

166 1331 282 1379 Non
314 1332 385 1379 ita
417 1332 508 1379 Dis
533 1333 693 1380 visum
730 1341 822 1389 est,
850 1349 908 1380 ac
946 1348 1077 1379 nune
1115 1348 1316 1395 quoque
1349 1332 1552 1379 forsitan

162 1406 305 1456 Alter
329 1409 569 1471 agebatur
593 1417 706 1473 post
730 1426 872 1457 sacra
889 1410 1080 1472 jugalia
1103 1409 1316 1466 mensis;
1347 1410 1548 1471 [essem.

163 1482 331 1537 Quum
356 1501 452 1541 me,
478 1485 747 1548 cornigeris
772 1487 1058 1533 tendentem
1086 1486 1210 1532 retia
1233 1485 1407 1542 cervis,
1455 1489 1545 1532 701

1456 953 1551 998 695

161 1559 362 1608 Vertice
386 1561 449 1608 de
470 1577 663 1608 summo
688 1577 884 1625 semper
907 1561 1128 1609 florentis
1156 1561 1386 1625 Hymetti

159 1707 281 1750 reliqua
300 1709 441 1751 profecta
454 1708 516 1740 sint
534 1709 573 1740 ab
588 1708 695 1740 Ovidii
714 1719 819 1739 manu.

161 1757 295 1789 Codices
318 1758 413 1789 nostri
428 1758 522 1800 Regii
538 1758 655 1789 habent
677 1758 748 1792 Quae
769 1769 820 1797 pe—

161 1809 209 1843 tit,
224 1808 277 1837 ille
291 1807 387 1849 refe-rt
396 1819 408 1845 ‚·
433 1814 460 1838 et
482 1814 590 1838 caetera
614 1814 681 1838 nota
693 1808 819 1846 pudori.-

159 1855 340 1897 spectabilis
361 1856 455 1887 lectio
477 1866 547 1897 quae
568 1856 635 1898 jam
649 1855 776 1896 Mycilli
791 1861 822 1886 et

160 1904 312 1935 Glareani
335 1910 472 1936 mentem
496 1904 663 1935 sollicitam
686 1904 818 1935 fecerat:

159 1958 274 1983 caetera
297 1961 382 1987 nota.
400 1959 434 1984 ut
459 1953 557 1989 aiunt,
572 1953 623 1984 vel
647 1965 703 1994 quo
723 1955 821 1992 pretio

159 2004 316 2043 receperit,
342 2002 504 2044 Cephalus
528 2002 568 2032 ob
597 2002 757 2044 pudorem,
773 2012 821 2032 re-

158 2050 245 2082 ticet.

201 2101 278 2132 694.
289 2101 412 2131 Procris
423 2106 637 2140 erat—ruptae,
649 2100 727 2139 etc.]
741 2100 768 2129 V
771 2098 822 2130 ide

159 2153 192 2179 et
205 2148 312 2179 confer
325 2159 397 2179 cum
412 2149 470 2180 hoc
485 2149 564 2185 loco,
581 2147 622 2179 vi.
636 2149 710 2178 681.
751 2148 821 2177 Ori-

159 2197 249 2238 thyiaz
264 2197 374 2239 rapina
388 2204 456 2229 erat
469 2198 501 2228 in
517 2198 643 2229 Graecia
657 2208 705 2227 res
726 2197 822 2227 notis-

158 2245 248 2282 sima,
262 2245 436 2288 eademque
451 2246 548 2277 veluti
564 2256 620 2276 suo
634 2245 818 2285 cognomine

157 2300 247 2334 rapta
262 2294 439 2326 dicebatur.
462 2294 545 2326 Vide
566 2293 743 2324 Heinsium.
787 2294 820 2323 Si

147 2343 276 2384 faciem,
292 2349 374 2382 etc.;
397 2354 458 2374 non
471 2343 631 2374 commode
646 2342 737 2373 modo
751 2353 821 2373 eam

156 2392 202 2424 sic
223 2392 344 2429 laudat,
360 2393 416 2424 sed
439 2399 471 2423 et
492 2392 620 2423 consilio
635 2391 820 2422 convenien-

158 2445 216 2472 ter.
274 2441 407 2483 Dignior
432 2443 497 2481 ipsa
525 2443 593 2480 rapi
603 2452 615 2477 ,·
660 2439 822 2481 anteponit

158 2489 318 2531 Cephalus
343 2489 470 2520 Procrin
494 2488 658 2529 Orithyiae,
679 2488 821 2529 quamvis

158 2538 226 2569 haec
240 2538 280 2569 ob
295 2538 559 2579 pulchritudinem
576 2548 595 2568 a
610 2539 710 2568 Borea
731 2543 820 2578 rapta

159 2587 252 2618 fuisse
267 2587 419 2618 videatur.
444 2587 548 2623 Pater,
560 2593 620 2617 etc.
636 2586 702 2617 vult
717 2586 819 2616 dicere

158 2635 333 2677 legitimum
367 2635 460 2666 fuisse
497 2634 741 2670 matrimonium,
769 2634 820 2664 cui

160 2684 255 2715 etiam
285 2684 341 2715 Dii
372 2685 475 2716 favere
511 2683 685 2714 debuerint.
748 2683 820 2713 Ere-

887 1711 1008 1741 chtheus
1033 1715 1117 1740 recte
1143 1720 1162 1740 a
1184 1708 1325 1751 plurimis
1352 1709 1552 1750 scriptoribus

889 1759 1066 1789 nominatur
1077 1770 1085 1796 3
1101 1757 1182 1788 male
1194 1758 1348 1798 Hyginus,
1361 1757 1469 1788 fabula
1480 1759 1551 1789 189.

891 1808 1051 1838 Pandiona
1065 1812 1228 1837 memorat.
1255 1806 1437 1837 Erechtheus
1450 1806 1551 1837 Athe-

889 1866 998 1887 narum
1013 1856 1072 1886 fuit
1086 1866 1154 1890 rex,
1171 1854 1254 1886 unde
1269 1854 1479 1885 Athenienses
1501 1855 1549 1885 in-

889 1904 1012 1935 terdum
1024 1904 1231 1934 Erechthiadae
1242 1904 1444 1934 vocabantur.
1462 1904 1547 1933 Amo-

890 1965 950 1984 rem
965 1953 1044 1983 bene
1067 1952 1117 1982 hic
1133 1956 1294 1986 memorat,
1309 1959 1344 1982 ut
1359 1951 1390 1981 in
1404 1951 1449 1981 iv.
1467 1952 1528 1982 757
1541 1963 1550 1989 ;

887 2002 953 2033 sine
973 2011 1069 2032 causa
1087 2000 1182 2041 igitur
1204 2000 1353 2031 Heinsius
1367 2000 1488 2040 Hymen
1502 2011 1549 2031 re-

888 2051 962 2093 poni
976 2049 1088 2081 voluit.
1136 2050 1165 2079 F
1165 2051 1224 2080 elix
1237 2049 1369 2090 conjuge
1384 2049 1474 2090 quasi
1488 2050 1549 2080 for-

889 2099 975 2130 mula
995 2098 1150 2129 solennis:
1175 2097 1280 2128 confer
1302 2098 1382 2128 infra
1396 2107 1460 2128 ver.
1476 2098 1550 2129 799.

890 2148 960 2178 Non
974 2149 1019 2178 ita
1035 2147 1093 2177 Dis
1107 2150 1211 2182 visum,
1225 2157 1285 2177 vox
1295 2156 1411 2182 eorum,
1425 2145 1480 2187 qui
1491 2156 1549 2177 ex-

889 2196 1032 2227 ciderunt
1046 2196 1125 2226 bono
1141 2194 1259 2236 aliquo.

931 2246 1006 2275 702.
1042 2244 1167 2274 Flarens
1201 2244 1364 2283 Hymettus
1391 2242 1486 2273 etiam
1516 2243 1548 2274 in

887 2293 958 2324 Art.
981 2293 1088 2323 Amat.
1116 2291 1163 2322 iii.
1188 2292 1249 2322 687
1277 2302 1346 2332 sqq.
1375 2290 1429 2321 ubi
1454 2300 1549 2322 causa

888 2341 980 2382 hujus
1000 2340 1127 2382 epitheti
1142 2339 1294 2375 redditur,
1313 2338 1387 2380 quia
1406 2338 1548 2370 innume·

887 2389 929 2420 ris
957 2390 1101 2421 arborum
1129 2394 1160 2419 et
1189 2388 1354 2418 herbarum
1384 2386 1548 2428 generibus

889 2443 1001 2469 tectus.
1045 2437 1097 2467 Ad
1112 2436 1249 2467 radicem
1263 2436 1355 2477 hujus
1368 2435 1481 2465 montis
1495 2445 1547 2466 ve-

887 2487 1019 2517 nabatur
1033 2487 1113 2516 bene
1129 2495 1230 2521 mane,
1242 2494 1374 2525 eumque
1393 2483 1470 2514 vidit
1480 2484 1545 2514 Au-

887 2546 966 2571 rora,
982 2535 1035 2565 ubi
1058 2540 1178 2576 partem
1202 2533 1276 2564 eoeli
1301 2532 1456 2573 attigerat,
1476 2543 1546 2573 quae

887 2592 952 2616 erat
981 2594 1073 2625 super
1099 2585 1235 2614 verticem
1266 2581 1388 2612 montis.
1432 2581 1544 2617 Lutea,

888 2643 1008 2668 crocea,
1022 2632 1116 2664 etiam
1130 2631 1194 2662 xiii.
1206 2632 1268 2661 579
1283 2642 1290 2667 ;
1305 2637 1336 2660 et
1348 2629 1460 2670 Virgil.
1471 2630 1546 2660 AEn.

889 2682 940 2711 vii.
956 2682 1010 2711 26.
1038 2681 1149 2711 Lutum
1167 2680 1269 2710 herbae
1285 2688 1393 2719 genus,
1409 2677 1544 2712 Gallice,
