1729 3207
399 196 1023 240 METAMORPHOSEON
1056 196 1177 238 LIB.
1210 197 1248 238 Ι.

1434 199 1517 240 137

134 315 249 363 Sole
284 322 425 363 satus
454 313 737 369 Phaethon,
765 328 916 375 quem
951 312 1205 374 quondam
1236 328 1417 375 magna
1452 314 1521 360 lo-

330 398 583 455 quentem,

1425 395 1515 438 751

132 468 240 516 Nec
266 468 361 516 sibi
387 468 665 524 cedentem,
687 466 984 530 Phoeboque
1005 474 1209 530 parente
1231 468 1519 531 superbum,

132 545 246 592 Non
260 545 374 592 tulit
393 545 674 600 Inachides,
695 549 725 567 ‘⁶
744 543 1012 606 Matrique,
1031 544 1116 601 ait,
1135 544 1301 591 omnia
1315 545 1521 592 demens

133 623 309 670 Credis
332 641 343 680 ;
384 630 434 670 et
457 639 511 670 es
535 622 756 669 tumidus
782 621 1015 683 genitoris
1042 621 1255 684 imagine
1280 621 1441 669 falsi.”

132 699 344 747 Erubuit
368 699 650 754 Phaethon,
673 699 897 761 iramque
923 699 1110 762 pudore
1136 699 1396 763 repressit:
1428 702 1522 749 755

132 776 198 824 Et
220 777 333 824 tulit
357 778 420 824 ad
447 777 727 840 Clymenen
753 775 951 840 Epaphi
977 777 1202 824 convicia
1225 784 1450 824 matrem.

134 853 390 918 “Quoque
416 854 572 916 magis
593 854 778 908 doleas,
798 852 1029 915 genitrix,
1048 854 1131 908 ait,
1154 854 1237 901 ille
1263 870 1355 916 ego
1381 854 1522 911 liber,

133 930 225 979 Ille
250 931 389 980 ferox
412 932 545 980 tacui
565 949 574 980 :
613 931 771 996 pudet
794 931 900 978 haec
927 931 1192 995 opprobria
1216 931 1360 978 nobis

134 1087 323 1124 auctoribus,
339 1087 393 1129 qui
411 1094 546 1125 exstant,
568 1099 636 1120 eam
660 1088 794 1131 repetie-

134 1142 206 1166 runt
227 1136 360 1167 Aristot.
387 1137 427 1168 de
448 1137 659 1173 Mirabilibus,
681 1148 709 1168 c.
735 1139 776 1168 82
788 1149 797 1175 ;

136 1185 241 1227 Apoll.
258 1185 322 1217 Rh.
341 1186 419 1228 Arg.
431 1186 473 1217 iv.
489 1188 550 1218 597
567 1198 637 1229 sqq.
669 1187 796 1218 Lucret.

135 1246 164 1265 v.
199 1236 392 1274 397—405;
425 1236 539 1267 Manil.
574 1237 594 1267 i.
630 1238 692 1268 733
727 1248 796 1279 sqq.

136 1284 253 1325 Hygin.
268 1285 331 1316 fab.
347 1287 406 1317 152
420 1296 439 1316 a
459 1287 580 1317 caeteris
595 1286 799 1325 dissentiens3

137 1334 267 1366 Lucian.
287 1335 403 1367 Astrol.
419 1342 442 1367 t.
457 1347 488 1367 v.
502 1347 533 1377 p.
550 1337 624 1367 223.
644 1342 675 1367 et
696 1336 799 1378 copio-

137 1383 199 1414 sius
223 1383 255 1414 in
282 1384 367 1415 Dial.
390 1386 487 1416 Deor.
514 1387 566 1416 25.
595 1385 650 1416 ubi
676 1385 801 1427 Jupiter

137 1432 317 1475 Apollinem
347 1433 499 1476 increpat,
529 1434 613 1475 quod
644 1432 802 1477 insipienti

138 1482 370 1514 adolescentulo
385 1494 482 1525 equos
503 1484 618 1515 solares
639 1484 802 1515 commise-

138 1531 195 1562 rit:
213 1532 244 1562 in
258 1532 370 1574 quibus
386 1533 486 1564 multa
501 1533 665 1564 Ovidianis
677 1533 802 1565 similia.

138 1580 242 1611 Priore
265 1581 333 1612 loco
353 1582 483 1613 Lucian.
503 1583 673 1619 contendit,
699 1583 801 1613 Phae-

139 1630 276 1661 thontem
295 1630 516 1662 Astronomum
535 1632 643 1669 fuisse,
660 1632 713 1673 qui
733 1643 801 1663 cur-

138 1690 206 1710 sum
226 1680 298 1710 solis
317 1680 500 1722 designarit,
520 1681 575 1712 sed
598 1688 683 1717 ante,
708 1692 802 1723 quam

139 1739 216 1770 opus
241 1730 416 1771 perficeret,
438 1737 577 1762 mortuus
604 1731 653 1761 sit.
698 1731 803 1761 Etiam

139 1779 282 1815 Proclus,
301 1779 341 1810 ad
362 1779 441 1810 Tim.
459 1780 544 1812 Plat.
559 1792 590 1822 p.
611 1782 651 1811 33
672 1791 736 1822 seq.
758 1781 803 1811 sa-

139 1828 246 1858 bulam
260 1839 276 1859 e
289 1829 426 1871 physicis
438 1829 658 1872 interpretatus
673 1836 730 1861 est.
755 1830 804 1861 Cf.

139 1882 171 1909 et
193 1878 338 1909 Philostr.
364 1879 450 1910 Icon.
474 1879 495 1910 i.
518 1881 548 1910 2.
587 1880 710 1914 Noster,
735 1890 804 1921 quae

143 1928 258 1959 tradita
282 1935 458 1970 acceperat,
487 1936 518 1960 et
541 1929 750 1971 copiosissime
777 1936 808 1960 et

143 1976 352 2009 eruditissime
368 1984 576 2019 persequutus
595 1985 642 2009 est
656 1991 664 2017 3
687 1979 740 2009 sed
757 1979 807 2009 hic

144 2037 205 2057 non
220 2027 334 2064 minus,
348 2038 442 2069 quam
457 2029 489 2058 in
502 2028 620 2059 diluvio
637 2028 807 2060 Deucalio-

146 2087 214 2111 neo,
232 2077 401 2108 luxurianti
416 2077 540 2119 ingenio
556 2077 697 2109 indulsit.
728 2079 808 2110 Turn

147 2125 311 2167 discerpsit
340 2126 478 2158 fabulam
506 2127 561 2163 ita,
591 2134 627 2158 ut
660 2128 807 2170 majorem

145 2174 212 2216 ejus
230 2181 349 2217 partem
372 2175 404 2206 in
419 2176 489 2207 libr.
504 2182 687 2218 sequentem
708 2183 810 2208 trans-

146 2224 248 2255 ferret.
286 2225 380 2261 Quod
394 2225 467 2256 olim
481 2236 576 2267 quum
592 2225 720 2257 moleste
735 2237 811 2257 non-

147 2272 226 2303 nulli
247 2273 372 2309 ferrent,
397 2274 515 2304 factum
538 2274 678 2310 arbitror,
701 2281 735 2305 ut
761 2275 812 2306 hic

146 2322 318 2352 secundum
343 2322 457 2354 librum
479 2323 663 2360 ordirentur,
679 2335 748 2366 quae
765 2325 811 2354 di-

147 2370 224 2401 visio
266 2370 299 2401 in
341 2378 473 2413 quatuor
511 2372 614 2404 Codd.
654 2373 814 2414 reperitur.

148 2420 277 2456 Seneca,
301 2420 340 2451 de
366 2421 491 2453 Provid.
516 2424 546 2453 5.
570 2422 640 2453 loca
662 2423 812 2454 nonnulla

150 2468 222 2500 inde
242 2469 383 2500 laudavit
404 2470 443 2500 ad
458 2470 676 2502 illustrandam
692 2471 811 2502 fortitu-

149 2517 254 2548 dinem
274 2518 308 2548 in
329 2519 505 2560 appetenda
526 2520 651 2551 virtute.
698 2521 738 2551 Et
757 2532 811 2563 po-

150 2573 210 2597 test
225 2567 292 2598 haec
312 2568 375 2598 fab.
391 2579 479 2610 aeque
496 2579 532 2599 ac
547 2569 706 2611 AEsopica,
722 2581 814 2600 usum

152 2616 298 2646 moralem
319 2616 444 2648 habere.
466 2618 514 2648 Ea
539 2617 620 2648 enim
642 2629 813 2654 monemur,

153 2675 190 2695 ne
207 2670 390 2707 appetamus
405 2677 474 2707 quae
488 2677 581 2708 supra
597 2667 676 2697 vires
697 2674 815 2698 nostras

153 2720 236 2750 sunt,
265 2719 297 2744 et
329 2720 364 2745 ut
398 2715 619 2757 sapientiorum
655 2716 814 2747 hominum

155 2761 291 2794 consiliis
313 2763 378 2805 regi
398 2774 452 2795 nos
472 2765 620 2796 sinamus.
664 2766 741 2796 Hor.
756 2766 815 2796 lv.

865 1087 928 1119 Od.
950 1087 983 1119 ii.
1009 1089 1060 1119 25.
1086 1087 1136 1119 Cf.
1164 1094 1195 1118 et
1219 1086 1327 1129 Eurip.
1350 1087 1459 1128 fragm.
1485 1086 1530 1118 iii.

866 1138 1015 1178 AEqualis.
1040 1137 1092 1168 vii.
1108 1138 1182 1168 658.
1202 1147 1288 1177 pares
1305 1138 1393 1166 annis
1408 1138 1530 1166 animis-

865 1199 930 1227 que.
976 1188 1102 1222 Animis,
1119 1186 1228 1228 spiritu
1244 1191 1275 1217 et
1290 1186 1445 1228 superbia.

910 1238 981 1267 751.
1009 1236 1125 1277 Blagna
1148 1235 1251 1277 loqui]
1280 1236 1527 1277 Μεγαλαυχεῖν,

866 1287 1118 1328 μεγαληγορεῖν,
1170 1285 1305 1327 gloriari,
1351 1285 1529 1327 superbire:

868 1335 939 1366 vide
963 1335 1002 1366 ad
1026 1337 1068 1366 ix.
1084 1336 1137 1366 31.
1186 1336 1335 1370 Juvenes,
1352 1345 1448 1376 quum
1469 1334 1532 1365 suis

868 1385 1007 1416 nondum
1031 1385 1209 1416 inclaruere
1225 1384 1402 1427 yirtutibus,
1418 1384 1457 1415 (le
1478 1395 1530 1425 ge-

869 1435 950 1466 neris
965 1435 1128 1465 nobilitate
1144 1434 1293 1465 rixantur.

915 1485 988 1515 752.
1033 1484 1097 1515 Nec
1133 1485 1188 1514 sibi
1223 1483 1400 1523 cedentem]
1447 1482 1533 1520 Quia

870 1534 992 1564 Phoebo
1016 1539 1103 1575 patre
1122 1534 1192 1564 Deo
1215 1538 1307 1563 natus
1329 1537 1425 1568 esset,
1442 1543 1532 1574 aeque

871 1594 908 1614 ac
924 1583 1083 1625 Epaphus,
1099 1593 1205 1613 verum
1227 1592 1288 1612 non
1309 1592 1398 1622 aeque
1420 1592 1533 1622 magno

870 1632 951 1667 Deo,
976 1638 1010 1662 ut
1033 1632 1106 1669 ille;
1136 1641 1209 1661 nam
1233 1629 1309 1671 quid
1331 1631 1409 1661 Jove
1433 1630 1533 1672 majus

870 1681 1024 1712 habetur?
1048 1681 1167 1711 Cedere
1182 1690 1254 1721 ergo
1272 1679 1435 1710 Phaethon
1451 1680 1535 1721 Epa-

870 1731 932 1773 pho
969 1731 1129 1762 debuisset
1165 1730 1197 1761 in
1234 1730 1292 1760 hac
1330 1736 1429 1771 parte.
1472 1730 1534 1760 Sed

871 1781 1076 1812 Phaethontis
1113 1781 1231 1812 animos
1267 1780 1413 1822 augebat,
1449 1780 1535 1822 quod

873 1841 965 1862 avum
989 1831 1117 1861 haberet
1132 1832 1254 1866 Jovem,
1271 1836 1302 1860 et
1325 1829 1475 1871 Epaphus
1496 1829 1535 1860 de

875 1891 932 1911 avo
945 1881 1070 1923 gloriari
1087 1892 1145 1911 non
1162 1886 1302 1922 poterat:
1324 1890 1397 1910 nam
1410 1878 1535 1910 Saturni

874 1930 995 1961 nullum
1006 1930 1072 1972 jam
1088 1940 1201 1960 nomen
1217 1934 1293 1960 erat.

919 1981 991 2011 754.
1019 1979 1191 2019 Tumidus]
1231 1979 1356 2009 Tumere
1384 1978 1423 2009 de
1453 1978 1535 2009 fastu

876 2035 908 2060 et
932 2029 1090 2071 superbia.
1136 2029 1255 2064 Falsus,
1277 2028 1330 2070 qui
1356 2033 1482 2070 putatur
1509 2027 1535 2058 is

876 2090 953 2114 esse,
965 2079 1018 2120 qui
1027 2089 1133 2109 revera
1143 2089 1204 2109 non
1216 2083 1278 2109 est:
1296 2077 1366 2108 vide
1379 2077 1535 2108 Brouekh.

876 2128 916 2159 ad
942 2129 1082 2170 Propert.
1106 2129 1152 2159 ΙΙ.
1175 2128 1224 2159 El.
1248 2128 1301 2159 vii.
1325 2128 1376 2158 43.
1422 2128 1537 2169 Imago,

877 2177 955 2208 salsa
971 2177 1015 2208 rei
1029 2177 1271 2219 repraesentatio,
1287 2176 1319 2207 ii.
1335 2178 1387 2208 37.

921 2228 995 2257 756.
1026 2227 1112 2257 Tulit
1131 2228 1169 2256 ad
1185 2226 1336 2266 matrem]
1361 2226 1449 2255 More
1462 2236 1538 2267 pue-

878 2287 991 2311 rorum,
1008 2275 1061 2317 qui
1082 2275 1189 2306 offensi
1213 2275 1251 2305 ab
1275 2275 1458 2317 aequalibus,
1474 2285 1538 2305 rem

879 2326 918 2356 ad
936 2331 1080 2367 parentes
1095 2324 1250 2360 deferunt,
1266 2331 1297 2354 et
1313 2325 1352 2354 ab
1368 2323 1404 2354 iis
1418 2323 1538 2354 vindic-

879 2381 941 2405 tam
958 2380 1078 2415 petunt.

923 2425 995 2455 757.
1022 2424 1122 2459 Liber,
1144 2422 1209 2464 qui,
1234 2421 1390 2453 neminem
1417 2421 1540 2458 timens,

881 2473 958 2504 dicit
972 2479 1002 2504 et
1018 2473 1103 2508 facit,
1120 2483 1189 2513 quae
1205 2472 1263 2513 ipsi
1284 2477 1369 2501 recta
1384 2470 1541 2502 videntur.

881 2523 964 2553 Plin.
974 2523 1016 2553 vi.
1026 2522 1084 2563 Ep.
1096 2521 1160 2552 viii.
1174 2522 1191 2551 8
1205 2534 1210 2551 :
1231 2521 1387 2561 Nonseret
1399 2531 1539 2561 magnum

881 2579 909 2602 et
939 2573 1063 2602 liberum
1088 2572 1243 2612 ingenium
1268 2581 1333 2600 cum
1360 2570 1540 2599 contumelia

883 2623 1035 2651 damnum.
1081 2620 1176 2649 Feror
1197 2630 1268 2661 opp.
1285 2617 1347 2648 leni
1364 2623 1394 2648 et
1415 2617 1540 2659 placido

883 2669 1020 2711 ingenim
1064 2668 1132 2699 Cic.
1148 2669 1219 2699 Sen.
1236 2679 1267 2698 n.
1284 2668 1343 2698 33:
1380 2667 1540 2707 infirmitas

880 2729 1039 2759 puerorum
1055 2717 1398 2758 est,fer0cinjurenum.
