1763 3181
220 198 308 241 316
623 197 673 238 Ρ.
706 195 917 240 OVIDII
951 196 1228 239 NASONIS

226 320 256 338 “
285 312 535 376 Hospes,”
561 312 628 360 ait
653 311 867 359 Perseus
893 311 978 367 illi,
1009 317 1039 335 “
1061 329 1148 360 seu
1174 312 1328 375 gloria
1352 314 1511 376 tangit

220 390 292 437 Te
309 389 501 452 generis
519 388 684 451 magni
703 405 712 436 :
737 388 931 451 generis
947 388 1066 435 mihi
1081 388 1278 453 Jupiter
1294 398 1462 438 auctor
1479 409 1488 447 ;

223 467 337 513 Sive
364 483 416 514 es
442 466 643 514 mirator
667 481 846 522 rerum,
873 466 1114 514 mirabere
1140 475 1348 515 nostras.
1509 469 1605 515 640

220 543 525 608 Hospitium,
545 544 870 607 requiemque
887 543 1051 608 peto.⁷’
1090 543 1283 591 Memor
1299 544 1382 592 ille
1396 552 1605 592 vetustae

223 621 381 669 Sortis
398 628 529 668 erat:
554 620 756 668 Themis
772 621 898 667 hanc
916 620 1121 667 dederat
1140 619 1379 668 Parnasia
1394 628 1602 679 sortem3

222 703 253 722 “
275 698 511 761 Tempus,
535 697 669 754 Atla‚
691 697 871 752 veniet,
893 704 979 744 tua
999 713 1097 760 quo
1123 697 1416 761 spoliabitur
1441 714 1559 745 auro

220 775 407 822 Arbor:
448 782 497 822 et
530 775 661 822 hunc
699 775 878 838 praedae
914 774 1113 821 titulum
1138 774 1261 822 Jove
1288 782 1430 822 natus
1455 775 1606 823 habe-

222 852 281 898 Id
307 859 550 907 metuens,
576 853 747 899 solidis
773 852 993 915 pomaria
1017 853 1264 899 clauserat
1291 853 1429 900 Atlas
1464 852 1606 915 [bit.''

222 928 490 984 Moenibus,
519 936 569 976 et
592 936 731 976 vasto
754 929 961 976 dederat
987 929 1228 976 servanda
1252 929 1481 985 draconi3
1511 932 1606 976 646

220 1005 540 1069 Arcebatque
566 1007 668 1054 suis
695 1013 926 1054 externos
947 1005 1128 1052 finibus
1154 1021 1342 1052 omnes.
1459 1007 1605 1067 [rum,

221 1082 354 1130 Hinc
380 1099 596 1146 quoque,
627 1090 657 1108 ‘⁶
677 1083 818 1131 Vade
843 1083 1030 1147 procul,
1057 1099 1119 1129 ne
1155 1083 1301 1145 longe
1341 1082 1497 1145 gloria
1533 1098 1607 1129 re-

222 1159 359 1214 Quas
384 1161 655 1216 mentiris‚’'
682 1161 766 1217 ait,
796 1166 826 1184 “
853 1161 999 1222 longe
1024 1160 1113 1207 tibi
1138 1159 1335 1223 Jupiter
1360 1159 1542 1207 absit.''

220 1236 438 1300 Vimque
463 1238 608 1284 minis
636 1238 802 1296 addit;
835 1237 1125 1301 foribusque
1151 1238 1401 1301 expellere
1427 1242 1588 1284 tentat

222 1314 574 1372 Cunctantem,
588 1323 638 1363 et
652 1315 860 1380 placidis
877 1316 1170 1363 miscentem
1181 1314 1327 1361 fortia
1341 1313 1601 1362 dictis.651

220 1390 422 1438 Viribus
448 1391 672 1449 inferior;
713 1392 825 1455 quis
851 1393 982 1439 enim
1007 1408 1094 1456 par
1118 1398 1253 1439 esset
1276 1391 1465 1438 Atlanti

220 1467 449 1515 Viribus?
489 1474 520 1493 “
537 1468 605 1515 At
625 1469 859 1532 quoniam
875 1468 1010 1532 parvi
1029 1468 1119 1515 tibi
1141 1468 1300 1530 gratia
1318 1475 1486 1515 nostra
1501 1473 1577 1515 est
1593 1485 1604 1525 ;

220 1543 411 1608 Accipe
431 1546 660 1601 munus,''
681 1546 774 1603 ait;
804 1547 1028 1610 laevaque
1049 1561 1078 1592 a
1099 1553 1238 1609 parte
1258 1544 1484 1592 Medusae
1510 1546 1605 1592 654

221 1621 339 1685 Ipse
364 1629 668 1670 retroversus
695 1624 976 1686 squalentia
999 1623 1216 1688 prodidit
1240 1638 1339 1669 ora.
1486 1623 1608 1685 [que

221 1698 451 1753 Quantus
467 1706 587 1755 erat,
606 1716 746 1747 mons
768 1700 928 1748 factus
944 1700 1086 1748 Atlas
1105 1717 1114 1749 :
1138 1701 1243 1763 jam
1259 1699 1414 1746 barba
1428 1715 1605 1747 comae-

266 1865 342 1895 642.
366 1864 416 1895 De
436 1864 584 1895 Themidis
608 1865 733 1895 oraculo
749 1864 820 1896 vide
841 1865 882 1896 ad
950 1876 1014 1907 qua
1035 1876 1068 1896 se
1095 1865 1205 1896 fortem
1232 1865 1432 1907 gloriabatur,
1455 1864 1499 1896 sie
1525 1874 1608 1896 nuuc

221 1913 242 1944 i.
266 1915 339 1944 321.
371 1914 498 1944 Themis
530 1920 635 1945 autem
663 1920 797 1955 cognata
823 1915 882 1945 At-
939 1916 1043 1956 fortia
1067 1917 1161 1951 dicta,
1180 1914 1293 1956 quibus
1314 1926 1346 1946 se
1371 1915 1491 1950 fortem,
1516 1914 1611 1945 intre·

221 1963 300 1993 lanti
318 1975 325 2001 3
350 1964 441 1994 ambo
465 1963 547 1994 enim
573 1974 671 2005 genus
692 1963 850 1994 ducebant
865 1975 884 1995 a
950 1964 1070 2006 pidum,
1088 1964 1281 1999 declarabat,
1301 1963 1441 2005 adeoque
1464 1962 1611 1995 minacia.

220 2012 395 2044 Titanibus.
455 2013 603 2049 Titulum,
629 2013 772 2054 gloriam,
802 2013 882 2044 hanc

221 2063 385 2104 gloriosam
410 2063 559 2105 praedam.
604 2064 644 2094 Et
665 2068 810 2094 eventum
828 2063 882 2094 ha-

222 2113 291 2143 buit
325 2113 393 2143 haec
430 2123 515 2151 sors3
544 2123 679 2154 namque
717 2113 882 2150 Hercules,

224 2162 298 2192 Jove
314 2168 412 2198 natus,
423 2161 478 2192 illa
493 2161 577 2192 mala
593 2161 723 2192 abstulit
737 2174 742 2192 :
761 2161 824 2192 vid.
840 2161 882 2193 ix.

226 2211 297 2241 190.
342 2210 403 2240 Per
421 2212 529 2241 moenia
548 2210 747 2241 Burmannus
767 2209 885 2240 intelli-

221 2260 266 2302 git
275 2265 410 2296 moutes,
427 2260 480 2301 qui
497 2259 656 2290 munimen
675 2259 884 2302 praestiterint.

223 2309 330 2341 Fuerit
353 2319 427 2340 sane
450 2308 543 2340 Atlas
567 2308 714 2339 immanis
739 2308 838 2350 gigas,
859 2309 884 2339 si

223 2364 345 2389 montes
382 2357 585 2394 transtulerit,
615 2357 715 2399 iisque
748 2358 887 2400 pomaria

223 2407 392 2439 clauserit!
418 2408 486 2438 Nec
510 2407 676 2449 quisquam
699 2413 820 2438 montes
841 2409 885 2439 fa-

225 2456 285 2487 cile
300 2456 414 2487 dixerit
429 2457 543 2487 solidos.
590 2457 639 2487 De
654 2456 793 2488 aedificiis
809 2457 886 2499 legi-

225 2511 286 2542 tur,
310 2504 354 2536 iii.
379 2506 454 2537 696.
502 2506 604 2536 Draco
630 2505 684 2536 ille
715 2505 819 2538 dictus
840 2512 887 2538 est

225 2555 350 2587 Ladon.
367 2555 516 2596 Apollon.
532 2555 598 2586 Rh.
614 2555 655 2585 iv.
674 2556 767 2587 1396.

268 2605 341 2635 649.
358 2603 460 2645 Longe
478 2615 534 2634 csse
557 2608 611 2634 aut
626 2605 720 2634 abesse
736 2604 823 2636 nobis
839 2604 886 2635 di—

226 2658 351 2689 cuntur,
369 2663 438 2694 quae
456 2652 545 2683 nobis
566 2652 643 2682 nihil
659 2659 797 2694 prosunt.
833 2653 886 2683 Ti-

226 2702 294 2733 bul.
312 2703 339 2732 Ι.
356 2713 386 2733 v.
401 2703 440 2732 2:
469 2703 509 2732 At
524 2703 596 2731 mihi
617 2713 700 2732 nunc
723 2703 807 2744 longe
821 2703 886 2743 glo—

225 2753 273 2782 ria
287 2751 384 2792 fortis
406 2752 494 2782 abest.
539 2751 584 2781 Ut
605 2750 648 2781 ibi
666 2752 763 2791 gloria
777 2751 885 2793 sortis,

954 2013 1036 2044 Plin.
1051 2014 1091 2044 V.
1108 2014 1166 2055 Ep.
1183 2025 1235 2044 xx·
1252 2014 1302 2044 17.
1318 2025 1372 2044 vox
1384 2025 1491 2053 parum
1503 2013 1611 2054 fortis.

952 2063 1085 2093 Gratia:
1114 2073 1222 2094 sensus
1249 2068 1309 2099 est,
1327 2062 1473 2104 quoniam
1497 2068 1530 2093 tu
1550 2072 1611 2093 non

951 2122 1042 2142 curas
1051 2122 1152 2142 meam
1165 2111 1296 2152 gratiam
1307 2111 1396 2147 inire,
1409 2121 1477 2152 ege,
1490 2122 1612 2142 munere

951 2161 1035 2196 date,
1051 2166 1137 2191 tuam
1152 2159 1248 2191 inibo.

994 2210 1071 2241 654.
1098 2210 1187 2240 Loeva
1214 2221 1232 2239 a
1255 2215 1353 2248 parte,
1379 2218 1442 2250 qua
1464 2206 1611 2250 clypeum

952 2265 1074 2299 gestare
1100 2259 1259 2297 solebant3
1282 2257 1386 2289 confer
1401 2268 1522 2288 versum
1538 2257 1614 2290 781.

953 2308 1142 2348 Squalentia,
1159 2307 1283 2339 horrida
1302 2312 1426 2349 propter
1444 2312 1612 2349 serpentes.

953 2358 1063 2389 Senec.
1093 2357 1184 2389 Med.
1213 2367 1303 2388 versu
1334 2358 1385 2387 14.
1423 2356 1463 2387 de
1497 2355 1612 2394 Furiis,

957 2408 1078 2437 Crinem
1107 2408 1210 2438 solutis
1245 2407 1386 2447 squalidae
1419 2406 1614 2445 serpentibus.

954 2456 1036 2487 Vide
1053 2456 1092 2487 ad
1109 2456 1130 2488 i.
1142 2457 1216 2487 374.

997 2506 1070 2536 656.
1094 2507 1190 2542 Atlas,
1211 2515 1299 2535 mons
1317 2502 1516 2535 Mauritaniae
1537 2502 1611 2534 Tin-

955 2552 1081 2595 gitanae,
1096 2554 1258 2586 cacumine
1281 2554 1379 2584 nubes
1402 2562 1563 2594 superans,
1578 2556 1614 2582 ut

953 2603 1069 2634 coelum
1095 2614 1156 2634 non
1181 2602 1271 2634 modo
1293 2602 1456 2643 attingere,
1472 2600 1526 2631 sed
1546 2610 1613 2632 sus-

954 2651 1052 2683 tinere
1069 2652 1147 2683 adeo
1163 2651 1316 2683 videatur.
1362 2650 1444 2681 Hinc
1463 2648 1553 2680 fluxit
1568 2649 1614 2680 sa-

953 2700 1040 2732 bula.
1086 2701 1236 2732 Herodot.
1265 2700 1312 2731 iii.
1337 2701 1368 2731 2.
1412 2700 1538 2730 Montes
1566 2698 1613 2729 al-

953 2748 1062 2781 tissimi
1079 2751 1243 2787 columnae,
1260 2749 1375 2787 κὶονες,
1388 2748 1462 2781 coeli
1483 2747 1546 2779 dici
1561 2758 1611 2779 so-
