1729 3207
187 201 244 243 80
575 200 624 240 Ρ.
658 197 871 240 0V1D11
906 196 1185 238 NASONIS

186 307 509 364 Prodierant:
538 313 702 378 prodit
722 312 927 368 bellum,
955 312 1089 375 quod
1114 319 1304 376 pugnat
1330 320 1570 375 utroque;

189 394 576 457 Sanguineaque
599 407 750 439 manu
775 390 1075 454 crepitantia
1098 389 1319 437 concutit
1343 405 1493 437 arma.

183 471 378 518 Vivitur
392 487 456 519 ex
472 477 635 533 rapto:
665 484 763 515 non
788 469 970 532 hospes
997 468 1059 515 ab
1084 467 1280 531 hospite
1304 475 1457 523 tutus,
1485 469 1575 513 144

189 548 303 595 Non
331 564 471 595 socer
499 563 528 594 a
555 561 738 609 genero
763 563 772 593 :
813 544 1018 592 fratrum
1055 561 1256 608 quoque
1284 545 1444 607 gratia
1472 559 1582 591 rara

190 625 424 674 Imminet
448 624 602 673 exitio
627 623 698 670 vir
723 623 967 686 conjugis,
995 622 1080 670 illa
1104 622 1294 669 mariti:

1451 622 1577 683 [estz

188 703 372 750 Lurida
395 702 638 750 terribiles
665 701 882 748 miscent
902 700 1098 748 aconita
1122 715 1345 747 novercae
1368 716 1377 746 ;

189 781 342 828 Filius
369 787 483 827 ante
508 779 640 826 diem
667 778 853 842 patrios
879 778 1085 841 inquirit
1109 777 1159 824 in
1184 793 1366 824 annos:

186 858 333 906 Victa
351 859 489 921 jacet
514 857 711 914 Pietas;
744 863 794 903 et
815 855 968 918 Virgo
994 856 1131 902 caede
1156 855 1431 909 madentes,

187 935 377 983 Ultima
396 935 671 990 coelestum,
698 941 854 981 terras
880 933 1078 980 Astraea
1101 931 1322 995 reliquit.

186 1139 250 1160 ver.
281 1129 352 1165 136,
381 1135 412 1160 et
450 1128 625 1160 Amaldum
653 1128 685 1159 in
714 1127 850 1170 Specim.

187 1177 354 1210 Animadv.
370 1189 400 1221 p.
419 1178 470 1209 74.

230 1228 302 1258 144.
339 1228 459 1258 Vivitur
491 1239 525 1258 ei:
560 1226 673 1268 περίτι]
715 1228 852 1259 Gravem

186 1276 266 1307 hanc
294 1276 472 1308 vitiositatis
494 1277 640 1307 humanae
665 1276 852 1318 deploratio-

187 1336 259 1357 nem
281 1326 402 1358 Seneca
424 1326 543 1362 laudat,
564 1325 602 1356 de
624 1326 676 1356 Ira
693 1326 726 1358 ii.
743 1327 785 1364 8;
812 1326 853 1357 de

188 1376 299 1407 Benef.
314 1388 344 1407 v.
371 1377 427 1414 l5;
451 1376 495 1406 N.
515 1377 558 1413 Q.
579 1387 613 1417 p.
634 1377 708 1407 911.
753 1376 854 1407 Locus

189 1425 393 1456 adumbratus
435 1436 474 1456 ex
514 1424 642 1456 Hesiod.
684 1435 747 1456 ver.
793 1426 853 1456 182

188 1485 257 1516 sqq.
302 1474 381 1506 Οὐέὲ
405 1475 518 1516 πατὴρ
533 1473 705 1506 παίδεσσιν
719 1474 851 1516 ὁμοίως,

189 1523 260 1555 οὐδὲ
275 1536 305 1555 τι
318 1523 444 1562 παῖδες,
458 1523 538 1556 Οὐδὲ
553 1525 658 1561 ξεῖνος
673 1522 853 1565 ξεινοδόκῳ,

185 1574 238 1604 καὶ
261 1573 386 1615 ἑταῖρος
409 1573 532 1614 ἑταίρῳ,
552 1571 633 1604 Οὐδὲ
657 1572 855 1614 κασίγνητος

188 1622 279 1664 φίλος
295 1623 430 1654 ἔσσεται.
466 1622 616 1653 Nostrum
632 1622 783 1664 expressit
797 1623 853 1653 Se-

187 1682 255 1703 nec.
271 1671 366 1714 Hipp.
380 1682 444 1702 ver.
461 1673 524 1703 553
546 1682 616 1713 sqq.
631 1671 686 1702 sed
702 1681 764 1702 non
779 1670 854 1702 satis

190 1720 336 1751 feliciter.

234 1772 309 1802 145,
340 1769 480 1811 Gratim]
519 1768 705 1801 Concordia.
751 1770 853 1801 Immi-

187 1827 238 1851 net
255 1830 348 1860 grave
366 1820 450 1850 verb.
465 1818 580 1860 cupide
596 1819 704 1849 instat.

234 1870 306 1899 147.
332 1868 450 1899 Lurida
467 1867 615 1908 aconita]
643 1867 732 1903 Atra,
755 1866 855 1898 tristia

188 1929 320 1950 venena.
364 1918 415 1948 De
435 1918 563 1953 aconito,
578 1917 677 1948 herba
690 1922 855 1953 venenata,

188 1967 251 1998 w‘d.
275 1966 356 1997 infra
379 1966 433 1997 vii.
458 1967 530 1998 415.
577 1966 715 1997 Luridus
735 1965 856 2008 proprie

189 2015 228 2046 de
258 2015 375 2057 pallore
408 2014 595 2046 cadaverum
625 2014 757 2045 dicitur:
792 2013 856 2045 w'd.

189 2064 347 2095 Brouckh.
386 2063 426 2094 ad
462 2064 602 2105 Propert.
637 2063 697 2094 IV.
731 2062 787 2093 vii.
826 2064 856 2094 2.

190 2113 275 2144 Hinc
299 2113 396 2144 etiam
420 2123 541 2144 venena
566 2112 689 2144 letifera
712 2112 857 2143 dicuntur

193 2164 297 2193 lurida
312 2163 352 2193 ab
368 2161 496 2193 effectu.
535 2162 619 2192 Ante
632 2161 738 2192 oculos
751 2166 855 2192 autem

192 2212 307 2243 Noster
334 2211 445 2242 habuit
473 2209 562 2252 Yirg.
590 2211 706 2252 Georg.
730 2209 764 2240 ii.
797 2212 855 2242 128

190 2272 260 2303 sqq.
276 2262 330 2292 ubi
344 2271 422 2291 saerae
435 2271 564 2291 novercae
579 2262 701 2291 miscent
713 2261 815 2291 herbas
828 2267 855 2291 et

192 2322 252 2341 non
273 2311 396 2340 innoxia
423 2310 520 2340 cerba.
559 2308 675 2340 Claud.
698 2319 751 2339 xv.
775 2309 854 2340 173:

192 2360 300 2404 ᾼάΙιιιε
313 2361 415 2401 ignota
429 2360 560 2389 novercis
572 2357 733 2389 Gramina.
766 2357 857 2389 Adeo

191 2408 274 2439 male
305 2408 378 2439 olim
409 2407 579 2439 audiebant
606 2407 764 2439 novercae!
803 2407 856 2439 Ad

191 2457 351 2499 exemplar
365 2457 484 2493 Nostri,
499 2463 532 2487 et
545 2457 583 2488 ab
605 2456 719 2487 effectu
735 2456 855 2493 veneni,

189 2506 209 2537 J
214 2505 363 2541 uvenalis,
378 2505 417 2536 de
432 2511 573 2536 matrona
588 2515 657 2546 quae
675 2505 739 2536 viro
756 2508 856 2537 miscet

190 2554 316 2586 sitiente
344 2554 498 2590 mbetam‚
525 2553 616 2590 dixit,
643 2554 708 2584 Sat.
734 2554 756 2585 i.
789 2566 853 2586 ver.

192 2603 244 2639 72,
261 2605 395 2634 instituit
412 2605 512 2644 nigros
525 2602 632 2645 efferre
652 2605 782 2640 maritos,
795 2604 854 2635 sci·

191 2652 263 2684 licet
279 2662 398 2683 veneno
413 2651 512 2683 lurido
527 2652 704 2683 exstinctos.

242 2703 311 2732 148.
337 2701 483 2742 Inquit-it,
501 2702 582 2742 etc.]
610 2702 730 2738 Quaerit
752 2713 770 2732 a
784 2702 855 2733 Ma-

195 2751 381 2786 thematicis,
413 2762 437 2782 s.
489 2751 663 2787 Chaldaeis,
693 2751 854 2790 astrologis

1488 932 1581 976 150

920 1128 974 1170 qui
999 1138 1038 1158 ex
1063 1125 1220 1157 natalibus
1245 1125 1349 1156 futura
1372 1122 1586 1167 praedicebant

920 1176 1073 1217 (Gellius,
1087 1176 1130 1206 N.
1146 1174 1186 1205 A.
1199 1173 1222 1204 i.
1239 1174 1292 1212 9.)
1307 1183 1435 1208 annum,
1451 1182 1513 1214 quo
1528 1182 1583 1214 pa-

919 1233 966 1257 ter
986 1225 1153 1256 moriturus
1173 1223 1231 1254 sit:
1257 1230 1328 1254 ante
1347 1224 1425 1253 diem
1445 1223 1585 1263 inquirit,

920 1275 1062 1318 praescire
1091 1274 1188 1316 cupit.
1212 1273 1317 1310 Silius,
1345 1272 1389 1303 iii.
1422 1273 1470 1308 13,
1500 1282 1587 1302 casus

919 1325 1130 1366 scirefutnros
1152 1324 1229 1353 Ante
1251 1324 1338 1354 diem.
1382 1320 1496 1352 Lenzio
1517 1320 1584 1351 haec

920 1373 1074 1416 impietas,
1105 1373 1136 1403 in
1166 1371 1225 1402 hac
1255 1371 1381 1413 quidem
1415 1370 1586 1406 notatione,

922 1434 981 1454 non
1003 1423 1080 1454 satis
1099 1432 1214 1463 magna
1235 1420 1377 1459 videtur;
1407 1420 1514 1462 itaque
1538 1418 1588 1450 his

921 1472 1023 1504 verbis
1039 1471 1165 1513 subjicit
1180 1470 1210 1500 h.
1221 1480 1365 1501 sensum:
1382 1469 1448 1512 ipse
1463 1469 1498 1499 fit
1512 1479 1585 1500 auc-

921 1527 968 1552 tor
984 1522 1090 1552 mortis
1109 1526 1303 1563 praematurae
1322 1519 1413 1561 patri.
1459 1518 1498 1549 Id
1514 1528 1590 1549 vero

922 1571 1015 1602 verba
1029 1570 1204 1611 significare
1221 1579 1282 1599 non
1297 1574 1437 1610 possunt.
1481 1567 1587 1599 Tacit.

921 1619 985 1650 An.
996 1620 1039 1650 iii.
1052 1621 1093 1650 22
1107 1632 1113 1650 ε
1143 1619 1307 1654 Quam-itum
1320 1629 1374 1657 per
1387 1618 1539 1648 Chuldaeos
1555 1619 1587 1648 in

921 1671 1038 1700 domum
1056 1669 1192 1704 Caesuris,
1208 1667 1262 1699 ubi
1278 1667 1402 1709 Lipsius
1423 1674 1455 1698 et
1470 1667 1534 1699 suis
1556 1672 1589 1697 et

921 1718 1041 1750 Tertul.
1060 1718 1163 1749 verbis
1191 1724 1307 1753 monet,
1332 1728 1428 1759 quam
1452 1717 1587 1760 capitale

921 1768 954 1799 id
969 1768 1020 1799 sit.
1064 1768 1210 1799 Varietas
1227 1773 1333 1798 tamen
1355 1767 1498 1798 lectionis
1521 1778 1586 1799 ma-

922 1817 1031 1848 teriam
1052 1816 1242 1848 emendandi
1256 1817 1374 1857 largam
1396 1817 1588 1859 suppeditat.

923 1867 1014 1897 Forte
1032 1865 1128 1897 Ovid.
1148 1865 1288 1907 scripsit:
1315 1868 1459 1905 irrumpi?
1481 1869 1512 1897 in
1530 1878 1585 1898 an·

923 1926 984 1946 nos.
1017 1915 1085 1946 Cic.
1101 1914 1169 1956 Lig.
1185 1916 1218 1946 5.
1235 1916 1402 1954 irrumpere
1420 1916 1588 1956 infletum,

924 1975 995 1995 eum
1023 1963 1235 2005 interpellare,
1265 1963 1461 2005 abrumpere.
1488 1963 1589 1995 Tacit.

923 2012 986 2044 An.
1007 2013 1048 2045 iv.
1065 2014 1117 2050 67,
1142 2015 1308 2052 irmmpere
1329 2015 1455 2053 quietem
1477 2012 1588 2045 eodem

923 2072 1028 2093 sensu.
1071 2062 1152 2093 Tum
1177 2069 1247 2092 ante
1269 2063 1358 2097 diem,
1378 2061 1500 2093 scilicet
1525 2062 1589 2094 sato

923 2111 1124 2148 destinatum,
1149 2117 1184 2142 ut
1206 2111 1275 2143 Art.
1301 2111 1410 2142 Amat.
1434 2111 1478 2142 iii.
1503 2112 1587 2151 7395

923 2160 1012 2202 Virg.
1027 2161 1155 2192 AEneid.
1170 2161 1212 2191 iv.
1226 2162 1299 2192 696.

969 2211 1040 2242 149.
1066 2210 1196 2252 Pietas]
1223 2211 1320 2242 Amor
1345 2211 1590 2252 consanguineo-

923 2270 991 2290 rum
1011 2266 1158 2299 mutuus3
1182 2262 1261 2291 ricta
1269 2263 1358 2301 jacet
1370 2260 1506 2301 graviter
1520 2260 1588 2292 dic-

924 2315 1001 2345 tum,
1026 2311 1155 2352 expulsa
1179 2316 1237 2341 est.
1283 2309 1469 2352 Metaphora
1493 2311 1592 2353 petita

925 2359 963 2390 ab
979 2359 1119 2391 hostibus
1134 2366 1188 2391 aut
1203 2359 1429 2401 gladiatoribus
1442 2360 1544 2392 victis.

969 2410 1039 2440 150.
1066 2409 1157 2452 Virgo
1180 2409 1323 2450 Astraea.]
1349 2409 1480 2441 Justitia
1495 2420 1586 2452 ,quae

923 2457 1017 2488 etiam
1040 2457 1223 2500 simpliciter
1249 2458 1350 2501 Virgo,
1369 2463 1399 2489 et
1423 2468 1442 2489 a
1462 2458 1588 2491 Caesare

923 2507 1029 2538 Germ.
1034 2508 1204 2546 justissima
1219 2509 1301 2549 virgo
1315 2507 1438 2538 dicitur.
1462 2507 1589 2539 Relicta

921 2560 1016 2591 terra,
1033 2555 1122 2587 Jovis
1146 2556 1178 2586 in
1188 2556 1277 2587 'coelo
1297 2556 1422 2587 resedit.
1471 2556 1587 2587 Ultima

921 2606 1081 2641 coelestnm,
1096 2611 1161 2636 erat
1176 2605 1259 2636 enim
1271 2606 1364 2637 etiam
1380 2606 1437 2637 hoc
1452 2606 1485 2636 in
1499 2607 1587 2637 aurei

922 2654 1018 2685 seculi
1033 2653 1132 2689 bonis,
1149 2660 1184 2685 ut
1199 2654 1252 2685 Dii
1264 2661 1431 2696 praesentes
1447 2655 1587 2686 homines

924 2703 1069 2734 viserent.
1085 2704 1170 2735 Fast.
1184 2703 1206 2734 i.
1223 2704 1299 2735 247.
