1763 3181
414 165 1033 210 METAMORPHOSEON
1068 167 1186 209 LIB.
1220 169 1311 210 ΙΙΙ.
1461 170 1545 211 239

160 283 391 347 Tutaque
415 284 492 331 bis
518 284 670 346 geniti
696 291 810 331 sunt
834 284 1134 331 incunabula
1159 283 1374 341 Bacchi;

161 360 308 407 Forte
331 360 361 407 J
366 377 506 408 ovem
530 368 820 417 memorant,
848 361 1082 408 diffusum
1106 369 1323 417 nectare,
1351 377 1493 409 curas

163 436 460 500 Seposuisse
480 454 668 500 graveS,
686 453 942 500 vacuaque
962 438 1175 500 agitasse
1191 438 1422 485 remissos
1448 442 1543 485 319

162 513 292 560 Cum
315 514 346 561 J
351 532 512 563 unone
531 516 701 579 jocos;
732 522 797 571 et,
825 515 990 578 Major
1014 522 1178 562 vestra
1202 515 1424 579 profecto
1450 522 1542 571 est,

162 589 325 645 Quam
350 608 460 655 quae
483 592 737 654 contingat
760 591 996 648 maribus,
1023 592 1227 648 dixisse,
1253 593 1495 656 voluptas.

161 667 256 715 Illa
279 676 454 731 negat:
494 670 698 733 placuit,
728 686 840 733 quae
866 670 929 716 sit
954 658 1204 717 sententia
1223 669 1355 716 docti

160 745 392 799 Quaerere
417 746 645 794 Tiresiae:
686 746 857 793 Venus
878 746 992 793 huic
1019 753 1124 794 erat
1148 754 1357 809 utraque
1383 753 1514 793 nota.

161 822 293 870 Nam
317 823 415 871 duo
440 839 729 886 magnorum
754 823 895 870 viridi
920 824 1151 871 coeuntia
1176 824 1296 871 silva

163 901 385 965 Corpora
408 908 696 966 serpentum
720 901 886 949 baculi
911 901 1176 949 violaverat
1200 901 1330 949 ictu:

162 978 341 1042 Deque
366 979 468 1027 viro
493 980 669 1036 factus,
697 979 946 1027 mirabile!
985 979 1184 1035 femina,
1213 986 1405 1042 septem

163 1054 349 1118 Egerat
373 1063 666 1104 autumnos:
707 1063 882 1103 octavo
908 1072 1076 1102 rursus
1101 1055 1303 1103 eosdem

160 1132 325 1191 Vidit;
365 1141 431 1190 et,
460 1140 490 1158 “
514 1134 607 1182 Est
629 1141 806 1182 vestrae
833 1134 873 1180 si
898 1141 1038 1181 tanta
1056 1133 1280 1197 potentia
1303 1132 1511 1196 plagae‚’⁷

162 1210 321 1267 Dixit,
344 1217 374 1235 “
392 1218 447 1258 ut
465 1211 680 1260 auctoris
701 1218 884 1259 sortem
904 1211 954 1258 in
969 1211 1213 1258 contraria
1232 1217 1393 1257 mutet
1409 1228 1419 1267 3
1449 1213 1544 1257 329

161 1288 208 1334 N
213 1303 308 1335 unc
335 1305 535 1352 quoque
560 1305 646 1336 vos
671 1287 893 1336 feriam.”
930 1288 1191 1336 Percussis
1212 1287 1455 1349 anguibus
1482 1287 1545 1333 is-

162 1364 341 1413 Forma
354 1366 485 1429 prior
500 1366 662 1423 rediit,
681 1366 997 1430 genitivaque
1013 1383 1181 1413 rursus
1201 1366 1380 1428 imago.
1410 1364 1545 1427 [dem

1449 904 1544 948 325

160 1442 362 1490 Arbiter
385 1443 464 1490 hic
491 1444 640 1507 igitur
665 1451 894 1508 sumptus
920 1444 981 1491 de
1008 1444 1093 1491 lite
1113 1446 1300 1507 jocosa,

164 1520 314 1568 Dicta
337 1519 366 1567 J
371 1522 473 1568 ovis
498 1521 689 1569 firmat:
731 1522 926 1585 gravius
956 1522 1189 1569 Saturnia
1209 1523 1360 1584 justo,

160 1649 230 1680 vide
244 1649 369 1681 omnino
382 1650 548 1692 Spanhem.
563 1651 602 1681 ad
615 1651 742 1682 Gallim.
758 1651 788 1683 d.
800 1652 821 1683 l.

162 1700 223 1730 Per
247 1706 353 1736 terras,
379 1700 411 1730 in
440 1706 530 1731 terra.
565 1701 681 1742 Yirgil.
705 1702 778 1731 AEn.
801 1701 822 1731 i.

162 1749 244 1780 708:
270 1753 426 1780 convenire
449 1761 502 1789 per
527 1752 644 1786 limina,
665 1750 696 1780 in
721 1750 822 1781 domo.

164 1799 267 1830 Fatali
299 1800 372 1843 lege,
399 1810 437 1830 ex
466 1799 545 1830 fato.
604 1800 651 1830 Ex
679 1799 822 1842 opinione

160 1848 243 1879 enim
266 1850 416 1880 Veterum
440 1849 543 1879 omnia
569 1849 683 1879 fiebant
709 1849 758 1880 vel
785 1860 822 1880 ex

160 1898 187 1928 sa
195 1897 215 1928 ti
233 1899 427 1934 necessitate,
442 1898 491 1928 vel
506 1908 543 1928 ex
560 1897 658 1929 libera
680 1898 820 1929 Deorum

160 1946 332 1983 voluntate,
348 1947 398 1977 vel
412 1957 448 1977 ex
466 1946 624 1977 hominum
640 1947 755 1977 studio.

204 1997 277 2026 318.
302 1995 486 2037 Diffusum]
529 1995 674 2037 Diff'undi
694 1996 820 2037 elegan-

160 2050 206 2075 ter
230 2044 344 2075 dicitur
362 2044 494 2080 animus,
515 2055 610 2085 quum
632 2044 822 2076 exhilaratur

161 2098 256 2135 atque
284 2093 400 2124 laetitiae
429 2104 461 2124 se
491 2093 566 2123 dat:
600 2093 725 2125 tristitia
751 2105 820 2125 vero

160 2144 361 2174 contrahitur.
393 2143 461 2174 Cic.
480 2142 558 2173 Lael.
576 2144 625 2173 13.
651 2143 764 2174 Noster
779 2144 820 2175 iv.

162 2192 240 2222 764:
274 2195 407 2233 generosi
431 2202 553 2222 munere
578 2191 689 2222 Bacchi
714 2193 819 2234 Diffu-

161 2242 231 2271 dere
253 2243 375 2272 animos.
408 2240 523 2282 virgil.
550 2240 678 2271 AEneid.
702 2240 724 2271 i.
748 2243 821 2272 562.

160 2291 303 2321 secludite
322 2302 423 2322 curas.
475 2291 586 2325 Vacua,
610 2300 628 2320 a
651 2290 820 2328 laboribus,

161 2340 270 2372 otiosa.
316 2341 469 2377 Remissos,
488 2339 583 2381 paulo
607 2339 766 2370 liberiores
790 2346 821 2370 et

162 2389 394 2431 petulantiores.

205 2442 278 2471 322.
313 2441 432 2481 Docti]
482 2441 596 2473 Doctus
623 2440 752 2482 (σοφὸς)
782 2441 821 2470 ob

161 2488 323 2519 divinandi
358 2489 512 2531 peritiam.
581 2490 688 2520 Libros
726 2489 821 2520 etiam

166 2537 321 2580 scripsisse
350 2538 484 2569 traditur
520 2539 664 2569 Tiresias.
716 2539 821 2573 senus,

165 2587 305 2629 voluptas
327 2598 470 2618 venerea.
504 2588 661 2623 AElianus‚
682 2587 787 2617 Anim.
803 2588 823 2617 i.

164 2638 216 2666 2⁷).
232 2637 397 2667 κοινωνεῖν
413 2635 587 2678 ἀφροδίτης
603 2635 766 2678 ἑκατέρας.

208 2685 281 2715 324.
307 2686 420 2726 Con-eq
447 2686 497 2716 De
513 2692 584 2716 actu
602 2696 732 2715 venereo
749 2684 825 2715 dici-

166 2739 226 2763 tur.
269 2734 402 2765 Tiresias
418 2734 548 2776 primurn
566 2734 702 2765 violabat
718 2733 826 2764 semel-

889 1653 950 1683 lam
981 1663 1035 1683 seu
1065 1652 1252 1686 dracaenam,
1278 1649 1331 1680 sed
1361 1654 1478 1691 postea,
1509 1649 1547 1679 ab

889 1701 1036 1743 Apolline
1066 1699 1211 1735 monitus,
1241 1698 1414 1729 masculum
1441 1697 1548 1728 draco-

890 1761 974 1781 nem.
1011 1750 1150 1780 thetzes
1165 1748 1197 1778 in
1212 1747 1457 1789 Lycophroneni,
1470 1747 1548 1777 Cas-

890 1799 992 1830 sandr.
1008 1810 1071 1830 ver.
1087 1799 1160 1829 683.
1206 1799 1386 1839 Αιιιιιυιιιοξ,
1403 1806 1510 1826 annos.

934 1850 1007 1879 329.
1032 1849 1155 1882 Sortem,
1173 1857 1291 1881 sexum,
1309 1851 1342 1876 ut
1357 1845 1398 1875 vi.
1414 1846 1490 1875 680.
1507 1844 1548 1875 ix.

890 1898 942 1928 67.
980 1897 1094 1939 Imago,
1110 1897 1218 1931 forma,
1234 1901 1354 1925 natura.
1394 1894 1549 1929 Genitira,

888 1954 1033 1983 connata,
1052 1957 1145 1988 quam
1162 1944 1271 1975 habuit
1292 1955 1387 1986 quum
1408 1953 1549 1974 nascere-

887 2004 947 2028 tur.
970 1997 1132 2037 Augustus
1145 1995 1282 2025 habebat
1292 1995 1441 2035 genitiras
1458 2000 1551 2029 notas,

887 2047 1016 2077 Sueton.
1042 2045 1114 2076 Oct.
1140 2046 1191 2075 80.
1237 2044 1392 2074 Caeterum
1419 2041 1551 2073 Lucian.

888 2096 927 2126 de
942 2096 1058 2126 Astrol.
1073 2100 1189 2129 monet,
1205 2093 1343 2123 fabulam
1367 2093 1404 2123 de
1424 2091 1548 2122 Tiresiae

888 2143 1156 2175 transformatione
1192 2142 1317 2173 fluxisse
1353 2141 1437 2177 inde,
1466 2140 1551 2182 quod

888 2194 1022 2225 Tiresias
1037 2192 1178 2224 docuerit
1196 2191 1305 2222 stellas
1321 2190 1467 2222 erraticas
1482 2200 1549 2221 esse

889 2243 1049 2284 utriusque
1078 2252 1189 2279 sexus3
1230 2251 1300 2281 quae
1337 2239 1550 2281 interpretatio

891 2304 951 2324 non
967 2291 1136 2322 admodum
1157 2289 1317 2321 dissimilis
1332 2295 1378 2319 est
1399 2288 1439 2325 ei,
1455 2299 1549 2330 quam

888 2341 926 2372 de
940 2340 1090 2375 Atlantis,
1102 2338 1279 2369 Promethei
1295 2338 1488 2379 aliorumque
1504 2338 1549 2368 fa-

888 2391 971 2422 bulis
987 2390 1114 2420 exhibet
1129 2389 1250 2423 Cicero,
1266 2388 1360 2418 Tus-c.
1378 2399 1407 2417 v.
1426 2389 1498 2417 111.

932 2440 1005 2469 333.
1039 2439 1166 2473 Firmat,
1193 2437 1364 2467 confirmat.
1410 2436 1550 2466 Lactant.

890 2489 920 2518 in
947 2488 1079 2528 Argum.
1108 2492 1228 2517 tutatur
1253 2486 1428 2515 sententiam
1454 2485 1550 2514 Jovis.

891 2538 1018 2572 Versus,
1029 2536 1141 2576 quibus
1153 2534 1237 2565 dicta
1248 2533 1335 2565 Jovis
1347 2533 1552 2569 confirmavit,

892 2586 1008 2615 habent
1023 2583 1169 2626 Apollod.
1187 2589 1218 2613 et
1238 2582 1343 2612 schol.
1360 2583 1453 2611 Iloui.
1469 2582 1550 2620 Οἳην

891 2631 1153 2675 μὲνμοίρηνῖέκιι
1164 2634 1284 2673 μοιρῶν
1293 2630 1444 2671 τέρπεται
1456 2630 1552 2672 ἀνὴρ,

893 2684 956 2719 Τὰς
973 2681 1002 2712 ff&
1020 2681 1076 2712 Feic’
1093 2682 1297 2722 ἐμπίμπλησι
1314 2681 1398 2721 yma}
1420 2679 1552 2721 τέρποι’-

895 2744 936 2762 rm
954 2731 1070 2772 νόημα.
1100 2732 1158 2760 Pru·
1175 2737 1310 2765 mulleri«,
1330 2736 1359 2759 ut
1378 2729 1554 2770 postulabat
