1729 3207
398 224 1021 268 METAMORPHOSEON
1056 223 1175 265 LIB.
1208 223 1246 264 Ι.
1428 225 1512 266 115

127 342 370 391 Horridus
395 343 631 390 observo:
673 341 851 397 nescis,
879 340 1156 395 temeraria,
1183 339 1346 386 nescis
1417 343 1510 386 514

126 421 290 475 Quem
307 418 468 483 fugias
487 438 496 476 ;
526 419 740 481 ideoque
759 417 913 480 fugis:
943 417 1062 464 mihi
1080 416 1327 480 Delphica
1345 416 1511 471 tellus,

129 497 196 545 Et
221 497 413 553 Claros,
441 503 492 545 et
516 496 762 551 Tenedos,
791 496 1119 558 Pataraeaque
1145 493 1282 556 regia
1306 493 1470 540 servit.

128 574 328 640 Jupiter
348 580 424 622 est
448 574 668 637 genitor:
698 590 786 638 per
810 589 906 629 me,
926 573 1061 635 quod
1086 571 1281 634 eritque
1304 570 1512 633 fuitque,

131 652 340 716 Estque,
358 659 525 716 patet:
554 668 643 716 per
664 667 743 698 me
768 650 1072 698 concordant
1092 648 1311 696 carmina
1334 647 1512 694 nervis.

133 729 287 778 Certa
301 730 506 794 quidem
529 737 699 777 nostra
717 737 794 776 est
813 747 822 776 :
853 735 1020 775 nostra
1034 735 1201 774 tamen
1222 741 1320 772 una
1336 725 1520 787 sagitta

134 805 344 864 Certior,
371 807 421 854 in
445 823 599 854 vacuo
625 824 736 870 quae
760 808 964 854 vulnera
990 813 1191 870 pectore
1215 804 1346 851 fecit.

1422 806 1518 850 520

134 883 398 932 Inventum
423 884 672 932 medicina
696 901 861 932 meum
887 890 990 941 est3
1031 881 1305 946 Opiferque
1330 896 1418 944 per
1443 897 1518 927 or-

332 962 449 1010 bem

178 1054 252 1085 514.
276 1054 457 1095 Horridus]
486 1055 630 1086 Pastores
653 1055 792 1087 introdu-

136 1109 248 1134 cuntur
268 1104 384 1135 hcm-idi
407 1110 439 1135 et
459 1106 600 1145 squalidi,
616 1105 791 1147 αὐχμηροῖ,

138 1153 353 1195 αὐχμήεντες,
365 1159 399 1184 ut
414 1155 482 1185 Pan
497 1164 548 1197 ap.
561 1155 655 1186 Hom.
671 1155 702 1186 h.
719 1156 796 1186 Pan.

137 1203 181 1240 63
203 1213 305 1244 neque
326 1203 359 1234 id
380 1204 457 1234 alias
478 1203 511 1234 in
526 1204 635 1235 vitium
658 1204 796 1240 vertitur,

139 1251 194 1282 sed
218 1262 293 1294 opp.
318 1258 479 1294 unguento
508 1252 625 1284 nitidis.
670 1254 797 1285 Sordida

138 1311 215 1331 rura
235 1300 315 1332 dixit
330 1301 418 1343 Virg.
436 1301 504 1333 Ecl.
525 1301 558 1333 ii.
574 1303 626 1334 28.
663 1303 798 1340 Observo,

140 1351 293 1382 custodio.

184 1401 258 1431 515.
286 1401 434 1441 Delphica
458 1401 576 1442 tell-us]
603 1401 695 1432 Unde
722 1402 798 1432 Ora-

139 1450 213 1480 cula
229 1449 376 1489 Delphica
388 1449 474 1480 dicta
488 1455 569 1481 sunt.
594 1450 714 1492 Delphi
727 1451 801 1481 urbs

142 1497 290 1529 Phocidis
317 1498 349 1529 in
375 1498 500 1530 Achaia
532 1499 572 1530 ad
602 1499 801 1537 Parnassum,

141 1547 270 1578 oraculo
285 1547 442 1590 Apollinis
456 1548 554 1579 clara.

187 1597 260 1627 516.
278 1597 392 1634 Claros,
409 1597 486 1638 etc.]
512 1597 673 1640 Oppidum
692 1597 801 1633 Ioniae,

139 1645 232 1686 juxta
255 1645 479 1686 Colophonem,
504 1646 662 1688 Apollinis
687 1646 803 1688 templo

145 1699 177 1725 et
191 1695 317 1726 oraculo
333 1695 561 1727 nobilissimum
576 1709 582 1726 z
602 1696 666 1727 vid.
683 1697 803 1732 Strabo,

147 1743 209 1775 xiv.
224 1756 256 1786 p.
271 1745 334 1776 442
349 1757 356 1783 ;
375 1745 511 1777 Pausan.
521 1745 574 1776 vii.
586 1757 616 1787 p.
629 1747 701 1776 405.
726 1746 805 1777 Inde

146 1792 263 1835 Apollo
283 1794 415 1830 Clarius,
431 1795 521 1836 cujus
536 1794 652 1835 effigies
667 1794 699 1825 in
714 1805 804 1825 num-

147 1842 206 1873 mis
231 1843 418 1885 conspicitur
439 1842 523 1885 apud
547 1843 693 1874 Patinum
714 1854 804 1874 num-

148 1890 250 1922 mism.
278 1893 360 1935 Imp.
375 1904 407 1934 p.
423 1893 498 1923 400.
547 1892 685 1928 Tenedos,
704 1892 807 1923 insula

148 1940 243 1971 maris
258 1941 372 1982 AEgaei‚
388 1952 462 1981 agro
475 1941 609 1983 Trojano
623 1941 738 1977 vicina,
753 1941 807 1972 ubi

147 1990 300 2032 templum
324 1991 483 2033 Apollinis
510 1991 663 2022 Sminthei
690 1990 807 2022 ditissi-

150 2049 255 2070 mum:
281 2040 400 2077 Strabo,
416 2040 472 2071 vii.
511 2040 560 2072 Cf.
576 2040 665 2082 Virg.
681 2042 758 2071 AEn.
775 2039 808 2071 ii.

151 2090 204 2119 21.
230 2089 359 2126 Patara,
369 2090 442 2121 urbs
452 2089 570 2131 Lyciae,
580 2089 612 2120 in
621 2100 685 2131 qua
693 2089 808 2132 Apollo

152 2138 287 2170 hiemem
301 2139 506 2181 transigebat,
517 2144 548 2170 et
559 2149 613 2181 per
623 2150 676 2170 sex
688 2149 809 2170 menses

151 2187 295 2219 hibernos
315 2199 464 2231 responsa
483 2188 599 2219 dabat:
625 2188 774 2219 Herodot.
787 2188 809 2219 i.

156 2237 240 2275 1823
277 2237 362 2268 Serv.
390 2237 429 2268 ad
455 2237 545 2278 Virg.
570 2238 645 2267 AEn.
669 2236 712 2267 iv.
738 2238 809 2267 143.

153 2285 238 2316 Hinc
249 2285 366 2328 Apollo
380 2286 541 2322 Patareus,
553 2286 664 2316 Horat.
674 2286 737 2317 III.
748 2285 810 2317 Od.

152 2334 195 2365 iv.
213 2335 265 2367 64.
309 2335 418 2372 Servit‚
442 2335 517 2365 colit
541 2334 636 2365 sacris
659 2334 811 2366 faciendis

153 2389 185 2415 et
199 2383 333 2416 oraculis
346 2383 556 2415 consulendis.

198 2434 272 2464 517.
295 2434 357 2464 Per
377 2445 422 2464 me
441 2435 518 2474 quod
538 2433 680 2474 eritque]
707 2433 813 2470 Artes,

157 2491 288 2522 quarum
304 2482 414 2524 ἔφορος
426 2487 503 2518 erat,
512 2487 547 2513 ut
560 2481 697 2523 loquitur
710 2481 815 2513 Schol.

156 2530 241 2562 ined.
261 2531 388 2562 Homer.
412 2532 495 2574 apud
515 2531 653 2562 Valken.
673 2531 713 2562 de
736 2531 816 2562 Cod.

158 2580 255 2611 Hom.
284 2592 316 2623 p.
339 2582 391 2612 94.
419 2582 542 2619 τοξικὴ,
572 2580 711 2623 ἰατρικὴ,
737 2592 814 2622 μου-

159 2631 242 2668 σικὴ,
262 2630 404 2672 μαντικὴ
418 2644 424 2661 1
443 2630 513 2662 vide
529 2630 656 2661 Callim.
671 2630 705 2661 h.
722 2630 816 2672 Apol.

159 2678 202 2709 42
217 2689 286 2721 sqq.
310 2680 399 2721 Virg.
409 2681 486 2710 AEn.
501 2678 556 2710 xii.
571 2680 646 2710 393.
677 2679 717 2710 Et
733 2679 814 2720 apud

160 2727 290 2759 Lucian.
304 2727 337 2759 in
357 2728 497 2770 ψηφισμ.
511 2739 543 2770 p.
559 2729 632 2759 716.
648 2727 816 2769 indignan-

161 2781 212 2807 tur
225 2777 292 2813 Dii,
308 2776 392 2819 quod
406 2777 457 2809 hic
474 2788 556 2809 unus
570 2782 616 2808 tot
632 2782 713 2808 artes
727 2787 816 2808 exer-

861 1062 939 1088 ceat.
966 1056 1027 1086 Per
1042 1067 1096 1091 me,
1107 1056 1183 1095 quod
1199 1055 1325 1093 eritque,
1336 1057 1397 1083 etc.
1423 1052 1523 1082 Vates

862 1117 930 1137 sum
946 1105 1036 1146 longe
1053 1104 1254 1136 certissimus.
1290 1100 1450 1143 Expressit
1465 1111 1521 1131 au-

865 1161 928 1186 tem
955 1155 1082 1185 Homer.
1106 1154 1148 1184 Il.
1175 1157 1211 1184 Δ.
1237 1153 1289 1182 70.
1311 1150 1365 1182 ubi
1388 1150 1525 1181 Calchas

865 1204 942 1235 scire
963 1204 1094 1234 dicitur:
1121 1202 1162 1234 τά
1187 1201 1212 1234 τ’
1235 1201 1341 1237 ἐόντα,
1362 1199 1403 1231 τά
1426 1199 1451 1231 τ’
1473 1199 1522 1229 ἐσ-

865 1253 999 1295 σόμενα,
1028 1252 1091 1294 πρό
1120 1251 1147 1283 τ’
1168 1252 1276 1287 ἐόντα,
1299 1261 1392 1291 quem
1422 1249 1524 1280 locum

867 1303 961 1334 etiam
977 1302 1134 1341 transtulit
1152 1301 1241 1342 Virg.
1254 1301 1370 1341 Georg.
1390 1300 1431 1330 iv.
1447 1301 1524 1330 392.

866 1351 1069 1383 Vaticinandi
1085 1357 1181 1382 artem
1193 1350 1323 1381 edoctus
1333 1355 1398 1380 erat
1412 1348 1526 1390 Apollo

868 1412 886 1433 a
907 1402 998 1437 Jove,
1015 1401 1104 1443 cujus
1123 1406 1211 1431 vates
1234 1399 1328 1430 etiam
1351 1398 1525 1434 dicebatur,

867 1456 1062 1493 praeeratque
1079 1450 1223 1481 oraculis.

912 1501 987 1531 518.
1012 1500 1073 1530 Per
1094 1510 1138 1529 me
1161 1497 1370 1537 concordant.]
1403 1497 1529 1528 Musica

869 1549 991 1580 excello
1030 1554 1061 1579 et
1090 1547 1330 1582 instrumentali‚
1358 1552 1390 1577 et
1418 1547 1530 1578 vocali.

869 1598 995 1629 Musica
1021 1608 1070 1628 ars
1097 1596 1180 1638 apud
1199 1597 1331 1627 Veteres
1352 1595 1385 1625 in
1409 1606 1529 1626 summo

871 1647 984 1678 honore
1003 1653 1080 1684 erat,
1096 1646 1141 1677 ita
1164 1651 1198 1677 ut
1219 1645 1356 1676 inventio
1380 1652 1530 1687 praestan-

871 1697 1059 1727 tissimorum
1084 1696 1357 1726 instrumentorum
1384 1695 1424 1725 ad
1446 1696 1532 1726 Deos

872 1746 1056 1776 referretur:
1086 1744 1248 1775 Plutarch.
1272 1744 1311 1774 de
1335 1743 1472 1780 Musica,
1502 1756 1532 1786 p.

874 1795 967 1826 1136.
1002 1793 1158 1836 Apollinis
1170 1793 1374 1823 instrumenta
1389 1800 1476 1824 erant
1490 1796 1532 1824 ci-

874 1845 973 1880 thara,
992 1854 1087 1886 quam
1113 1842 1178 1885 ipse
1203 1841 1324 1873 invenit
1349 1841 1461 1883 (Bion.
1484 1843 1534 1874 Id.

873 1893 916 1924 iii.
934 1894 984 1934 7.)
1001 1899 1032 1923 et
1047 1902 1142 1934 quam
1162 1902 1233 1922 cum
1253 1896 1348 1922 cantu
1372 1891 1489 1932 pulsat,
1503 1898 1534 1923 et

876 1944 954 1983 lyra,
966 1952 1061 1984 quam
1074 1940 1196 1983 accepit
1209 1950 1228 1971 a
1240 1939 1397 1971 Mercurio
1412 1953 1418 1970 :
1436 1941 1533 1971 Hom.

875 1992 907 2022 h.
935 1992 967 2023 in
999 1992 1101 2022 Merc.
1158 1989 1266 2025 Nervi,
1296 1990 1418 2031 νευραὶ,
1448 1990 1536 2021 fides.

876 2041 1070 2072 Concentum
1089 2038 1173 2070 vocis
1193 2044 1224 2069 et
1247 2038 1355 2069 fidium
1375 2038 1458 2070 varie
1482 2050 1535 2070 ex-

875 2091 999 2133 pressit.
1038 2089 1088 2121 Cf.
1102 2099 1135 2119 v.
1150 2089 1233 2126 3403
1256 2087 1300 2118 xi.
1318 2090 1351 2119 5.

920 2141 994 2171 519.
1012 2137 1289 2180 Certa—sagitta]
1316 2137 1512 2169 Inevitabilis
1527 2151 1533 2168 ι

877 2189 960 2220 unde
980 2190 1154 2219 metuendus
1174 2193 1255 2218 certa
1272 2187 1398 2217 Phirbus
1412 2191 1536 2229 sagitto,

878 2239 988 2269 Horat.
1002 2238 1032 2268 I.
1054 2237 1119 2269 Od.
1137 2237 1193 2267 xii.
1209 2238 1263 2267 22.
1308 2236 1359 2266 Sic
1384 2241 1416 2267 et
1438 2248 1538 2267 certus

878 2298 977 2323 arcus,
993 2293 1076 2318 certa
1092 2296 1198 2316 manus
1212 2284 1356 2316 tribuitur
1370 2284 1477 2326 peritis
1487 2286 1537 2327 ja-

878 2336 1080 2368 culatoribus.
1125 2336 1245 2366 Contra
1272 2336 1388 2364 incerta
1415 2338 1537 2371 securis,

879 2385 970 2426 Virg.
984 2386 1059 2415 AEn.
1074 2384 1109 2414 ii.
1127 2385 1202 2414 224.
1250 2383 1360 2413 Tamen
1384 2395 1460 2419 una,
1477 2391 1540 2415 etc.

879 2434 963 2466 Vide
978 2433 1016 2464 ad
1032 2445 1114 2464 vers.
1126 2434 1188 2464 456
1200 2439 1232 2464 et
1247 2434 1322 2463 458.
1354 2432 1404 2463 Cf.
1421 2432 1540 2464 Anaer.

881 2484 944 2515 Od.
959 2483 1025 2515 xlv.
1049 2483 1103 2514 ubi
1128 2483 1217 2514 Mars
1236 2481 1330 2514 sentit
1345 2481 1408 2512 vim
1429 2482 1539 2513 horum

882 2534 1025 2564 telorum.

925 2583 1000 2614 520.
1022 2582 1132 2618 Vacuo,
1148 2591 1194 2612 sc.
1211 2581 1250 2611 ab
1266 2591 1386 2619 amore3
1403 2580 1540 2622 Daphne

882 2631 964 2662 enim
979 2632 1096 2673 primus
1109 2630 1176 2672 ejus
1191 2640 1287 2666 amor,
1305 2640 1369 2660 ver.
1381 2631 1454 2660 452.

926 2682 1002 2711 521.
1027 2680 1201 2714 Inventum,
1230 2679 1310 2719 etc.]
1340 2678 1391 2709 Cf.
1412 2677 1541 2709 Callim.

884 2730 952 2761 (1.1.
991 2729 1108 2771 Opifer,
1131 2729 1252 2770 σωτὴρ,
1275 2727 1390 2771 ἰατρὸς,
1408 2727 1518 2759 παίων
1535 2739 1541 2757 :

884 2778 956 2810 vide
981 2777 1117 2810 Valken.
1144 2777 1185 2809 ad
1214 2777 1321 2819 Eurip.
1354 2776 1453 2819 Hipp.
1480 2787 1544 2807 ver.
