<?xml version="1.0" encoding="UTF-8"?>
<!DOCTYPE html PUBLIC "-//W3C//DTD XHTML 1.0 Transitional//EN"
    "http://www.w3.org/TR/xhtml1/DTD/xhtml1-transitional.dtd">
<html xmlns="http://www.w3.org/1999/xhtml" xml:lang="en" lang="en">
 <head>
  <title>
</title>
<meta http-equiv="Content-Type" content="text/html;charset=utf-8" />
  <meta name='ocr-system' content='tesseract 3.04.00' />
  <meta name='ocr-capabilities' content='ocr_page ocr_carea ocr_par ocr_line ocrx_word'/>
</head>
<body>
  <div class='ocr_page' id='page_1' title='image "./povidiinasonisop03oviduoft_0213.png"; bbox 0 0 1763 3181; ppageno 0'>
   <div class='ocr_carea' id='block_1_1' title="bbox 402 173 1268 217">
    <p class='ocr_par' dir='ltr' id='par_1_1' title="bbox 402 173 1268 217">
     <span class='ocr_line' id='line_1_1' title="bbox 402 173 1268 217; baseline -0.001 0"><span class='ocrx_word' id='word_1_1' title='bbox 402 173 1025 217; x_wconf 85' lang='lat' dir='ltr'>METAMORPHOSEON</span> <span class='ocrx_word' id='word_1_2' title='bbox 1060 173 1180 215; x_wconf 91' lang='lat' dir='ltr'>LIB.</span> <span class='ocrx_word' id='word_1_3' title='bbox 1204 173 1268 216; x_wconf 87' lang='grc' dir='ltr'>ΙΙ.</span> 
     </span>
    </p>
   </div>
   <div class='ocr_carea' id='block_1_2' title="bbox 1442 177 1527 218">
    <p class='ocr_par' dir='ltr' id='par_1_2' title="bbox 1442 177 1527 218">
     <span class='ocr_line' id='line_1_2' title="bbox 1442 177 1527 218; baseline 0 0"><span class='ocrx_word' id='word_1_4' title='bbox 1442 177 1527 218; x_wconf 78' lang='lat'>203</span> 
     </span>
    </p>
   </div>
   <div class='ocr_carea' id='block_1_3' title="bbox 145 289 1528 818">
    <p class='ocr_par' dir='ltr' id='par_1_3' title="bbox 146 289 1185 354">
     <span class='ocr_line' id='line_1_3' title="bbox 146 289 1185 354; baseline -0.001 -17"><span class='ocrx_word' id='word_1_5' title='bbox 146 289 212 337; x_wconf 91' lang='lat' dir='ltr'>Et</span> <span class='ocrx_word' id='word_1_6' title='bbox 236 297 373 337; x_wconf 89' lang='lat' dir='ltr'>tanto</span> <span class='ocrx_word' id='word_1_7' title='bbox 397 290 595 354; x_wconf 89' lang='lat' dir='ltr'>penitus</span> <span class='ocrx_word' id='word_1_8' title='bbox 620 290 772 337; x_wconf 86' lang='lat' dir='ltr'>traxit</span> <span class='ocrx_word' id='word_1_9' title='bbox 796 289 1010 353; x_wconf 87' lang='lat' dir='ltr'>suspiria</span> <span class='ocrx_word' id='word_1_10' title='bbox 1031 297 1185 345; x_wconf 87' lang='lat' dir='ltr'>motu,</span> 
     </span>
    </p>

    <p class='ocr_par' dir='ltr' id='par_1_4' title="bbox 145 367 1528 664">
     <span class='ocr_line' id='line_1_4' title="bbox 146 367 1421 431; baseline 0.002 -18"><span class='ocrx_word' id='word_1_11' title='bbox 146 367 217 414; x_wconf 92' lang='lat' dir='ltr'>Ut</span> <span class='ocrx_word' id='word_1_12' title='bbox 240 367 423 431; x_wconf 90' lang='lat' dir='ltr'>pariter</span> <span class='ocrx_word' id='word_1_13' title='bbox 445 375 642 431; x_wconf 91' lang='lat' dir='ltr'>pectus,</span> <span class='ocrx_word' id='word_1_14' title='bbox 667 367 984 431; x_wconf 78' lang='lat' dir='ltr'>positamque</span> <span class='ocrx_word' id='word_1_15' title='bbox 1008 367 1058 413; x_wconf 92' lang='lat' dir='ltr'>in</span> <span class='ocrx_word' id='word_1_16' title='bbox 1083 374 1282 430; x_wconf 81' lang='lat' dir='ltr'>pectore</span> <span class='ocrx_word' id='word_1_17' title='bbox 1307 367 1421 415; x_wconf 87' lang='lat' dir='ltr'>forti</span> 
     </span>
     <span class='ocr_line' id='line_1_5' title="bbox 145 444 1528 508; baseline 0.003 -18"><span class='ocrx_word' id='word_1_18' title='bbox 145 444 324 506; x_wconf 88' lang='lat' dir='ltr'>AEgida</span> <span class='ocrx_word' id='word_1_19' title='bbox 346 450 635 492; x_wconf 85' lang='lat' dir='ltr'>concuteret</span> <span class='ocrx_word' id='word_1_20' title='bbox 655 461 665 492; x_wconf 92' lang='lat'><strong>:</strong></span> <span class='ocrx_word' id='word_1_21' title='bbox 694 444 844 500; x_wconf 87' lang='lat' dir='ltr'>subit,</span> <span class='ocrx_word' id='word_1_22' title='bbox 861 445 988 491; x_wconf 91' lang='lat' dir='ltr'>hanc</span> <span class='ocrx_word' id='word_1_23' title='bbox 1009 460 1187 491; x_wconf 89' lang='lat' dir='ltr'>arcana</span> <span class='ocrx_word' id='word_1_24' title='bbox 1205 444 1410 508; x_wconf 88' lang='lat' dir='ltr'>profana</span> <span class='ocrx_word' id='word_1_25' title='bbox 1433 449 1528 494; x_wconf 88' lang='lat'>755</span> 
     </span>
     <span class='ocr_line' id='line_1_6' title="bbox 145 521 1473 585; baseline 0.002 -17"><span class='ocrx_word' id='word_1_26' title='bbox 145 522 412 570; x_wconf 88' lang='lat' dir='ltr'>Detexisse</span> <span class='ocrx_word' id='word_1_27' title='bbox 437 539 585 570; x_wconf 89' lang='lat' dir='ltr'>manu</span> <span class='ocrx_word' id='word_1_28' title='bbox 610 528 733 578; x_wconf 89' lang='lat' dir='ltr'>turn,</span> <span class='ocrx_word' id='word_1_29' title='bbox 761 538 916 585; x_wconf 90' lang='lat' dir='ltr'>quum</span> <span class='ocrx_word' id='word_1_30' title='bbox 942 521 1048 568; x_wconf 89' lang='lat' dir='ltr'>sine</span> <span class='ocrx_word' id='word_1_31' title='bbox 1074 528 1229 569; x_wconf 89' lang='lat' dir='ltr'>matre</span> <span class='ocrx_word' id='word_1_32' title='bbox 1255 529 1473 571; x_wconf 90' lang='lat' dir='ltr'>creatam</span> 
     </span>
     <span class='ocr_line' id='line_1_7' title="bbox 145 598 1391 664; baseline 0.002 -19"><span class='ocrx_word' id='word_1_33' title='bbox 145 598 442 646; x_wconf 80' lang='lat' dir='ltr'>Lemnicolae</span> <span class='ocrx_word' id='word_1_34' title='bbox 468 600 672 664; x_wconf 86' lang='lat' dir='ltr'>stirpem</span> <span class='ocrx_word' id='word_1_35' title='bbox 697 607 869 647; x_wconf 87' lang='lat' dir='ltr'>contra</span> <span class='ocrx_word' id='word_1_36' title='bbox 893 599 1012 664; x_wconf 85' lang='lat' dir='ltr'>data</span> <span class='ocrx_word' id='word_1_37' title='bbox 1034 599 1220 646; x_wconf 85' lang='lat' dir='ltr'>foedera</span> <span class='ocrx_word' id='word_1_38' title='bbox 1243 599 1391 657; x_wconf 85' lang='lat' dir='ltr'>vidit3</span> 
     </span>
    </p>

    <p class='ocr_par' dir='ltr' id='par_1_5' title="bbox 146 675 1427 741">
     <span class='ocr_line' id='line_1_8' title="bbox 146 675 1427 741; baseline 0.001 -19"><span class='ocrx_word' id='word_1_39' title='bbox 146 675 212 723; x_wconf 92' lang='lat' dir='ltr'>Et</span> <span class='ocrx_word' id='word_1_40' title='bbox 235 683 527 741; x_wconf 81' lang='lat' dir='ltr'>gratamque</span> <span class='ocrx_word' id='word_1_41' title='bbox 555 677 664 725; x_wconf 90' lang='lat' dir='ltr'>Deo</span> <span class='ocrx_word' id='word_1_42' title='bbox 689 677 792 725; x_wconf 89' lang='lat' dir='ltr'>fore</span> <span class='ocrx_word' id='word_1_43' title='bbox 810 679 916 740; x_wconf 81' lang='lat' dir='ltr'>jam</span> <span class='ocrx_word' id='word_1_44' title='bbox 941 683 1232 740; x_wconf 82' lang='lat' dir='ltr'>gratamque</span> <span class='ocrx_word' id='word_1_45' title='bbox 1259 677 1427 733; x_wconf 88' lang='lat' dir='ltr'>sorori,</span> 
     </span>
    </p>

    <p class='ocr_par' dir='ltr' id='par_1_6' title="bbox 145 751 1449 818">
     <span class='ocr_line' id='line_1_9' title="bbox 145 751 1449 818; baseline 0.002 -19"><span class='ocrx_word' id='word_1_46' title='bbox 145 751 212 799; x_wconf 82' lang='lat' dir='ltr'>Et</span> <span class='ocrx_word' id='word_1_47' title='bbox 235 753 390 801; x_wconf 88' lang='lat' dir='ltr'>ditem</span> <span class='ocrx_word' id='word_1_48' title='bbox 416 761 630 818; x_wconf 90' lang='lat' dir='ltr'>sumpto,</span> <span class='ocrx_word' id='word_1_49' title='bbox 658 754 794 817; x_wconf 87' lang='lat' dir='ltr'>quod</span> <span class='ocrx_word' id='word_1_50' title='bbox 819 770 963 801; x_wconf 88' lang='lat' dir='ltr'>avara</span> <span class='ocrx_word' id='word_1_51' title='bbox 988 754 1287 817; x_wconf 88' lang='lat' dir='ltr'>poposcerit,</span> <span class='ocrx_word' id='word_1_52' title='bbox 1315 770 1449 802; x_wconf 90' lang='lat' dir='ltr'>auro.</span> 
     </span>
    </p>
   </div>
   <div class='ocr_carea' id='block_1_4' title="bbox 212 829 1318 897">
    <p class='ocr_par' dir='ltr' id='par_1_7' title="bbox 212 829 1318 897">
     <span class='ocr_line' id='line_1_10' title="bbox 212 829 1318 897; baseline 0.001 -20"><span class='ocrx_word' id='word_1_53' title='bbox 212 829 443 878; x_wconf 88' lang='lat' dir='ltr'>Protinus</span> <span class='ocrx_word' id='word_1_54' title='bbox 470 830 691 888; x_wconf 87' lang='lat' dir='ltr'>Invidiae,</span> <span class='ocrx_word' id='word_1_55' title='bbox 719 832 857 897; x_wconf 89' lang='lat' dir='ltr'>nigro</span> <span class='ocrx_word' id='word_1_56' title='bbox 882 831 1163 894; x_wconf 89' lang='lat' dir='ltr'>squalentia</span> <span class='ocrx_word' id='word_1_57' title='bbox 1185 832 1318 887; x_wconf 84' lang='lat' dir='ltr'>tabo,</span> 
     </span>
    </p>
   </div>
   <div class='ocr_carea' id='block_1_5' title="bbox 1435 836 1530 880">
    <p class='ocr_par' dir='ltr' id='par_1_8' title="bbox 1435 836 1530 880">
     <span class='ocr_line' id='line_1_11' title="bbox 1435 836 1530 880; baseline 0 0"><span class='ocrx_word' id='word_1_58' title='bbox 1435 836 1530 880; x_wconf 88' lang='lat'>760</span> 
     </span>
    </p>
   </div>
   <div class='ocr_carea' id='block_1_6' title="bbox 144 906 1394 1205">
    <p class='ocr_par' dir='ltr' id='par_1_9' title="bbox 144 906 1389 1050">
     <span class='ocr_line' id='line_1_12' title="bbox 145 906 1389 972; baseline 0.002 -18"><span class='ocrx_word' id='word_1_59' title='bbox 145 906 303 954; x_wconf 90' lang='lat' dir='ltr'>Tecta</span> <span class='ocrx_word' id='word_1_60' title='bbox 326 908 480 972; x_wconf 88' lang='lat' dir='ltr'>petit:</span> <span class='ocrx_word' id='word_1_61' title='bbox 519 909 695 956; x_wconf 88' lang='lat' dir='ltr'>domus</span> <span class='ocrx_word' id='word_1_62' title='bbox 721 917 798 957; x_wconf 91' lang='lat' dir='ltr'>est</span> <span class='ocrx_word' id='word_1_63' title='bbox 822 909 932 956; x_wconf 90' lang='lat' dir='ltr'>imis</span> <span class='ocrx_word' id='word_1_64' title='bbox 958 910 1007 956; x_wconf 90' lang='lat' dir='ltr'>in</span> <span class='ocrx_word' id='word_1_65' title='bbox 1028 908 1240 956; x_wconf 86' lang='lat' dir='ltr'>vallibus</span> <span class='ocrx_word' id='word_1_66' title='bbox 1263 910 1389 956; x_wconf 87' lang='lat' dir='ltr'>antri</span> 
     </span>
     <span class='ocr_line' id='line_1_13' title="bbox 144 983 1328 1050; baseline 0.002 -19"><span class='ocrx_word' id='word_1_67' title='bbox 144 983 350 1042; x_wconf 83' lang='lat' dir='ltr'>Abdita,</span> <span class='ocrx_word' id='word_1_68' title='bbox 379 986 482 1033; x_wconf 89' lang='lat' dir='ltr'>sole</span> <span class='ocrx_word' id='word_1_69' title='bbox 507 1002 699 1042; x_wconf 89' lang='lat' dir='ltr'>carens,</span> <span class='ocrx_word' id='word_1_70' title='bbox 728 1003 825 1034; x_wconf 93' lang='lat' dir='ltr'>non</span> <span class='ocrx_word' id='word_1_71' title='bbox 851 986 937 1033; x_wconf 90' lang='lat' dir='ltr'>ulli</span> <span class='ocrx_word' id='word_1_72' title='bbox 962 986 1131 1050; x_wconf 89' lang='lat' dir='ltr'>pervia</span> <span class='ocrx_word' id='word_1_73' title='bbox 1153 994 1328 1043; x_wconf 80' lang='lat' dir='ltr'>vent03</span> 
     </span>
    </p>

    <p class='ocr_par' dir='ltr' id='par_1_10' title="bbox 146 1061 1394 1205">
     <span class='ocr_line' id='line_1_14' title="bbox 146 1061 1392 1127; baseline 0.003 -20"><span class='ocrx_word' id='word_1_74' title='bbox 146 1061 339 1119; x_wconf 89' lang='lat' dir='ltr'>Tristis,</span> <span class='ocrx_word' id='word_1_75' title='bbox 367 1069 418 1111; x_wconf 92' lang='lat' dir='ltr'>et</span> <span class='ocrx_word' id='word_1_76' title='bbox 441 1063 605 1126; x_wconf 87' lang='lat' dir='ltr'>ignavi</span> <span class='ocrx_word' id='word_1_77' title='bbox 632 1063 919 1127; x_wconf 89' lang='lat' dir='ltr'>plenissima</span> <span class='ocrx_word' id='word_1_78' title='bbox 943 1063 1163 1127; x_wconf 82' lang='lat' dir='ltr'>frigoris3</span> <span class='ocrx_word' id='word_1_79' title='bbox 1207 1071 1256 1110; x_wconf 91' lang='lat' dir='ltr'>et</span> <span class='ocrx_word' id='word_1_80' title='bbox 1279 1080 1392 1127; x_wconf 86' lang='lat' dir='ltr'>quae</span> 
     </span>
     <span class='ocr_line' id='line_1_15' title="bbox 148 1137 1394 1205; baseline 0.003 -21"><span class='ocrx_word' id='word_1_81' title='bbox 148 1137 272 1201; x_wconf 86' lang='lat' dir='ltr'>Igne</span> <span class='ocrx_word' id='word_1_82' title='bbox 295 1148 439 1188; x_wconf 87' lang='lat' dir='ltr'>vacet</span> <span class='ocrx_word' id='word_1_83' title='bbox 464 1157 675 1205; x_wconf 87' lang='lat' dir='ltr'>semper,</span> <span class='ocrx_word' id='word_1_84' title='bbox 697 1141 909 1205; x_wconf 87' lang='lat' dir='ltr'>caligine</span> <span class='ocrx_word' id='word_1_85' title='bbox 935 1157 1132 1205; x_wconf 85' lang='lat' dir='ltr'>semper</span> <span class='ocrx_word' id='word_1_86' title='bbox 1157 1141 1394 1189; x_wconf 88' lang='lat' dir='ltr'>abundet.</span> 
     </span>
    </p>
   </div>
   <div class='ocr_carea' id='block_1_7' title="bbox 148 1215 1257 1282">
    <p class='ocr_par' dir='ltr' id='par_1_11' title="bbox 148 1215 1257 1282">
     <span class='ocr_line' id='line_1_16' title="bbox 148 1215 1257 1282; baseline 0.003 -20"><span class='ocrx_word' id='word_1_87' title='bbox 148 1215 261 1263; x_wconf 92' lang='lat' dir='ltr'>Huc</span> <span class='ocrx_word' id='word_1_88' title='bbox 286 1217 370 1264; x_wconf 89' lang='lat' dir='ltr'>ubi</span> <span class='ocrx_word' id='word_1_89' title='bbox 395 1218 618 1282; x_wconf 89' lang='lat' dir='ltr'>pervenit</span> <span class='ocrx_word' id='word_1_90' title='bbox 640 1219 758 1267; x_wconf 89' lang='lat' dir='ltr'>belli</span> <span class='ocrx_word' id='word_1_91' title='bbox 784 1219 1052 1267; x_wconf 89' lang='lat' dir='ltr'>metuenda</span> <span class='ocrx_word' id='word_1_92' title='bbox 1074 1218 1257 1280; x_wconf 82' lang='lat' dir='ltr'>virago,</span> 
     </span>
    </p>
   </div>
   <div class='ocr_carea' id='block_1_8' title="bbox 146 1361 814 2785">
    <p class='ocr_par' dir='ltr' id='par_1_12' title="bbox 146 1361 805 1550">
     <span class='ocr_line' id='line_1_17' title="bbox 146 1361 803 1403; baseline 0.005 -12"><span class='ocrx_word' id='word_1_93' title='bbox 146 1365 208 1391; x_wconf 87' lang='lat' dir='ltr'>etc.</span> <span class='ocrx_word' id='word_1_94' title='bbox 237 1361 335 1403; x_wconf 81' lang='lat' dir='ltr'>AEgz&#39;s,</span> <span class='ocrx_word' id='word_1_95' title='bbox 345 1361 572 1392; x_wconf 84' lang='lat' dir='ltr'>munimentum</span> <span class='ocrx_word' id='word_1_96' title='bbox 582 1362 657 1393; x_wconf 89' lang='lat' dir='ltr'>illud</span> <span class='ocrx_word' id='word_1_97' title='bbox 671 1373 803 1400; x_wconf 76' lang='lat' dir='ltr'>aeneum,</span> 
     </span>
     <span class='ocr_line' id='line_1_18' title="bbox 148 1409 805 1453; baseline 0.003 -13"><span class='ocrx_word' id='word_1_98' title='bbox 148 1409 230 1450; x_wconf 88' lang='lat' dir='ltr'>quod</span> <span class='ocrx_word' id='word_1_99' title='bbox 244 1410 276 1440; x_wconf 91' lang='lat' dir='ltr'>in</span> <span class='ocrx_word' id='word_1_100' title='bbox 296 1416 422 1452; x_wconf 83' lang='lat' dir='ltr'>pectore</span> <span class='ocrx_word' id='word_1_101' title='bbox 444 1410 522 1451; x_wconf 79' lang='lat' dir='ltr'>gerit</span> <span class='ocrx_word' id='word_1_102' title='bbox 543 1411 659 1448; x_wconf 83' lang='lat' dir='ltr'>Pallas,</span> <span class='ocrx_word' id='word_1_103' title='bbox 676 1412 805 1453; x_wconf 85' lang='lat' dir='ltr'>insigni-</span> 
     </span>
     <span class='ocr_line' id='line_1_19' title="bbox 147 1459 805 1503; baseline 0.003 -13"><span class='ocrx_word' id='word_1_104' title='bbox 147 1464 213 1490; x_wconf 87' lang='lat' dir='ltr'>tum</span> <span class='ocrx_word' id='word_1_105' title='bbox 234 1459 337 1501; x_wconf 86' lang='lat' dir='ltr'>capite</span> <span class='ocrx_word' id='word_1_106' title='bbox 354 1459 521 1502; x_wconf 80' lang='lat' dir='ltr'>Gorgonis,</span> <span class='ocrx_word' id='word_1_107' title='bbox 540 1460 623 1502; x_wconf 89' lang='lat' dir='ltr'>quod</span> <span class='ocrx_word' id='word_1_108' title='bbox 645 1467 676 1492; x_wconf 87' lang='lat' dir='ltr'>et</span> <span class='ocrx_word' id='word_1_109' title='bbox 691 1461 723 1492; x_wconf 91' lang='lat' dir='ltr'>in</span> <span class='ocrx_word' id='word_1_110' title='bbox 739 1462 805 1503; x_wconf 92' lang='lat' dir='ltr'>cly-</span> 
     </span>
     <span class='ocr_line' id='line_1_20' title="bbox 146 1509 571 1550; baseline 0 -11"><span class='ocrx_word' id='word_1_111' title='bbox 146 1518 204 1550; x_wconf 88' lang='lat' dir='ltr'>peo</span> <span class='ocrx_word' id='word_1_112' title='bbox 219 1509 285 1550; x_wconf 86' lang='lat' dir='ltr'>ejus</span> <span class='ocrx_word' id='word_1_113' title='bbox 299 1519 478 1550; x_wconf 88' lang='lat' dir='ltr'>expressum</span> <span class='ocrx_word' id='word_1_114' title='bbox 493 1514 571 1539; x_wconf 87' lang='lat' dir='ltr'>erat.</span> 
     </span>
    </p>

    <p class='ocr_par' dir='ltr' id='par_1_13' title="bbox 147 1558 808 1836">
     <span class='ocr_line' id='line_1_21' title="bbox 191 1558 807 1598; baseline 0.002 -9"><span class='ocrx_word' id='word_1_115' title='bbox 191 1559 264 1589; x_wconf 88' lang='lat'>755.</span> <span class='ocrx_word' id='word_1_116' title='bbox 288 1558 402 1598; x_wconf 57' lang='lat' dir='ltr'>Sabin]</span> <span class='ocrx_word' id='word_1_117' title='bbox 443 1559 481 1589; x_wconf 92' lang='lat' dir='ltr'>In</span> <span class='ocrx_word' id='word_1_118' title='bbox 507 1559 688 1589; x_wconf 80' lang='lat' dir='ltr'>memoriam</span> <span class='ocrx_word' id='word_1_119' title='bbox 716 1559 807 1590; x_wconf 88' lang='lat' dir='ltr'>redit.</span> 
     </span>
     <span class='ocr_line' id='line_1_22' title="bbox 149 1607 806 1649; baseline 0.003 -12"><span class='ocrx_word' id='word_1_120' title='bbox 149 1607 332 1644; x_wconf 81' lang='lat' dir='ltr'>Lemnicola,</span> <span class='ocrx_word' id='word_1_121' title='bbox 346 1607 522 1643; x_wconf 78' lang='lat' dir='ltr'>Vulcanus,</span> <span class='ocrx_word' id='word_1_122' title='bbox 542 1607 595 1649; x_wconf 91' lang='lat' dir='ltr'>qui</span> <span class='ocrx_word' id='word_1_123' title='bbox 621 1608 653 1639; x_wconf 92' lang='lat' dir='ltr'>in</span> <span class='ocrx_word' id='word_1_124' title='bbox 677 1610 806 1645; x_wconf 82' lang='lat' dir='ltr'>Lemno,</span> 
     </span>
     <span class='ocr_line' id='line_1_23' title="bbox 147 1657 808 1699; baseline 0.003 -12"><span class='ocrx_word' id='word_1_125' title='bbox 147 1657 250 1687; x_wconf 87' lang='lat' dir='ltr'>insula</span> <span class='ocrx_word' id='word_1_126' title='bbox 268 1657 360 1688; x_wconf 83' lang='lat' dir='ltr'>maris</span> <span class='ocrx_word' id='word_1_127' title='bbox 383 1658 498 1699; x_wconf 85' lang='lat' dir='ltr'>AEgaei,</span> <span class='ocrx_word' id='word_1_128' title='bbox 513 1657 668 1688; x_wconf 87' lang='lat' dir='ltr'>officinam</span> <span class='ocrx_word' id='word_1_129' title='bbox 693 1659 808 1690; x_wconf 86' lang='lat' dir='ltr'>habere</span> 
     </span>
     <span class='ocr_line' id='line_1_24' title="bbox 147 1705 808 1749; baseline 0.005 -13"><span class='ocrx_word' id='word_1_130' title='bbox 147 1706 343 1743; x_wconf 81' lang='lat' dir='ltr'>credebatur,</span> <span class='ocrx_word' id='word_1_131' title='bbox 353 1705 459 1748; x_wconf 86' lang='lat' dir='ltr'>ibique</span> <span class='ocrx_word' id='word_1_132' title='bbox 470 1707 501 1737; x_wconf 89' lang='lat' dir='ltr'>in</span> <span class='ocrx_word' id='word_1_133' title='bbox 516 1707 622 1749; x_wconf 90' lang='lat' dir='ltr'>primis</span> <span class='ocrx_word' id='word_1_134' title='bbox 637 1708 808 1740; x_wconf 81' lang='lat' dir='ltr'>colebatur.</span> 
     </span>
     <span class='ocr_line' id='line_1_25' title="bbox 151 1756 808 1799; baseline 0.005 -13"><span class='ocrx_word' id='word_1_135' title='bbox 151 1756 264 1787; x_wconf 74' lang='lat' dir='ltr'>Contra</span> <span class='ocrx_word' id='word_1_136' title='bbox 294 1759 368 1787; x_wconf 81' lang='lat' dir='ltr'>data</span> <span class='ocrx_word' id='word_1_137' title='bbox 396 1756 530 1799; x_wconf 74' lang='lat' dir='ltr'>fffderu,</span> <span class='ocrx_word' id='word_1_138' title='bbox 561 1766 668 1789; x_wconf 84' lang='lat' dir='ltr'>contra</span> <span class='ocrx_word' id='word_1_139' title='bbox 702 1758 808 1789; x_wconf 74' lang='lat' dir='ltr'>datam</span> 
     </span>
     <span class='ocr_line' id='line_1_26' title="bbox 147 1804 252 1836; baseline 0.019 -2"><span class='ocrx_word' id='word_1_140' title='bbox 147 1804 252 1836; x_wconf 89' lang='lat' dir='ltr'>fidem.</span> 
     </span>
    </p>

    <p class='ocr_par' dir='ltr' id='par_1_14' title="bbox 146 1855 814 2785">
     <span class='ocr_line' id='line_1_27' title="bbox 192 1855 807 1896; baseline 0.003 -11"><span class='ocrx_word' id='word_1_141' title='bbox 192 1855 264 1886; x_wconf 87' lang='lat'><strong>760.</strong></span> <span class='ocrx_word' id='word_1_142' title='bbox 289 1855 435 1886; x_wconf 79' lang='lat' dir='ltr'>Protinus</span> <span class='ocrx_word' id='word_1_143' title='bbox 464 1855 620 1896; x_wconf 63' lang='lat' dir='ltr'>Invidiae]</span> <span class='ocrx_word' id='word_1_144' title='bbox 662 1855 807 1887; x_wconf 82' lang='lat' dir='ltr'>Minerva</span> 
     </span>
     <span class='ocr_line' id='line_1_28' title="bbox 146 1903 806 1945; baseline 0.002 -11"><span class='ocrx_word' id='word_1_145' title='bbox 146 1903 303 1935; x_wconf 86' lang='lat' dir='ltr'>Invidiam</span> <span class='ocrx_word' id='word_1_146' title='bbox 316 1905 432 1935; x_wconf 85' lang='lat' dir='ltr'>excitat</span> <span class='ocrx_word' id='word_1_147' title='bbox 442 1904 473 1934; x_wconf 93' lang='lat' dir='ltr'>in</span> <span class='ocrx_word' id='word_1_148' title='bbox 484 1904 640 1945; x_wconf 86' lang='lat' dir='ltr'>Aglauro:</span> <span class='ocrx_word' id='word_1_149' title='bbox 658 1905 712 1935; x_wconf 88' lang='lat' dir='ltr'>sed</span> <span class='ocrx_word' id='word_1_150' title='bbox 724 1904 806 1941; x_wconf 89' lang='lat' dir='ltr'>vide,</span> 
     </span>
     <span class='ocr_line' id='line_1_29' title="bbox 146 1952 806 1994; baseline 0 -11"><span class='ocrx_word' id='word_1_151' title='bbox 146 1952 301 1994; x_wconf 89' lang='lat' dir='ltr'>quomodo</span> <span class='ocrx_word' id='word_1_152' title='bbox 314 1952 373 1984; x_wconf 89' lang='lat' dir='ltr'>hoc</span> <span class='ocrx_word' id='word_1_153' title='bbox 383 1953 555 1984; x_wconf 83' lang='lat' dir='ltr'>exornavit.</span> <span class='ocrx_word' id='word_1_154' title='bbox 601 1953 742 1984; x_wconf 89' lang='lat' dir='ltr'>Primum</span> <span class='ocrx_word' id='word_1_155' title='bbox 754 1954 806 1984; x_wconf 90' lang='lat' dir='ltr'>In-</span> 
     </span>
     <span class='ocr_line' id='line_1_30' title="bbox 146 2003 806 2046; baseline 0.003 -13"><span class='ocrx_word' id='word_1_156' title='bbox 146 2003 263 2034; x_wconf 90' lang='lat' dir='ltr'>vidiam</span> <span class='ocrx_word' id='word_1_157' title='bbox 274 2003 358 2039; x_wconf 85' lang='lat' dir='ltr'>fecit,</span> <span class='ocrx_word' id='word_1_158' title='bbox 368 2008 525 2045; x_wconf 81' lang='lat' dir='ltr'>praeeunte</span> <span class='ocrx_word' id='word_1_159' title='bbox 537 2003 643 2046; x_wconf 90' lang='lat' dir='ltr'>Eurip.</span> <span class='ocrx_word' id='word_1_160' title='bbox 655 2003 685 2033; x_wconf 92' lang='lat' dir='ltr'>in</span> <span class='ocrx_word' id='word_1_161' title='bbox 698 2004 806 2040; x_wconf 89' lang='lat' dir='ltr'>Inone,</span> 
     </span>
     <span class='ocr_line' id='line_1_31' title="bbox 148 2052 807 2095; baseline 0.002 -13"><span class='ocrx_word' id='word_1_162' title='bbox 148 2052 258 2094; x_wconf 82' lang='lat' dir='ltr'>fragm.</span> <span class='ocrx_word' id='word_1_163' title='bbox 281 2055 311 2084; x_wconf 90' lang='lat'>5.</span> <span class='ocrx_word' id='word_1_164' title='bbox 334 2063 508 2095; x_wconf 86' lang='lat' dir='ltr'>personam,</span> <span class='ocrx_word' id='word_1_165' title='bbox 528 2059 573 2089; x_wconf 85' lang='lat' dir='ltr'>ut,</span> <span class='ocrx_word' id='word_1_166' title='bbox 596 2053 650 2083; x_wconf 88' lang='lat' dir='ltr'>xii.</span> <span class='ocrx_word' id='word_1_167' title='bbox 674 2054 714 2084; x_wconf 83' lang='lat'>39</span> <span class='ocrx_word' id='word_1_168' title='bbox 738 2064 807 2095; x_wconf 87' lang='lat' dir='ltr'>sqq.</span> 
     </span>
     <span class='ocr_line' id='line_1_32' title="bbox 147 2101 807 2144; baseline 0.005 -13"><span class='ocrx_word' id='word_1_169' title='bbox 147 2101 287 2138; x_wconf 87' lang='lat' dir='ltr'>Famam,</span> <span class='ocrx_word' id='word_1_170' title='bbox 299 2107 331 2132; x_wconf 92' lang='lat' dir='ltr'>et</span> <span class='ocrx_word' id='word_1_171' title='bbox 339 2102 449 2133; x_wconf 86' lang='lat' dir='ltr'>Horat.</span> <span class='ocrx_word' id='word_1_172' title='bbox 461 2102 487 2132; x_wconf 93' lang='lat' dir='ltr'>I.</span> <span class='ocrx_word' id='word_1_173' title='bbox 498 2102 562 2132; x_wconf 93' lang='lat' dir='ltr'>Od.</span> <span class='ocrx_word' id='word_1_174' title='bbox 577 2114 670 2133; x_wconf 87' lang='lat' dir='ltr'>xxxv.</span> <span class='ocrx_word' id='word_1_175' title='bbox 687 2104 722 2132; x_wconf 92' lang='grc'>17</span> <span class='ocrx_word' id='word_1_176' title='bbox 739 2113 807 2144; x_wconf 88' lang='lat' dir='ltr'>sqq.</span> 
     </span>
     <span class='ocr_line' id='line_1_33' title="bbox 147 2149 807 2183; baseline 0.005 -3"><span class='ocrx_word' id='word_1_177' title='bbox 147 2149 388 2182; x_wconf 86' lang='lat' dir='ltr'>Necessitatem.</span> <span class='ocrx_word' id='word_1_178' title='bbox 416 2151 541 2182; x_wconf 86' lang='lat' dir='ltr'>Deinde</span> <span class='ocrx_word' id='word_1_179' title='bbox 553 2152 641 2182; x_wconf 85' lang='lat' dir='ltr'>finxit</span> <span class='ocrx_word' id='word_1_180' title='bbox 654 2152 807 2183; x_wconf 81' lang='lat' dir='ltr'>Minervae</span> 
     </span>
     <span class='ocr_line' id='line_1_34' title="bbox 149 2199 807 2243; baseline 0.005 -13"><span class='ocrx_word' id='word_1_181' title='bbox 149 2199 189 2231; x_wconf 89' lang='lat' dir='ltr'>ad</span> <span class='ocrx_word' id='word_1_182' title='bbox 206 2210 276 2231; x_wconf 90' lang='lat' dir='ltr'>eam</span> <span class='ocrx_word' id='word_1_183' title='bbox 296 2200 367 2237; x_wconf 86' lang='lat' dir='ltr'>iter,</span> <span class='ocrx_word' id='word_1_184' title='bbox 385 2206 420 2231; x_wconf 91' lang='lat' dir='ltr'>ut</span> <span class='ocrx_word' id='word_1_185' title='bbox 438 2201 608 2232; x_wconf 86' lang='lat' dir='ltr'>ministerio</span> <span class='ocrx_word' id='word_1_186' title='bbox 625 2201 691 2243; x_wconf 83' lang='lat' dir='ltr'>ejus</span> <span class='ocrx_word' id='word_1_187' title='bbox 707 2208 807 2233; x_wconf 87' lang='lat' dir='ltr'>utere-</span> 
     </span>
     <span class='ocr_line' id='line_1_35' title="bbox 147 2250 808 2292; baseline 0.002 -12"><span class='ocrx_word' id='word_1_188' title='bbox 147 2254 209 2285; x_wconf 87' lang='lat' dir='ltr'>tur,</span> <span class='ocrx_word' id='word_1_189' title='bbox 232 2254 268 2280; x_wconf 92' lang='lat' dir='ltr'>ut</span> <span class='ocrx_word' id='word_1_190' title='bbox 290 2260 394 2292; x_wconf 87' lang='lat' dir='ltr'>supra,</span> <span class='ocrx_word' id='word_1_191' title='bbox 416 2252 489 2282; x_wconf 84' lang='lat'>509.</span> <span class='ocrx_word' id='word_1_192' title='bbox 504 2251 638 2282; x_wconf 86' lang='lat' dir='ltr'>Junonis</span> <span class='ocrx_word' id='word_1_193' title='bbox 660 2250 699 2281; x_wconf 89' lang='lat' dir='ltr'>ad</span> <span class='ocrx_word' id='word_1_194' title='bbox 723 2251 808 2282; x_wconf 86' lang='lat' dir='ltr'>Deos</span> 
     </span>
     <span class='ocr_line' id='line_1_36' title="bbox 150 2298 808 2338; baseline 0.002 -9"><span class='ocrx_word' id='word_1_195' title='bbox 150 2298 253 2336; x_wconf 89' lang='lat' dir='ltr'>maris,</span> <span class='ocrx_word' id='word_1_196' title='bbox 263 2304 295 2330; x_wconf 86' lang='lat' dir='ltr'>et</span> <span class='ocrx_word' id='word_1_197' title='bbox 307 2298 349 2330; x_wconf 89' lang='lat' dir='ltr'>iv.</span> <span class='ocrx_word' id='word_1_198' title='bbox 365 2299 440 2330; x_wconf 77' lang='lat'>432.</span> <span class='ocrx_word' id='word_1_199' title='bbox 458 2300 497 2330; x_wconf 87' lang='lat' dir='ltr'>ad</span> <span class='ocrx_word' id='word_1_200' title='bbox 513 2300 641 2338; x_wconf 86' lang='lat' dir='ltr'>Furias;</span> <span class='ocrx_word' id='word_1_201' title='bbox 664 2305 731 2331; x_wconf 88' lang='lat' dir='ltr'>tum</span> <span class='ocrx_word' id='word_1_202' title='bbox 745 2300 808 2331; x_wconf 88' lang='lat' dir='ltr'>viii.</span> 
     </span>
     <span class='ocr_line' id='line_1_37' title="bbox 150 2347 807 2391; baseline 0.003 -13"><span class='ocrx_word' id='word_1_203' title='bbox 150 2348 223 2379; x_wconf 87' lang='lat'>790.</span> <span class='ocrx_word' id='word_1_204' title='bbox 243 2347 365 2380; x_wconf 86' lang='lat' dir='ltr'>Cereris</span> <span class='ocrx_word' id='word_1_205' title='bbox 383 2348 423 2379; x_wconf 89' lang='lat' dir='ltr'>ad</span> <span class='ocrx_word' id='word_1_206' title='bbox 445 2349 584 2380; x_wconf 85' lang='lat' dir='ltr'>Famem.</span> <span class='ocrx_word' id='word_1_207' title='bbox 626 2351 710 2386; x_wconf 81' lang='lat' dir='ltr'>Jam,</span> <span class='ocrx_word' id='word_1_208' title='bbox 732 2361 807 2391; x_wconf 92' lang='lat' dir='ltr'>quo-</span> 
     </span>
     <span class='ocr_line' id='line_1_38' title="bbox 150 2396 810 2440; baseline 0.003 -13"><span class='ocrx_word' id='word_1_209' title='bbox 150 2396 233 2427; x_wconf 88' lang='lat' dir='ltr'>niam</span> <span class='ocrx_word' id='word_1_210' title='bbox 248 2396 376 2434; x_wconf 86' lang='lat' dir='ltr'>invidia,</span> <span class='ocrx_word' id='word_1_211' title='bbox 393 2403 518 2429; x_wconf 87' lang='lat' dir='ltr'>auctore</span> <span class='ocrx_word' id='word_1_212' title='bbox 533 2398 640 2440; x_wconf 86' lang='lat' dir='ltr'>Eurip.</span> <span class='ocrx_word' id='word_1_213' title='bbox 655 2398 810 2430; x_wconf 86' lang='lat' dir='ltr'>maximus</span> 
     </span>
     <span class='ocr_line' id='line_1_39' title="bbox 149 2446 810 2484; baseline 0.003 -8"><span class='ocrx_word' id='word_1_214' title='bbox 149 2446 288 2477; x_wconf 90' lang='lat' dir='ltr'>omnium</span> <span class='ocrx_word' id='word_1_215' title='bbox 310 2447 343 2478; x_wconf 88' lang='lat' dir='ltr'>in</span> <span class='ocrx_word' id='word_1_216' title='bbox 367 2447 490 2478; x_wconf 91' lang='lat' dir='ltr'>homine</span> <span class='ocrx_word' id='word_1_217' title='bbox 513 2449 647 2484; x_wconf 86' lang='lat' dir='ltr'>morbus,</span> <span class='ocrx_word' id='word_1_218' title='bbox 672 2459 730 2479; x_wconf 84' lang='lat' dir='ltr'>nec</span> <span class='ocrx_word' id='word_1_219' title='bbox 756 2448 810 2478; x_wconf 86' lang='lat' dir='ltr'>illa</span> 
     </span>
     <span class='ocr_line' id='line_1_40' title="bbox 150 2495 809 2537; baseline 0.005 -13"><span class='ocrx_word' id='word_1_220' title='bbox 150 2495 248 2526; x_wconf 79' lang='lat' dir='ltr'>Siculi</span> <span class='ocrx_word' id='word_1_221' title='bbox 268 2498 394 2537; x_wconf 78' lang='lat' dir='ltr'>tyranni</span> <span class='ocrx_word' id='word_1_222' title='bbox 409 2498 506 2536; x_wconf 68' lang='lat' dir='ltr'>majus</span> <span class='ocrx_word' id='word_1_223' title='bbox 525 2498 664 2527; x_wconf 80' lang='lat' dir='ltr'>invenere</span> <span class='ocrx_word' id='word_1_224' title='bbox 683 2503 809 2527; x_wconf 80' lang='lat' dir='ltr'>tormen·</span> 
     </span>
     <span class='ocr_line' id='line_1_41' title="bbox 152 2544 811 2589; baseline 0.006 -16"><span class='ocrx_word' id='word_1_225' title='bbox 152 2550 228 2575; x_wconf 71' lang='lat' dir='ltr'>zum.</span> <span class='ocrx_word' id='word_1_226' title='bbox 258 2544 369 2576; x_wconf 89' lang='lat' dir='ltr'>Horat.</span> <span class='ocrx_word' id='word_1_227' title='bbox 391 2546 419 2576; x_wconf 90' lang='grc' dir='ltr'>Ι.</span> <span class='ocrx_word' id='word_1_228' title='bbox 434 2546 493 2587; x_wconf 83' lang='lat' dir='ltr'>Ep.</span> <span class='ocrx_word' id='word_1_229' title='bbox 508 2546 541 2576; x_wconf 89' lang='lat' dir='ltr'>ii.</span> <span class='ocrx_word' id='word_1_230' title='bbox 556 2547 615 2585; x_wconf 77' lang='lat'>583</span> <span class='ocrx_word' id='word_1_231' title='bbox 638 2552 811 2589; x_wconf 88' lang='lat' dir='ltr'>propterea,</span> 
     </span>
     <span class='ocr_line' id='line_1_42' title="bbox 149 2592 811 2633; baseline 0.005 -10"><span class='ocrx_word' id='word_1_232' title='bbox 149 2592 217 2633; x_wconf 89' lang='lat' dir='ltr'>ejus</span> <span class='ocrx_word' id='word_1_233' title='bbox 230 2599 262 2624; x_wconf 81' lang='lat' dir='ltr'>et</span> <span class='ocrx_word' id='word_1_234' title='bbox 275 2594 417 2625; x_wconf 83' lang='lat' dir='ltr'>habitum</span> <span class='ocrx_word' id='word_1_235' title='bbox 430 2600 462 2625; x_wconf 85' lang='lat' dir='ltr'>et</span> <span class='ocrx_word' id='word_1_236' title='bbox 473 2595 666 2627; x_wconf 87' lang='lat' dir='ltr'>domicilium</span> <span class='ocrx_word' id='word_1_237' title='bbox 676 2595 811 2626; x_wconf 87' lang='lat' dir='ltr'>foedissi-</span> 
     </span>
     <span class='ocr_line' id='line_1_43' title="bbox 151 2642 814 2686; baseline 0.006 -15"><span class='ocrx_word' id='word_1_238' title='bbox 151 2652 237 2673; x_wconf 89' lang='lat' dir='ltr'>mum</span> <span class='ocrx_word' id='word_1_239' title='bbox 257 2642 432 2686; x_wconf 78' lang='lat' dir='ltr'>descripsit,</span> <span class='ocrx_word' id='word_1_240' title='bbox 449 2645 616 2686; x_wconf 86' lang='lat' dir='ltr'>omniaque</span> <span class='ocrx_word' id='word_1_241' title='bbox 639 2645 706 2686; x_wconf 82' lang='lat' dir='ltr'>ejus</span> <span class='ocrx_word' id='word_1_242' title='bbox 729 2645 814 2675; x_wconf 81' lang='lat' dir='ltr'>mala</span> 
     </span>
     <span class='ocr_line' id='line_1_44' title="bbox 151 2690 814 2735; baseline 0.006 -15"><span class='ocrx_word' id='word_1_243' title='bbox 151 2690 294 2723; x_wconf 79' lang='lat' dir='ltr'>sensibus</span> <span class='ocrx_word' id='word_1_244' title='bbox 305 2692 446 2735; x_wconf 86' lang='lat' dir='ltr'>subjecit.</span> <span class='ocrx_word' id='word_1_245' title='bbox 496 2693 605 2724; x_wconf 80' lang='lat' dir='ltr'>Partes</span> <span class='ocrx_word' id='word_1_246' title='bbox 616 2692 711 2724; x_wconf 87' lang='lat' dir='ltr'>etiam</span> <span class='ocrx_word' id='word_1_247' title='bbox 721 2693 814 2735; x_wconf 83' lang='lat' dir='ltr'>hujus</span> 
     </span>
     <span class='ocr_line' id='line_1_45' title="bbox 150 2738 813 2785; baseline 0.003 -15"><span class='ocrx_word' id='word_1_248' title='bbox 150 2738 370 2782; x_wconf 85' lang='lat' dir='ltr'>descriptionis</span> <span class='ocrx_word' id='word_1_249' title='bbox 383 2742 464 2773; x_wconf 85' lang='lat' dir='ltr'>bene</span> <span class='ocrx_word' id='word_1_250' title='bbox 481 2741 644 2785; x_wconf 87' lang='lat' dir='ltr'>disposuit.</span> <span class='ocrx_word' id='word_1_251' title='bbox 673 2742 813 2774; x_wconf 86' lang='lat' dir='ltr'>Primum</span> 
     </span>
    </p>
   </div>
   <div class='ocr_carea' id='block_1_9' title="bbox 1437 1222 1531 1267">
    <p class='ocr_par' dir='ltr' id='par_1_15' title="bbox 1437 1222 1531 1267">
     <span class='ocr_line' id='line_1_46' title="bbox 1437 1222 1531 1267; baseline 0.011 -1"><span class='ocrx_word' id='word_1_252' title='bbox 1437 1222 1531 1267; x_wconf 87' lang='grc'>765</span> 
     </span>
    </p>
   </div>
   <div class='ocr_carea' id='block_1_10' title="bbox 871 1362 1541 2781">
    <p class='ocr_par' dir='ltr' id='par_1_16' title="bbox 871 1362 1535 1838">
     <span class='ocr_line' id='line_1_47' title="bbox 871 1362 1535 1398; baseline -0.002 -5"><span class='ocrx_word' id='word_1_253' title='bbox 871 1363 996 1394; x_wconf 90' lang='lat' dir='ltr'>domum</span> <span class='ocrx_word' id='word_1_254' title='bbox 1021 1368 1052 1394; x_wconf 91' lang='lat' dir='ltr'>et</span> <span class='ocrx_word' id='word_1_255' title='bbox 1071 1362 1199 1398; x_wconf 83' lang='lat' dir='ltr'>foedam,</span> <span class='ocrx_word' id='word_1_256' title='bbox 1220 1367 1251 1393; x_wconf 87' lang='lat' dir='ltr'>et</span> <span class='ocrx_word' id='word_1_257' title='bbox 1272 1362 1402 1398; x_wconf 86' lang='lat' dir='ltr'>tristem,</span> <span class='ocrx_word' id='word_1_258' title='bbox 1420 1362 1535 1393; x_wconf 87' lang='lat' dir='ltr'>omnis-</span> 
     </span>
     <span class='ocr_line' id='line_1_48' title="bbox 872 1411 1534 1453; baseline -0.002 -10"><span class='ocrx_word' id='word_1_259' title='bbox 872 1422 932 1453; x_wconf 86' lang='lat' dir='ltr'>que</span> <span class='ocrx_word' id='word_1_260' title='bbox 959 1412 1149 1443; x_wconf 80' lang='lat' dir='ltr'>amoenitatis</span> <span class='ocrx_word' id='word_1_261' title='bbox 1183 1417 1343 1453; x_wconf 85' lang='lat' dir='ltr'>expertem</span> <span class='ocrx_word' id='word_1_262' title='bbox 1373 1411 1534 1442; x_wconf 84' lang='lat' dir='ltr'>describit.</span> 
     </span>
     <span class='ocr_line' id='line_1_49' title="bbox 876 1460 1535 1502; baseline 0 -10"><span class='ocrx_word' id='word_1_263' title='bbox 876 1462 999 1497; x_wconf 72' lang='lat' dir='ltr'>Tubum,</span> <span class='ocrx_word' id='word_1_264' title='bbox 1013 1472 1180 1496; x_wconf 89' lang='lat' dir='ltr'>venenum,</span> <span class='ocrx_word' id='word_1_265' title='bbox 1197 1472 1257 1502; x_wconf 92' lang='lat' dir='ltr'>quo</span> <span class='ocrx_word' id='word_1_266' title='bbox 1270 1460 1369 1491; x_wconf 86' lang='lat' dir='ltr'>inficit</span> <span class='ocrx_word' id='word_1_267' title='bbox 1383 1461 1535 1492; x_wconf 86' lang='lat' dir='ltr'>homines.</span> 
     </span>
     <span class='ocr_line' id='line_1_50' title="bbox 873 1511 1533 1550; baseline 0.002 -9"><span class='ocrx_word' id='word_1_268' title='bbox 873 1511 949 1541; x_wconf 62' lang='lat' dir='ltr'>Bon</span> <span class='ocrx_word' id='word_1_269' title='bbox 967 1513 1071 1547; x_wconf 78' lang='lat' dir='ltr'>tabem,</span> <span class='ocrx_word' id='word_1_270' title='bbox 1089 1522 1192 1541; x_wconf 78' lang='lat' dir='ltr'>nocens</span> <span class='ocrx_word' id='word_1_271' title='bbox 1207 1512 1289 1541; x_wconf 79' lang='lat' dir='ltr'>virus</span> <span class='ocrx_word' id='word_1_272' title='bbox 1303 1516 1334 1541; x_wconf 90' lang='lat' dir='ltr'>et</span> <span class='ocrx_word' id='word_1_273' title='bbox 1354 1512 1470 1550; x_wconf 75' lang='lat' dir='ltr'>piceum</span> <span class='ocrx_word' id='word_1_274' title='bbox 1486 1523 1533 1542; x_wconf 82' lang='lat' dir='ltr'>ve-</span> 
     </span>
     <span class='ocr_line' id='line_1_51' title="bbox 874 1559 1535 1602; baseline 0 -12"><span class='ocrx_word' id='word_1_275' title='bbox 874 1572 984 1591; x_wconf 77' lang='lat' dir='ltr'>nenum</span> <span class='ocrx_word' id='word_1_276' title='bbox 1008 1566 1110 1591; x_wconf 85' lang='lat' dir='ltr'>vocat.</span> <span class='ocrx_word' id='word_1_277' title='bbox 1157 1560 1289 1601; x_wconf 78' lang='lat' dir='ltr'>Nigrum</span> <span class='ocrx_word' id='word_1_278' title='bbox 1316 1559 1444 1590; x_wconf 87' lang='lat' dir='ltr'>solenne</span> <span class='ocrx_word' id='word_1_279' title='bbox 1469 1560 1535 1602; x_wconf 82' lang='lat' dir='ltr'>epi-</span> 
     </span>
     <span class='ocr_line' id='line_1_52' title="bbox 875 1609 1533 1641; baseline 0 -1"><span class='ocrx_word' id='word_1_280' title='bbox 875 1610 982 1641; x_wconf 85' lang='lat' dir='ltr'>theton</span> <span class='ocrx_word' id='word_1_281' title='bbox 1002 1610 1125 1640; x_wconf 86' lang='lat' dir='ltr'>veneni.</span> <span class='ocrx_word' id='word_1_282' title='bbox 1169 1609 1253 1639; x_wconf 87' lang='lat' dir='ltr'>Situs</span> <span class='ocrx_word' id='word_1_283' title='bbox 1277 1609 1432 1639; x_wconf 82' lang='lat' dir='ltr'>tristitiam</span> <span class='ocrx_word' id='word_1_284' title='bbox 1454 1610 1533 1640; x_wconf 91' lang='lat' dir='ltr'>bene</span> 
     </span>
     <span class='ocr_line' id='line_1_53' title="bbox 875 1658 1535 1693; baseline 0 -4"><span class='ocrx_word' id='word_1_285' title='bbox 875 1665 984 1689; x_wconf 86' lang='lat' dir='ltr'>notant</span> <span class='ocrx_word' id='word_1_286' title='bbox 996 1660 1092 1689; x_wconf 89' lang='lat' dir='ltr'>verba</span> <span class='ocrx_word' id='word_1_287' title='bbox 1105 1661 1167 1689; x_wconf 81' lang='lat' dir='ltr'>imis</span> <span class='ocrx_word' id='word_1_288' title='bbox 1183 1660 1213 1688; x_wconf 81' lang='lat' dir='ltr'>in</span> <span class='ocrx_word' id='word_1_289' title='bbox 1229 1660 1355 1689; x_wconf 71' lang='lat' dir='ltr'>vallibus</span> <span class='ocrx_word' id='word_1_290' title='bbox 1366 1661 1459 1693; x_wconf 74' lang='lat' dir='ltr'>antri,</span> <span class='ocrx_word' id='word_1_291' title='bbox 1473 1658 1535 1689; x_wconf 88' lang='lat' dir='ltr'>imo</span> 
     </span>
     <span class='ocr_line' id='line_1_54' title="bbox 876 1707 1533 1749; baseline 0.002 -12"><span class='ocrx_word' id='word_1_292' title='bbox 876 1708 907 1738; x_wconf 91' lang='lat' dir='ltr'>in</span> <span class='ocrx_word' id='word_1_293' title='bbox 926 1709 1050 1749; x_wconf 75' lang='lat' dir='ltr'>angulo,</span> <span class='ocrx_word' id='word_1_294' title='bbox 1067 1713 1122 1738; x_wconf 78' lang='lat' dir='ltr'>aut</span> <span class='ocrx_word' id='word_1_295' title='bbox 1144 1707 1208 1737; x_wconf 85' lang='lat' dir='ltr'>ima</span> <span class='ocrx_word' id='word_1_296' title='bbox 1228 1708 1260 1737; x_wconf 92' lang='lat' dir='ltr'>in</span> <span class='ocrx_word' id='word_1_297' title='bbox 1280 1707 1414 1738; x_wconf 78' lang='lat' dir='ltr'>cavitate</span> <span class='ocrx_word' id='word_1_298' title='bbox 1431 1708 1509 1738; x_wconf 87' lang='lat' dir='ltr'>antri</span> <span class='ocrx_word' id='word_1_299' title='bbox 1526 1720 1533 1746; x_wconf 78' lang='lat'><em>3</em></span> 
     </span>
     <span class='ocr_line' id='line_1_55' title="bbox 876 1756 1535 1799; baseline -0.002 -11"><span class='ocrx_word' id='word_1_300' title='bbox 876 1769 1011 1799; x_wconf 80' lang='lat' dir='ltr'>namque</span> <span class='ocrx_word' id='word_1_301' title='bbox 1037 1759 1124 1788; x_wconf 70' lang='lat' dir='ltr'>vallis</span> <span class='ocrx_word' id='word_1_302' title='bbox 1149 1763 1180 1788; x_wconf 87' lang='lat' dir='ltr'>et</span> <span class='ocrx_word' id='word_1_303' title='bbox 1206 1756 1350 1788; x_wconf 84' lang='lat' dir='ltr'>cavitatis</span> <span class='ocrx_word' id='word_1_304' title='bbox 1378 1757 1535 1787; x_wconf 88' lang='lat' dir='ltr'>notionem</span> 
     </span>
     <span class='ocr_line' id='line_1_56' title="bbox 876 1807 1019 1838; baseline 0.007 -1"><span class='ocrx_word' id='word_1_305' title='bbox 876 1807 1019 1838; x_wconf 84' lang='lat' dir='ltr'>involvit.</span> 
     </span>
    </p>

    <p class='ocr_par' dir='ltr' id='par_1_17' title="bbox 875 1855 1537 2133">
     <span class='ocr_line' id='line_1_57' title="bbox 920 1855 1534 1897; baseline -0.002 -11"><span class='ocrx_word' id='word_1_306' title='bbox 920 1857 993 1887; x_wconf 86' lang='lat'>763.</span> <span class='ocrx_word' id='word_1_307' title='bbox 1018 1856 1156 1897; x_wconf 53' lang='lat' dir='ltr'>Ignari]</span> <span class='ocrx_word' id='word_1_308' title='bbox 1183 1856 1234 1886; x_wconf 89' lang='lat' dir='ltr'>Ab</span> <span class='ocrx_word' id='word_1_309' title='bbox 1256 1855 1382 1891; x_wconf 84' lang='lat' dir='ltr'>effectu,</span> <span class='ocrx_word' id='word_1_310' title='bbox 1398 1862 1431 1886; x_wconf 94' lang='lat' dir='ltr'>ut</span> <span class='ocrx_word' id='word_1_311' title='bbox 1452 1865 1534 1892; x_wconf 87' lang='lat' dir='ltr'>mox,</span> 
     </span>
     <span class='ocr_line' id='line_1_58' title="bbox 875 1904 1536 1947; baseline -0.002 -11"><span class='ocrx_word' id='word_1_312' title='bbox 875 1906 949 1936; x_wconf 79' lang='grc'><strong>821.</strong></span> <span class='ocrx_word' id='word_1_313' title='bbox 971 1908 1079 1947; x_wconf 74' lang='lat' dir='ltr'>ignava</span> <span class='ocrx_word' id='word_1_314' title='bbox 1101 1906 1245 1945; x_wconf 73' lang='lat' dir='ltr'>gravitas.</span> <span class='ocrx_word' id='word_1_315' title='bbox 1292 1904 1408 1935; x_wconf 76' lang='lat' dir='ltr'>Contra</span> <span class='ocrx_word' id='word_1_316' title='bbox 1430 1905 1536 1935; x_wconf 71' lang='lat' dir='ltr'>habilis</span> 
     </span>
     <span class='ocr_line' id='line_1_59' title="bbox 875 1953 1534 1997; baseline -0.003 -12"><span class='ocrx_word' id='word_1_317' title='bbox 875 1957 969 1997; x_wconf 74' lang='lat' dir='ltr'>vigor,</span> <span class='ocrx_word' id='word_1_318' title='bbox 998 1954 1052 1995; x_wconf 88' lang='lat' dir='ltr'>qui</span> <span class='ocrx_word' id='word_1_319' title='bbox 1081 1953 1183 1984; x_wconf 81' lang='lat' dir='ltr'>reddit</span> <span class='ocrx_word' id='word_1_320' title='bbox 1212 1953 1343 1987; x_wconf 85' lang='lat' dir='ltr'>habiles,</span> <span class='ocrx_word' id='word_1_321' title='bbox 1372 1953 1534 1994; x_wconf 80' lang='lat' dir='ltr'>Virgilius,</span> 
     </span>
     <span class='ocr_line' id='line_1_60' title="bbox 876 2002 1537 2045; baseline -0.003 -10"><span class='ocrx_word' id='word_1_322' title='bbox 876 2004 991 2045; x_wconf 79' lang='lat' dir='ltr'>Georg.</span> <span class='ocrx_word' id='word_1_323' title='bbox 1004 2002 1046 2035; x_wconf 85' lang='lat' dir='ltr'>iv.</span> <span class='ocrx_word' id='word_1_324' title='bbox 1059 2004 1133 2034; x_wconf 81' lang='lat'>418.</span> <span class='ocrx_word' id='word_1_325' title='bbox 1182 2003 1257 2033; x_wconf 81' lang='lat' dir='ltr'>Post</span> <span class='ocrx_word' id='word_1_326' title='bbox 1272 2002 1339 2032; x_wconf 82' lang='lat' dir='ltr'>haec</span> <span class='ocrx_word' id='word_1_327' title='bbox 1354 2002 1452 2032; x_wconf 82' lang='lat' dir='ltr'>otiosa</span> <span class='ocrx_word' id='word_1_328' title='bbox 1465 2008 1537 2033; x_wconf 91' lang='lat' dir='ltr'>sunt</span> 
     </span>
     <span class='ocr_line' id='line_1_61' title="bbox 875 2051 1535 2094; baseline 0 -11"><span class='ocrx_word' id='word_1_329' title='bbox 875 2060 904 2083; x_wconf 78' lang='lat' dir='ltr'>et</span> <span class='ocrx_word' id='word_1_330' title='bbox 923 2055 1171 2094; x_wconf 59' lang='lat' dir='ltr'>quae—abundet,</span> <span class='ocrx_word' id='word_1_331' title='bbox 1187 2052 1218 2082; x_wconf 91' lang='lat' dir='ltr'>in</span> <span class='ocrx_word' id='word_1_332' title='bbox 1240 2051 1353 2093; x_wconf 85' lang='lat' dir='ltr'>quibus</span> <span class='ocrx_word' id='word_1_333' title='bbox 1372 2051 1466 2082; x_wconf 86' lang='lat' dir='ltr'>etiam</span> <span class='ocrx_word' id='word_1_334' title='bbox 1486 2052 1535 2083; x_wconf 88' lang='lat' dir='ltr'>lu-</span> 
     </span>
     <span class='ocr_line' id='line_1_62' title="bbox 875 2103 1179 2133; baseline -0.003 0"><span class='ocrx_word' id='word_1_335' title='bbox 875 2113 927 2133; x_wconf 91' lang='lat' dir='ltr'>sus</span> <span class='ocrx_word' id='word_1_336' title='bbox 942 2103 1104 2132; x_wconf 86' lang='lat' dir='ltr'>verborum</span> <span class='ocrx_word' id='word_1_337' title='bbox 1120 2107 1179 2132; x_wconf 87' lang='lat' dir='ltr'>est.</span> 
     </span>
    </p>

    <p class='ocr_par' dir='ltr' id='par_1_18' title="bbox 874 2150 1541 2781">
     <span class='ocr_line' id='line_1_63' title="bbox 919 2150 1538 2187; baseline -0.002 -4"><span class='ocrx_word' id='word_1_338' title='bbox 919 2152 991 2183; x_wconf 85' lang='lat'>765.</span> <span class='ocrx_word' id='word_1_339' title='bbox 1032 2152 1112 2182; x_wconf 80' lang='lat' dir='ltr'>Belli</span> <span class='ocrx_word' id='word_1_340' title='bbox 1147 2152 1304 2181; x_wconf 76' lang='lat' dir='ltr'>metuenda</span> <span class='ocrx_word' id='word_1_341' title='bbox 1342 2150 1466 2187; x_wconf 86' lang='lat' dir='ltr'>dicitur,</span> <span class='ocrx_word' id='word_1_342' title='bbox 1503 2157 1538 2182; x_wconf 86' lang='lat' dir='ltr'>ut</span> 
     </span>
     <span class='ocr_line' id='line_1_64' title="bbox 874 2201 1535 2243; baseline -0.005 -11"><span class='ocrx_word' id='word_1_343' title='bbox 874 2203 973 2243; x_wconf 77' lang='lat' dir='ltr'>gladii</span> <span class='ocrx_word' id='word_1_344' title='bbox 994 2203 1175 2236; x_wconf 76' lang='lat' dir='ltr'>tremendus,</span> <span class='ocrx_word' id='word_1_345' title='bbox 1200 2201 1264 2230; x_wconf 77' lang='lat' dir='ltr'>nasi</span> <span class='ocrx_word' id='word_1_346' title='bbox 1285 2202 1442 2235; x_wconf 74' lang='lat' dir='ltr'>timendus,</span> <span class='ocrx_word' id='word_1_347' title='bbox 1467 2211 1535 2241; x_wconf 79' lang='lat' dir='ltr'>quae</span> 
     </span>
     <span class='ocr_line' id='line_1_65' title="bbox 877 2249 1537 2293; baseline -0.002 -11"><span class='ocrx_word' id='word_1_348' title='bbox 877 2251 1021 2293; x_wconf 86' lang='lat' dir='ltr'>exempla</span> <span class='ocrx_word' id='word_1_349' title='bbox 1042 2250 1146 2282; x_wconf 80' lang='lat' dir='ltr'>attulit</span> <span class='ocrx_word' id='word_1_350' title='bbox 1166 2249 1325 2280; x_wconf 83' lang='lat' dir='ltr'>Heinsius.</span> <span class='ocrx_word' id='word_1_351' title='bbox 1363 2249 1462 2279; x_wconf 83' lang='lat' dir='ltr'>Deest</span> <span class='ocrx_word' id='word_1_352' title='bbox 1484 2261 1537 2282; x_wconf 86' lang='lat' dir='ltr'>au—</span> 
     </span>
     <span class='ocr_line' id='line_1_66' title="bbox 877 2298 1536 2331; baseline -0.003 0"><span class='ocrx_word' id='word_1_353' title='bbox 877 2305 938 2331; x_wconf 87' lang='lat' dir='ltr'>tem</span> <span class='ocrx_word' id='word_1_354' title='bbox 966 2301 998 2330; x_wconf 89' lang='lat' dir='ltr'>in</span> <span class='ocrx_word' id='word_1_355' title='bbox 1021 2299 1068 2329; x_wconf 91' lang='lat' dir='ltr'>his</span> <span class='ocrx_word' id='word_1_356' title='bbox 1092 2298 1230 2329; x_wconf 85' lang='lat' dir='ltr'>formulis</span> <span class='ocrx_word' id='word_1_357' title='bbox 1259 2300 1295 2328; x_wconf 84' lang='lat' dir='ltr'>de</span> <span class='ocrx_word' id='word_1_358' title='bbox 1319 2309 1429 2328; x_wconf 74' lang='lat' dir='ltr'>causa:</span> <span class='ocrx_word' id='word_1_359' title='bbox 1466 2298 1536 2329; x_wconf 90' lang='lat' dir='ltr'>vide</span> 
     </span>
     <span class='ocr_line' id='line_1_67' title="bbox 880 2347 1534 2380; baseline -0.003 0"><span class='ocrx_word' id='word_1_360' title='bbox 880 2349 1021 2380; x_wconf 82' lang='lat' dir='ltr'>Perizon.</span> <span class='ocrx_word' id='word_1_361' title='bbox 1048 2348 1088 2378; x_wconf 87' lang='lat' dir='ltr'>ad</span> <span class='ocrx_word' id='word_1_362' title='bbox 1113 2347 1232 2378; x_wconf 72' lang='lat' dir='ltr'>sanctii</span> <span class='ocrx_word' id='word_1_363' title='bbox 1259 2348 1396 2378; x_wconf 85' lang='lat' dir='ltr'>Minerv.</span> <span class='ocrx_word' id='word_1_364' title='bbox 1421 2347 1466 2378; x_wconf 83' lang='lat' dir='ltr'>H.</span> <span class='ocrx_word' id='word_1_365' title='bbox 1490 2347 1534 2378; x_wconf 89' lang='lat' dir='ltr'>iii.</span> 
     </span>
     <span class='ocr_line' id='line_1_68' title="bbox 876 2396 1537 2440; baseline -0.003 -11"><span class='ocrx_word' id='word_1_366' title='bbox 876 2409 950 2440; x_wconf 84' lang='lat' dir='ltr'>pag.</span> <span class='ocrx_word' id='word_1_367' title='bbox 973 2398 1042 2429; x_wconf 85' lang='lat'>166.</span> <span class='ocrx_word' id='word_1_368' title='bbox 1090 2397 1148 2427; x_wconf 74' lang='lat' dir='ltr'>Fas</span> <span class='ocrx_word' id='word_1_369' title='bbox 1170 2398 1267 2432; x_wconf 75' lang='lat' dir='ltr'>habet,</span> <span class='ocrx_word' id='word_1_370' title='bbox 1283 2396 1329 2426; x_wconf 77' lang='lat' dir='ltr'>fas</span> <span class='ocrx_word' id='word_1_371' title='bbox 1351 2407 1428 2432; x_wconf 88' lang='lat' dir='ltr'>esse,</span> <span class='ocrx_word' id='word_1_372' title='bbox 1443 2396 1537 2427; x_wconf 84' lang='lat' dir='ltr'>licere</span> 
     </span>
     <span class='ocr_line' id='line_1_69' title="bbox 878 2445 1539 2488; baseline -0.002 -11"><span class='ocrx_word' id='word_1_373' title='bbox 878 2446 937 2477; x_wconf 89' lang='lat' dir='ltr'>sibi</span> <span class='ocrx_word' id='word_1_374' title='bbox 959 2452 1061 2488; x_wconf 79' lang='lat' dir='ltr'>putat.</span> <span class='ocrx_word' id='word_1_375' title='bbox 1110 2446 1283 2481; x_wconf 71' lang='lat' dir='ltr'>succedere,</span> <span class='ocrx_word' id='word_1_376' title='bbox 1298 2445 1423 2487; x_wconf 89' lang='lat' dir='ltr'>propius</span> <span class='ocrx_word' id='word_1_377' title='bbox 1449 2455 1539 2476; x_wconf 81' lang='lat' dir='ltr'>aece—</span> 
     </span>
     <span class='ocr_line' id='line_1_70' title="bbox 879 2494 1536 2535; baseline -0.003 -9"><span class='ocrx_word' id='word_1_378' title='bbox 879 2496 962 2527; x_wconf 82' lang='lat' dir='ltr'>dere.</span> <span class='ocrx_word' id='word_1_379' title='bbox 1007 2496 1090 2526; x_wconf 89' lang='lat' dir='ltr'>Nam</span> <span class='ocrx_word' id='word_1_380' title='bbox 1104 2494 1242 2531; x_wconf 88' lang='lat' dir='ltr'>Palladi,</span> <span class='ocrx_word' id='word_1_381' title='bbox 1260 2501 1294 2525; x_wconf 84' lang='lat' dir='ltr'>ut</span> <span class='ocrx_word' id='word_1_382' title='bbox 1307 2505 1376 2535; x_wconf 81' lang='lat' dir='ltr'>quae</span> <span class='ocrx_word' id='word_1_383' title='bbox 1391 2500 1438 2524; x_wconf 87' lang='lat' dir='ltr'>est</span> <span class='ocrx_word' id='word_1_384' title='bbox 1453 2495 1536 2529; x_wconf 85' lang='lat' dir='ltr'>Dea,</span> 
     </span>
     <span class='ocr_line' id='line_1_71' title="bbox 880 2543 1540 2584; baseline 0 -10"><span class='ocrx_word' id='word_1_385' title='bbox 880 2555 940 2575; x_wconf 92' lang='lat' dir='ltr'>non</span> <span class='ocrx_word' id='word_1_386' title='bbox 973 2544 1047 2575; x_wconf 88' lang='lat' dir='ltr'>licet</span> <span class='ocrx_word' id='word_1_387' title='bbox 1078 2544 1209 2574; x_wconf 84' lang='lat' dir='ltr'>Invidiae</span> <span class='ocrx_word' id='word_1_388' title='bbox 1246 2543 1372 2574; x_wconf 87' lang='lat' dir='ltr'>domum</span> <span class='ocrx_word' id='word_1_389' title='bbox 1406 2543 1540 2584; x_wconf 84' lang='lat' dir='ltr'>ingredi.</span> 
     </span>
     <span class='ocr_line' id='line_1_72' title="bbox 879 2592 1541 2633; baseline -0.002 -10"><span class='ocrx_word' id='word_1_390' title='bbox 879 2593 983 2625; x_wconf 86' lang='lat' dir='ltr'>Etiam</span> <span class='ocrx_word' id='word_1_391' title='bbox 999 2593 1090 2624; x_wconf 84' lang='lat' dir='ltr'>factis</span> <span class='ocrx_word' id='word_1_392' title='bbox 1105 2593 1258 2624; x_wconf 64' lang='lat' dir='ltr'>Minervae</span> <span class='ocrx_word' id='word_1_393' title='bbox 1281 2592 1439 2633; x_wconf 82' lang='lat' dir='ltr'>turpitudo</span> <span class='ocrx_word' id='word_1_394' title='bbox 1455 2593 1541 2623; x_wconf 84' lang='lat' dir='ltr'>Invi-</span> 
     </span>
     <span class='ocr_line' id='line_1_73' title="bbox 880 2641 1540 2675; baseline -0.003 -1"><span class='ocrx_word' id='word_1_395' title='bbox 880 2644 938 2675; x_wconf 78' lang='lat' dir='ltr'>diae</span> <span class='ocrx_word' id='word_1_396' title='bbox 964 2649 1098 2674; x_wconf 82' lang='lat' dir='ltr'>notatur.</span> <span class='ocrx_word' id='word_1_397' title='bbox 1143 2643 1193 2674; x_wconf 92' lang='lat' dir='ltr'>Cf.</span> <span class='ocrx_word' id='word_1_398' title='bbox 1217 2644 1292 2673; x_wconf 82' lang='lat'>769.</span> <span class='ocrx_word' id='word_1_399' title='bbox 1315 2643 1388 2672; x_wconf 82' lang='lat'>786.</span> <span class='ocrx_word' id='word_1_400' title='bbox 1436 2641 1540 2672; x_wconf 85' lang='lat' dir='ltr'>Invidi</span> 
     </span>
     <span class='ocr_line' id='line_1_74' title="bbox 880 2690 1541 2728; baseline -0.003 -4"><span class='ocrx_word' id='word_1_401' title='bbox 880 2695 972 2724; x_wconf 88' lang='lat' dir='ltr'>rebus</span> <span class='ocrx_word' id='word_1_402' title='bbox 1008 2693 1099 2724; x_wconf 89' lang='lat' dir='ltr'>malis</span> <span class='ocrx_word' id='word_1_403' title='bbox 1136 2692 1271 2728; x_wconf 86' lang='lat' dir='ltr'>aluntur,</span> <span class='ocrx_word' id='word_1_404' title='bbox 1308 2690 1541 2722; x_wconf 82' lang='lat' dir='ltr'>calamitatibus</span> 
     </span>
     <span class='ocr_line' id='line_1_75' title="bbox 881 2743 1498 2781; baseline -0.006 -7"><span class='ocrx_word' id='word_1_405' title='bbox 881 2743 1020 2774; x_wconf 87' lang='lat' dir='ltr'>aliorum.</span> <span class='ocrx_word' id='word_1_406' title='bbox 1068 2743 1150 2773; x_wconf 87' lang='lat' dir='ltr'>Hinc</span> <span class='ocrx_word' id='word_1_407' title='bbox 1163 2744 1224 2773; x_wconf 76' lang='lat' dir='ltr'>edit</span> <span class='ocrx_word' id='word_1_408' title='bbox 1240 2744 1369 2781; x_wconf 61' lang='lat' dir='ltr'>vipereas</span> <span class='ocrx_word' id='word_1_409' title='bbox 1384 2752 1498 2771; x_wconf 78' lang='lat' dir='ltr'>carnes.</span> 
     </span>
    </p>
   </div>
  </div>
 </body>
</html>
