1763 3181
376 157 998 201 METAMORPHOSEON
1031 157 1150 198 LIB.
1184 156 1267 198 VI.

1422 158 1508 198 403

128 277 334 324 Sidereo
359 276 547 323 siccata
571 274 706 322 sitim
732 274 934 336 collegit
959 274 1021 320 ab
1047 281 1200 330 aestu;

131 355 401 417 Uberaque
426 353 687 401 ebiberant
712 352 842 399 avidi
867 351 1103 398 lactantia
1127 350 1247 397 nati.

130 432 278 479 Forte
302 432 466 478 lacum
491 430 708 477 melioris
731 446 873 492 aquae
900 428 1158 493 prospexit
1181 428 1231 474 in
1256 428 1367 474 imis

126 509 380 557 Vallibus:
421 515 642 571 agrestes
668 507 770 554 illic
795 507 1034 554 fruticosa
1058 506 1299 568 legebant

128 586 328 634 Vimina
351 603 465 633 cum
485 586 668 649 juncis,
697 592 993 649 gratamque
1014 584 1281 649 paludibus
1306 583 1488 630 ulvam.

129 663 374 720 Accessit,
403 664 669 727 positoque
695 679 825 725 genu
851 659 1048 709 Titania
1068 668 1249 708 terram

1429 663 1525 707 346

130 741 339 797 Pressit,
367 747 424 787 ut
447 741 667 788 hauriret
692 740 884 803 gelidos
911 747 1091 804 potura
1114 739 1351 801 liquores,

135 818 346 865 Rustica
368 819 514 865 turba
536 825 720 865 vetant.

778 818 889 865 Dea
913 819 983 865 sic
1010 817 1159 864 affata
1183 822 1408 864 vetantes
1428 833 1437 863 :

135 901 148 920 ‘
175 895 309 950 Quid
323 895 597 960 prohibetis
623 896 797 959 aquis?
823 913 942 943 usus
960 894 1237 942 communis
1255 909 1496 956 aquarum
1515 910 1525 940 :

136 974 246 1022 Nec
272 976 426 1022 solem
452 974 705 1039 proprium
735 975 942 1030 Natura,
971 990 1062 1021 nec
1088 988 1204 1019 aera
1227 971 1361 1026 fecit,

1432 973 1530 1017 350

136 1053 245 1101 Nec
263 1060 439 1101 tenues
465 1054 654 1101 undas:
689 1053 751 1101 ad
777 1053 980 1117 publica
1004 1066 1210 1098 munera
1233 1048 1373 1105 veni;
1405 1049 1530 1110 [tros

136 1130 260 1185 Quae
285 1137 469 1186 tamen,
496 1137 551 1177 ut
574 1130 723 1187 detis,
750 1130 963 1194 supplex
988 1136 1136 1193 peto:
1177 1143 1274 1173 non
1300 1143 1392 1188 ego
1417 1142 1530 1172 nos-

137 1207 357 1255 Abluere
382 1207 462 1254 hic
488 1214 639 1264 artus,
667 1208 954 1270 lassataque
979 1206 1203 1254 membra
1227 1204 1481 1267 parabam,

138 1286 241 1334 Sed
265 1287 483 1334 relevare
508 1286 669 1334 sitim:
709 1292 845 1333 caret
866 1302 920 1332 os
946 1286 1151 1343 humore
1176 1282 1445 1345 loquentis,

140 1363 207 1410 Et
229 1363 398 1411 fauces
424 1369 593 1420 arent3
622 1363 807 1426 vixque
833 1369 910 1410 est
934 1362 1011 1409 via
1034 1360 1168 1408 vocis
1194 1360 1243 1406 in
1268 1359 1392 1415 illis;
1435 1361 1531 1405 355

139 1440 365 1488 Haustus
391 1456 534 1503 aquae
558 1439 679 1486 mihi
705 1446 876 1487 nectar
902 1439 1021 1496 erit3
1063 1437 1319 1499 vitamque
1343 1435 1536 1483 fatebor

140 1517 413 1583 Accepisse
439 1518 613 1576 simu13
652 1518 803 1566 vitam
830 1516 1065 1564 dederitis
1092 1515 1141 1562 in
1167 1514 1315 1561 unda.

184 1653 260 1683 343.
277 1652 366 1683 Forte
382 1654 490 1689 lacum,
506 1652 587 1692 etc.]
615 1651 712 1693 Apud
736 1652 803 1682 An-

141 1702 282 1733 toninum
293 1703 378 1734 venit
394 1702 435 1733 ad
448 1702 593 1733 Melitem
612 1702 713 1743 (apud
729 1703 805 1732 Pro-

142 1751 229 1788 bum,
268 1751 307 1782 ad
344 1751 483 1788 Melam)
511 1752 645 1793 formem,
676 1751 806 1792 ejusque

143 1810 226 1842 aqua
241 1800 287 1831 uti
302 1801 370 1831 vult
391 1801 431 1831 ad
453 1800 625 1831 abluendos
647 1800 784 1831 infantes
799 1812 806 1838 3

143 1850 199 1880 sed
234 1849 392 1891 prohibita
428 1860 447 1880 a
482 1849 640 1887 bubulcis,
672 1849 807 1881 infantes

143 1904 248 1941 portat
273 1899 313 1930 ad
336 1900 498 1930 Xanthum
519 1899 660 1935 fluvium,
680 1904 712 1930 et
734 1899 807 1930 inde

145 1959 269 1979 reversa
289 1954 428 1987 pastores
444 1949 549 1991 lapide
564 1959 726 1991 percussos
742 1959 807 1978 mu-

145 2003 192 2028 tat
220 1997 253 2028 in
274 2008 376 2029 ranas.
422 1998 483 2029 Sed
508 1998 655 2040 majorem
682 1997 810 2029 commi-

146 2047 333 2078 serationem
365 2047 472 2079 Ovidii
506 2048 690 2089 figmentum
720 2047 809 2078 facit.

149 2097 297 2133 Melioris,
322 2107 383 2127 non
405 2096 488 2127 male
513 2107 545 2127 se
570 2096 687 2135 habet3
713 2106 810 2138 quum

147 2145 230 2177 enim
255 2147 344 2177 lacus
359 2144 516 2178 turbidam
536 2147 600 2177 fere
618 2157 733 2188 aquam
755 2145 811 2177 ha-

146 2195 252 2231 beant,
267 2205 330 2225 non
350 2200 466 2226 temere
489 2200 641 2232 monetur,
657 2196 811 2225 Latonam

148 2254 168 2274 a
182 2245 302 2275 meliore
324 2254 407 2285 aqua
426 2243 592 2275 invitatam
615 2254 682 2274 esse
707 2243 747 2274 ad
764 2244 811 2275 bi—

147 2293 300 2325 bendum.
346 2294 387 2324 Et
415 2295 518 2324 melior
549 2298 632 2324 certo
668 2299 813 2336 respectu

148 2341 263 2384 legitur
277 2342 371 2373 etiam
387 2342 408 2373 i.
425 2343 476 2373 79.
493 2343 693 2373 Burmannus
712 2348 812 2385 putat,

151 2392 341 2423 assentiente
371 2392 519 2434 Verheyk
556 2393 596 2423 ad
625 2392 746 2423 Anton.
780 2393 813 2422 in

151 2442 280 2472 melioris
304 2441 403 2472 latere
429 2452 543 2473 nomen
567 2442 707 2473 Meliten.
752 2442 814 2473 Co-

152 2490 238 2522 dices
255 2491 349 2522 nostri
369 2491 488 2522 habent
513 2492 676 2522 mediocris.
714 2491 814 2521 Hein-

152 2539 248 2571 sianae
276 2540 464 2582 conjecturae
493 2546 525 2571 et
549 2540 599 2572 Cl.
622 2541 730 2582 Gierig
750 2540 815 2582 opi-

153 2589 239 2619 nioni
280 2589 432 2631 tantisper
468 2590 681 2621 adhaereamus
699 2602 705 2620 :
741 2589 816 2631 quid.

153 2637 309 2679 significat
345 2638 505 2680 epitheton
534 2640 688 2669 melioris?
722 2638 816 2680 quod,

155 2696 253 2727 quum
268 2687 531 2729 comparationem
547 2687 676 2724 indicet,
694 2687 737 2718 ibi
759 2687 815 2718 mi-

156 2735 240 2767 nime
255 2735 419 2768 convenire
430 2742 544 2778 potest,
556 2736 610 2768 ubi
625 2738 712 2768 nulla
727 2747 816 2778 aquae

873 1650 1041 1692 cujuslibet
1070 1649 1186 1680 mentio
1214 1648 1298 1679 facta
1325 1648 1394 1678 fuit.
1442 1647 1536 1677 Porro

874 1700 1036 1742 epitheton
1052 1701 1206 1729 mediocris
1222 1698 1361 1739 apprime
1383 1696 1540 1727 consentit

874 1761 945 1780 cum
958 1749 1159 1790 sequentibus
1172 1747 1324 1782 versibus,
1341 1747 1402 1776 363
1415 1752 1446 1776 et
1458 1747 1539 1777 364:

875 1798 988 1829 dicitur
1005 1797 1087 1828 enim
1103 1796 1224 1827 incolas
1239 1797 1417 1836 pedibusque
1432 1807 1540 1825 mamz-

875 1859 929 1889 que
946 1849 1109 1878 turbavisse
1134 1848 1226 1881 lacus,
1243 1847 1356 1885 inicique
1372 1856 1386 1874 e
1406 1847 1542 1886 gurgite,

874 1904 934 1928 etc.
951 1904 981 1928 et
997 1896 1044 1926 his
1056 1896 1157 1927 verbis
1170 1894 1309 1925 innuitur
1324 1895 1428 1924 lacum
1445 1893 1539 1925 fuisse

875 1949 1062 1978 mediocrem.
1081 1947 1153 1977 Jam
1176 1944 1311 1975 diximus
1327 1943 1450 1974 Heinsii
1466 1955 1541 1975 con-

870 1996 1002 2038 jecturis
1026 2005 1108 2036 saepe
1124 1993 1304 2024 infelicibus
1320 1998 1443 2023 textum
1461 1992 1539 2024 Ovi-

876 2045 1005 2076 dianum
1021 2044 1116 2075 fuisse
1132 2043 1325 2073 subversum.

922 2095 996 2125 348.
1013 2095 1040 2124 Ε
1054 2094 1144 2123 turba
1159 2099 1278 2123 vetante
1300 2102 1318 2122 a
1337 2091 1440 2122 Probo
1456 2101 1541 2122 com-

878 2149 1065 2175 memoratur
1080 2141 1217 2173 Neocles
1232 2146 1348 2182 pastor.

923 2194 997 2224 349.
1025 2192 1107 2226 Quid
1129 2192 1300 2231 prohibetis,
1326 2190 1404 2230 etc.]
1432 2190 1542 2220 Oratio

880 2242 966 2273 fortis
997 2241 1037 2272 ad
1074 2239 1327 2282 persuadendum
1357 2244 1388 2269 et
1416 2249 1543 2269 moven-

880 2291 967 2322 dum.
1014 2291 1183 2321 Communis
1209 2300 1304 2325 usus,·
1328 2287 1406 2318 libro
1421 2287 1443 2318 i.
1464 2289 1542 2319 135:

883 2341 1239 2372 Communem-humum
1257 2340 1343 2380 longo
1356 2340 1490 2380 signavit
1507 2339 1543 2368 li-

881 2392 952 2421 mite
976 2400 1100 2419 mensor.
1157 2388 1258 2418 Paulo
1286 2393 1367 2429 post,
1397 2388 1428 2417 in
1453 2398 1544 2418 versu

883 2441 957 2476 353,
973 2450 1029 2481 pro
1045 2445 1141 2475 artus,
1158 2437 1203 2468 vir
1219 2437 1340 2472 doctus,
1356 2437 1388 2467 in
1408 2437 1542 2478 Ephem.

884 2489 931 2519 lit.
955 2488 1098 2519 Norimb.
1124 2487 1256 2529 conject.
1278 2493 1373 2522 natos,
1398 2486 1473 2527 quia
1495 2496 1542 2517 se-

885 2537 991 2580 quitur
1008 2539 1116 2568 lassata
1135 2537 1274 2566 membra.
1320 2535 1371 2566 Ita
1392 2534 1545 2577 respexis-

884 2593 932 2618 set
956 2593 1049 2630 poeta
1074 2592 1214 2618 auctores
1235 2585 1306 2615 illos
1329 2585 1443 2615 fabulae
1467 2595 1546 2626 quos

884 2637 1033 2668 deseruit.
1082 2636 1192 2676 Vixque
1222 2641 1263 2665 est
1292 2636 1365 2672 via3
1400 2634 1451 2664 vix
1480 2645 1543 2676 prae

884 2686 1026 2718 siccitate
1041 2696 1100 2716 vox
1116 2689 1266 2727 permeat.

930 2737 1006 2768 357.
1047 2736 1198 2767 Dederitis
1207 2746 1217 2772 ,-
1255 2734 1285 2764 in
1314 2732 1372 2764 hoe
1395 2733 1549 2765 vocabulo
