1763 3181
224 183 310 226 356

615 182 666 223 P.
700 181 912 224 OVIDII
951 181 1228 224 NASONIS

228 298 464 361 Dumque
489 296 696 361 puellari
721 297 886 344 studio
911 297 1235 360 calathosque
1261 296 1524 360 sinumque

229 375 430 438 Implet,
457 381 507 421 et
530 373 749 437 aequales
775 380 931 421 certat
956 389 1189 437 superare
1214 373 1454 436 legendo3

228 451 380 499 Paene
402 451 546 498 simul
562 450 666 498 visa
681 457 773 506 est,
788 450 1089 513 dilectaque,
1103 457 1345 514 raptaque
1363 450 1492 498 Diti:
1515 452 1612 498 395

231 528 408 591 Usque
428 528 552 575 adeo
577 534 869 591 properatur
888 527 1048 575 amor!
1089 527 1199 575 Dea
1222 527 1392 575 territa
1416 534 1591 574 moesto

230 604 297 652 Et
321 612 544 661 matrem,
572 612 622 652 et
646 605 869 661 comiteS,
892 605 980 652 sed
1005 612 1215 652 matrem
1241 604 1438 668 saepius,
1465 619 1547 652 ore

231 682 460 738 Clamat3
501 688 565 737 et,
592 689 647 728 ut
671 698 865 729 summa
887 688 1078 729 vestem
1103 681 1311 728 laniarat
1334 682 1396 728 ab
1421 696 1521 737 ora,

231 758 443 806 Collecti
463 758 607 825 flores
633 758 813 805 tunicis
838 758 1063 806 cecidere
1090 757 1338 806 remissis:

228 835 488 898 Tantaque
508 835 800 898 simplicitas
825 835 1098 899 puerilibus
1119 834 1276 882 adsuit
1300 833 1465 891 annis;
1515 837 1613 881 400

227 912 352 959 Haec
379 927 580 975 quoque
596 912 872 974 virgineum
897 911 1048 958 movit
1065 912 1262 974 jactura
1286 911 1526 958 dolorem.

229 990 422 1053 Raptor
446 989 548 1052 agit
571 1004 759 1045 currus,
786 996 837 1036 et
860 988 1060 1036 nomine
1085 1003 1338 1051 quemque
1360 994 1562 1035 vocatos

227 1065 533 1114 Exhortatur
558 1081 742 1130 equos;
783 1081 993 1129 quorum
1018 1081 1106 1130 per
1129 1065 1256 1113 colla
1273 1066 1525 1129 jubasque

228 1142 436 1191 Excutit
453 1144 666 1191 obscura
688 1143 869 1192 tinctas
893 1143 1140 1207 ferrugine
1165 1143 1411 1201 habenas;

227 1220 429 1284 Perque
453 1221 591 1268 lacus
618 1221 761 1278 altos,
788 1227 840 1270 et
863 1220 1047 1269 olentia
1071 1219 1256 1268 sulfure
1280 1219 1432 1268 fertur

226 1414 308 1456 phus
323 1413 499 1456 scripserat,
513 1420 634 1456 raptam
644 1424 715 1445 eam
729 1425 795 1446 esse
809 1415 886 1446 παί-

226 1463 349 1499 ζουσαν
364 1463 417 1494 καὶ
437 1463 521 1502 ἄνθη
543 1461 783 1505 συλλέγουσαν,
801 1474 885 1495 eam-

226 1522 289 1554 que
318 1511 481 1553 deceptam
509 1521 589 1547 esse,
618 1523 680 1543 non
710 1514 804 1549 violis,
831 1512 886 1544 sed

227 1562 376 1592 narcissis.
402 1561 539 1592 Pausan.
561 1561 603 1592 ix.
629 1573 660 1603 p.
686 1562 758 1592 173.
794 1562 885 1593 Simi—

226 1610 298 1642 liter
318 1611 412 1641 Hom.
432 1611 541 1652 hymn.
562 1611 593 1641 in
609 1612 680 1643 Cer.
695 1612 728 1642 5.
751 1612 886 1649 παίζου-

225 1672 292 1692 σαν
309 1661 411 1692 ἄνθεα
435 1660 461 1692 τ’
475 1660 667 1702 αἰνυμένην.
711 1661 791 1692 Tum
811 1673 885 1692 nar-

225 1712 317 1741 cissus
351 1709 476 1741 eximiae
514 1709 765 1752 pulchritudinis,
791 1721 886 1752 quem

225 1758 425 1801 decerpserit,
440 1764 707 1790 commemoratur.
745 1759 797 1790 Cf.
813 1760 886 1791 Sch.

225 1807 373 1847 Sophocl.
391 1807 430 1838 ad
446 1808 521 1838 OEd.
538 1808 607 1839 Col.
623 1808 697 1840 647.
741 1809 779 1839 In
794 1819 884 1839 num-

225 1856 285 1888 mis
300 1858 339 1888 ab
352 1857 550 1888 Ennensibus
562 1857 593 1887 in
605 1857 783 1888 memoriam
793 1858 886 1900 hujus

225 1911 333 1947 raptus
361 1906 443 1936 cusis
469 1911 501 1936 et
533 1907 616 1936 viola:
651 1906 706 1936 flos
739 1907 884 1938 cernitur.

226 1955 395 1997 Spanhem.
411 1955 450 1986 ad
466 1955 592 1986 Callim.
606 1957 655 1986 15.
685 1955 884 1987 Schiracliius

225 2010 342 2040 monet,
361 2004 559 2035 dulcedinem
574 2004 677 2035 versui
697 2004 810 2040 inesse,
828 2015 883 2036 na-

225 2060 291 2086 tam
306 2065 343 2085 ex
358 2053 490 2096 repetita
506 2053 594 2085 litera
609 2066 639 2090 a,
655 2054 750 2095 idque
765 2054 884 2086 factum

225 2113 292 2135 esse
318 2114 356 2135 ex
385 2102 558 2133 imitatione
586 2103 735 2144 Virgilii:
774 2104 883 2135 Mollia

227 2154 337 2184 luteola
350 2154 450 2194 pingit
466 2154 601 2183 vaccinia
617 2153 729 2183 caltha.

270 2203 344 2233 393.
367 2203 417 2232 De
443 2202 580 2237 calathis,
605 2201 676 2233 vide
698 2201 737 2232 ad
758 2201 801 2232 iv.
830 2203 880 2232 10.

226 2250 441 2282 Inserviebant
465 2250 560 2281 etiam
580 2250 705 2282 floribus
731 2250 883 2281 collectis.

225 2301 402 2341 AEqualium
443 2299 662 2342 Nympharum
707 2300 883 2339 catalogum

226 2349 335 2390 hymn.
354 2349 448 2379 Hom.
465 2349 538 2379 418.
558 2348 663 2379 habet.
708 2349 754 2379 Ex
777 2348 815 2379 iis
837 2348 883 2379 in-

226 2399 274 2429 fra
289 2399 405 2429 Sirenes
420 2404 708 2429 commemorantur.
754 2398 805 2429 De
821 2409 882 2429 cer-

226 2449 337 2477 tamine
356 2447 409 2477 illo
425 2446 593 2477 Claudian.
610 2446 643 2477 ii.
662 2448 722 2477 137
738 2459 744 2477 :
763 2448 884 2478 AEstuat

225 2502 297 2526 ante
309 2497 384 2527 alias
395 2497 481 2526 avido
488 2495 611 2535 fervore
626 2495 883 2537 legendi—Nunc

225 2546 357 2576 calathos
379 2546 491 2584 implet,
517 2556 598 2576 nunc
622 2556 678 2575 sese
701 2547 810 2587 ignara
836 2557 882 2576 co-

225 2600 327 2629 ronat,
346 2595 517 2635 Augurium
528 2594 634 2635 fatale
651 2597 719 2625 tori.
764 2593 882 2624 Celeri-

226 2650 274 2674 tas
296 2648 403 2685 raptus
429 2643 507 2673 bene
531 2647 655 2673 notatur
675 2643 776 2674 verbis
794 2643 882 2674 I'oene

224 2694 325 2728 simul,
342 2698 402 2723 etc.
417 2691 449 2722 in
464 2691 578 2733 quibus
599 2691 694 2722 etiam
718 2702 880 2723 numerum

225 2742 362 2773 observa.
400 2741 530 2772 Dictum
553 2741 610 2771 hoc
627 2741 666 2772 ad
681 2741 759 2772 illud
775 2741 879 2772 Caesa-

1515 1221 1612 1267 405

952 1413 1006 1450 ris,
1028 1414 1112 1450 Veni,
1127 1414 1197 1450 vidi,
1213 1415 1284 1445 vici.
1319 1413 1506 1453 Properatur
1521 1424 1615 1448 amor,

953 1475 1082 1506 propere
1097 1462 1208 1494 satisfit
1223 1462 1331 1494 amori.

998 1514 1074 1544 397.
1101 1513 1244 1549 Matrem,
1260 1523 1330 1554 quae
1354 1511 1386 1542 in
1410 1511 1496 1553 hym.
1516 1510 1612 1541 Hom.

953 1562 1049 1594 etiam
1062 1562 1150 1593 audit
1165 1562 1231 1604 ejus
1247 1571 1367 1592 vocem.
1397 1562 1447 1592 De
1461 1560 1518 1591 illa
1530 1571 1611 1590 sum-

952 1623 1001 1642 ma
1023 1622 1076 1642 ora
1090 1610 1162 1642 vide
1185 1611 1227 1641 ad
1250 1609 1294 1641 iii.
1313 1611 1387 1641 480.
1431 1610 1614 1649 Simplicitas

953 1671 1035 1692 nunc
1050 1661 1083 1691 in
1097 1671 1133 1691 eo
1149 1660 1294 1696 cernitur,
1311 1659 1395 1701 quod
1413 1658 1614 1690 minutiarum

953 1721 1078 1752 quoque
1099 1720 1206 1740 curam
1228 1709 1367 1740 habebat
1389 1708 1506 1750 puella.
1551 1707 1613 1738 Sed

952 1759 1059 1791 fictum
1080 1759 1139 1790 hoc
1160 1764 1268 1790 contra
1285 1763 1428 1789 naturam
1440 1769 1450 1795 3
1473 1767 1612 1788 summus

951 1809 1034 1840 enim
1060 1814 1157 1839 terror
1188 1808 1245 1839 tali
1279 1805 1471 1850 simplicitati
1504 1806 1612 1837 adver-

951 1864 1049 1889 satur.

995 1908 1071 1939 402.
1090 1907 1219 1938 Nomine
1231 1916 1381 1947 quemque.
1394 1904 1429 1936 ii.
1448 1906 1520 1936 192.
1550 1904 1610 1935 Ετ-

952 1958 1102 1987 hortatur.
1120 1956 1168 1987 iii.
1184 1957 1261 1987 242.
1301 1955 1329 1985 F
1329 1957 1491 1996 erruginea
1509 1953 1612 1985 omnia

950 2006 1081 2037 inferna.
1113 2005 1196 2037 Vide
1211 2003 1397 2042 Heinsium;
1407 1996 1612 2045 ferrugineus

950 2058 1078 2086 amictus
1101 2054 1245 2086 Plutonis
1275 2053 1359 2096 apud
1384 2053 1608 2090 Claudianum,

950 2104 986 2135 ii.
1003 2105 1077 2136 275.

993 2155 1066 2185 405.
1082 2154 1199 2194 Perque
1210 2154 1292 2183 lacus
1301 2152 1408 2193 altos]
1424 2151 1606 2188 Diomedes,

948 2215 980 2246 p.
990 2204 1063 2234 304.
1073 2203 1149 2244 legit
1162 2203 1278 2243 Perque
1294 2203 1366 2232 locos
1378 2213 1484 2232 sacros.
1514 2201 1607 2232 Olen-

950 2255 993 2283 tia
1015 2252 1133 2294 sufferre
1148 2251 1304 2294 vituperat
1326 2251 1409 2282 idem
1423 2250 1607 2287 Diomedes,

948 2313 980 2344 p.
1003 2302 1077 2333 304.
1101 2312 1198 2343 quum
1226 2302 1304 2332 olere
1330 2300 1446 2343 sulfur,
1469 2312 1608 2341 unguen-

949 2358 1013 2381 tum
1031 2350 1139 2381 Latine
1155 2350 1289 2381 dicatur.
1333 2349 1395 2380 Sed
1411 2349 1490 2380 bene
1511 2349 1608 2380 Hein-

948 2399 1012 2430 sius
1039 2405 1154 2435 monet,
1177 2404 1210 2430 et
1238 2398 1389 2440 exemplis
1417 2397 1608 2439 comprobat,

950 2448 1043 2479 etiam
1067 2447 1239 2479 ablativum
1263 2447 1395 2478 subinde
1421 2446 1494 2477 addi
1514 2447 1608 2477 verbo

949 2500 1048 2535 olere,·
1073 2503 1105 2528 et
1124 2497 1285 2532 Ovidium,
1305 2495 1543 2538 amphibologiae
1558 2496 1604 2526 vi-

947 2547 1051 2578 tandm
1075 2557 1181 2582 causa,
1197 2545 1342 2577 maluisse
1366 2545 1496 2587 sulfure,
1510 2555 1605 2586 quam

947 2595 1081 2638 sulfura.
1127 2595 1332 2636 Capoferreus
1354 2600 1458 2625 autem
1476 2599 1605 2624 conten-

949 2645 1005 2680 dit,
1031 2655 1102 2675 eum
1123 2643 1292 2685 scripsisse,
1314 2643 1405 2673 olenti
1423 2655 1441 2673 a
1463 2643 1604 2684 sulfure,-

947 2700 1050 2724 essent
1083 2693 1167 2724 enim
1188 2693 1299 2723 olentia
1317 2697 1348 2723 et
1360 2691 1519 2733 ferventia
1542 2690 1604 2721 duo

947 2742 1085 2784 epitheta
1121 2741 1259 2782 ejusdem
1303 2739 1501 2771 substantivi.
1560 2739 1605 2769 At
