1763 3181
384 177 1002 221 METAMORPHOSEON
1034 176 1153 217 LIB.
1187 176 1278 217 ΙΙΙ.

1435 175 1520 216 253

140 294 307 342 Turba
329 302 490 351 ruunt,
507 295 775 357 mixtaeque
795 293 908 340 viris
927 299 1227 355 matresque,
1245 306 1515 353 nurusque,

137 372 446 435 Vulgusque,
463 387 812 435 proceresque,
834 371 1003 433 ignota
1027 370 1089 417 ad
1115 384 1254 416 sacra
1276 367 1513 415 feruntur.

139 454 170 473 “
195 448 318 503 Quis
343 449 488 506 furor,
516 449 821 511 anguigenae‚
850 448 1014 511 proles
1041 445 1300 502 Mavortia,
1327 451 1515 492 vestras

137 525 369 573 Attonuit
391 533 582 573 mentes
600 525 648 572 ?''
687 524 942 572 Pentheus
968 524 1059 571 ait:
1093 529 1122 547 “
1141 538 1300 569 aerane
1324 528 1517 569 tantum

140 601 253 649 AEre
271 603 470 666 repulsa
491 602 688 650 valent?
726 607 776 648 et
797 601 988 648 adunco
1011 599 1134 663 tibia
1154 598 1337 646 cornu?

140 679 206 726 Et
228 679 434 742 magicae
457 679 689 726 fraudes?
726 686 797 734 ut,
825 693 948 741 quos
975 693 1072 724 non
1096 677 1304 738 belliger
1328 674 1476 730 ensis,

140 755 253 803 Non
270 758 392 804 tuba
410 756 685 812 terruerint,
703 772 803 802 non
829 755 1012 802 strictis
1034 755 1231 817 agmina
1253 753 1390 810 telis3
1420 754 1515 799 535

139 833 385 881 Femineae
409 850 572 890 voces,
600 842 650 881 et
674 840 806 880 mota
831 832 1021 880 insania
1044 832 1172 887 vino,
1543 835 1550 841 ”

137 1009 200 1041 vid.
216 1009 394 1042 Drackenb.
409 1011 449 1042 ad
463 1011 518 1042 Sil.
532 1012 564 1042 ii.
583 1012 653 1042 101.
691 1011 794 1046 Pestis,

137 1059 210 1100 quia
225 1061 381 1102 conjuncti
396 1066 482 1091 erant
497 1060 673 1103 hujusmodi
694 1060 794 1091 ulula-

137 1114 186 1139 tus
201 1119 272 1139 cum
287 1109 382 1139 sacris
396 1109 527 1140 Bacchi.

180 1159 252 1189 529.
297 1157 494 1189 Inducuntur
530 1158 651 1189 Bacchi
688 1158 792 1189 thiasi.

138 1205 228 1248 Virg.
240 1206 308 1237 Ecl.
319 1219 351 1238 v.
363 1209 421 1247 303
445 1218 516 1239 nam
531 1208 654 1245 Θὶασος,
672 1210 794 1244 thiasus,

137 1254 222 1286 dicta
247 1261 293 1286 est
314 1256 466 1287 vocabulo
486 1257 607 1298 proprio
629 1256 794 1288 multitudo

138 1304 195 1335 illa
218 1305 316 1336 mixta
337 1311 369 1335 et
390 1316 515 1347 pompa,
538 1316 607 1347 quae
632 1306 794 1337 Bacchum

137 1352 359 1385 comitabatur:
384 1354 448 1385 vid.
472 1355 603 1385 Barnes.
624 1354 663 1385 ad
687 1355 793 1396 Eurip.

136 1413 199 1433 ver.
215 1405 269 1434 56.
316 1404 487 1445 Mixtaeque,
503 1409 562 1435 etc.
607 1404 742 1435 Feminae
763 1409 794 1434 et

136 1462 247 1489 mares,
261 1463 413 1495 pauperes
436 1460 467 1484 et
488 1453 608 1484 nobiles
630 1453 724 1484 sacris
745 1453 792 1483 his

137 1501 257 1532 arcanis
282 1501 432 1533 interesse
454 1507 606 1544 poterant.
651 1501 791 1543 Euripid.

136 1561 199 1581 ver.
214 1551 276 1581 208
291 1561 360 1592 sqq.
405 1552 510 1582 Verba
524 1558 622 1581 ruunt
636 1556 667 1580 et
676 1551 793 1592 fei-zm-

138 1606 189 1630 tur
204 1600 327 1642 egregie
347 1600 481 1642 pingunt
497 1600 645 1636 studium,
662 1611 723 1642 quo
744 1612 793 1631 su-

134 1649 312 1691 perstitiosa
327 1656 359 1680 et
376 1649 454 1680 levis
469 1649 637 1680 multitudo
652 1649 794 1680 certatim

135 1698 261 1730 advolat
275 1699 315 1730 ad
330 1701 433 1741 ignota
448 1700 538 1740 (nam
552 1699 660 1739 ignota
671 1703 702 1729 et
717 1708 796 1728 nova

135 1747 213 1778 scire
229 1747 375 1790 cupiunt)
384 1759 481 1779 sacra.
526 1748 628 1778 Ruere
639 1747 683 1777 sic
700 1747 794 1777 etiam

137 1808 190 1827 xv.
205 1798 287 1835 729;
310 1797 434 1828 Phaedr.
455 1798 496 1828 V.
512 1797 576 1827 fab.
592 1795 612 1826 i.
629 1797 659 1826 3.
693 1796 794 1836 Signi-

137 1845 211 1876 fleat
230 1846 314 1876 enim
334 1845 401 1876 sine
420 1845 525 1876 ordine
542 1851 573 1876 et
587 1855 708 1875 summa
723 1855 792 1875 cum

135 1895 333 1925 contentione
347 1905 479 1926 currere.
525 1894 640 1924 Matres
651 1899 682 1924 et
698 1904 794 1924 nurus

136 1944 262 1975 solenne
282 1945 407 1981 Nostro,
430 1955 526 1985 quum
551 1944 650 1974 omnis
672 1943 793 1984 generis

134 1998 166 2024 et
187 1993 289 2024 aetatis
310 1993 456 2025 mulieres
479 1999 708 2024 commemorat.
753 1994 793 2023 Et

136 2053 232 2073 nurus
245 2042 344 2085 poetis
359 2042 458 2073 omnis
469 2042 591 2073 mulier.
635 2042 792 2073 Brouckh.

138 2091 179 2122 ad
200 2092 338 2133 Propert.
363 2092 408 2123 II.
430 2103 462 2123 v,
484 2092 535 2122 26.
582 2091 686 2121 Mixtae
710 2093 793 2122 viris.

136 2141 242 2183 Eurip.
255 2142 311 2172 36:
336 2143 488 2184 γυναῖκες
509 2141 588 2183 ὁμοῦ
609 2140 641 2171 δὲ
658 2140 793 2182 Κάδμου

136 2192 254 2222 παισὶν
264 2189 533 2233 ἀναμεμιγμέναι.
564 2191 716 2226 Proceres,
727 2189 792 2232 ipse

136 2239 275 2271 Cadmus
298 2251 370 2271 cum
391 2240 516 2271 filiabus
539 2246 570 2271 et
587 2239 716 2270 Tiresia.
730 2240 793 2270 Eu-

133 2289 192 2331 rip.
204 2291 278 2321 299.
312 2290 495 2332 Vulgusque,
507 2300 695 2329 proceresque
706 2301 715 2325 ,·
727 2289 794 2330 jam

134 2341 168 2371 in
189 2339 268 2370 libro
292 2338 316 2370 i.
335 2340 414 2370 193:
442 2339 610 2379 Faunique,
626 2339 794 2378 Satyrique,

133 2394 194 2420 etc.
208 2388 299 2424 infra,
313 2387 392 2419 libro
406 2388 448 2418 iv.
465 2389 504 2418 10
517 2401 522 2418 ;
552 2388 701 2428 Τείαεςιιε,
714 2388 795 2417 cala-

135 2439 264 2478 thosque.
300 2438 472 2478 Vulgatam
484 2436 652 2467 lectionem
667 2435 795 2466 retinui-

135 2498 215 2523 mus,
228 2487 303 2528 quia
318 2487 410 2529 hujus
424 2487 513 2517 metri
527 2485 672 2527 exempla
682 2485 796 2527 reperi-

138 2542 231 2567 untur
241 2536 325 2578 apud
332 2536 433 2577 Virg.,
444 2536 616 2578 praesertim
628 2535 659 2565 in
675 2535 744 2565 Ecl.
755 2534 797 2565 iv.

136 2587 200 2624 51;
225 2592 256 2617 et
280 2587 396 2627 Georg.
418 2585 440 2615 i.
466 2586 539 2616 279.
587 2586 726 2616 Proceres
751 2584 797 2613 di-

137 2640 260 2670 cuntur,
273 2634 325 2676 qui
342 2634 375 2664 in
391 2634 517 2665 civitate
533 2634 682 2670 eminent,
694 2632 798 2668 sicuti,

136 2683 168 2714 in
184 2682 336 2719 aedificiis,
353 2683 456 2725 capita
478 2682 613 2714 trabium
636 2692 706 2723 quae
729 2692 796 2722 pro-

136 2744 223 2764 ceres
238 2732 445 2775 appellantur.

183 2783 286 2813 VOL.
309 2782 372 2813 ΙΙΙ.

906 1011 978 1041 531.
1004 1009 1078 1043 Quis
1089 1008 1187 1048 furor
1208 1007 1314 1037 crebra
1335 1016 1393 1035 vox
1418 1003 1518 1044 indig-

862 1059 1015 1089 nantium.
1030 1058 1070 1087 vi.
1099 1058 1177 1094 1703
1200 1055 1313 1095 Virgil.
1338 1055 1453 1094 Georg.
1475 1052 1519 1083 iv.

862 1109 945 1145 4953
979 1107 1082 1137 Tibul.
1106 1107 1135 1136 I.
1159 1118 1192 1136 x.
1218 1106 1271 1135 33.
1322 1105 1518 1145 Anguigenoe,

860 1156 1003 1187 Thebani
1022 1167 1058 1187 ex
1083 1154 1192 1195 anguis
1207 1153 1352 1184 dentibus
1366 1150 1519 1193 prognati,

862 1206 981 1236 Graecis
998 1205 1155 1247 Σπαρτοί.
1201 1202 1399 1233 Eorum-urbs
1414 1204 1518 1231 draeo-

864 1257 983 1296 nigena,
998 1256 1082 1285 Fast.
1099 1253 1143 1284 iii.
1160 1254 1233 1284 865.
1263 1253 1438 1292 Utrumque
1455 1248 1526 1280 voc.⁴

862 1305 901 1335 ab
924 1304 990 1345 ipso
1014 1302 1128 1333 ovidio
1154 1302 1307 1343 signatum
1335 1299 1457 1329 videtur
1480 1298 1519 1329 ad

862 1354 989 1384 formam
1001 1354 1163 1393 terrigena,
1173 1357 1234 1381 etc.
1282 1350 1385 1379 Proles
1399 1349 1518 1378 Mat-01·-

863 1405 915 1438 tia,
932 1412 1004 1432 nam
1029 1400 1122 1431 draco
1145 1400 1197 1430 ille
1220 1398 1333 1429 Martis
1351 1398 1432 1427 filius
1452 1397 1519 1427 fue-

862 1458 920 1483 rat.

904 1502 978 1532 532.
1003 1501 1145 1534 Attoniti,
1157 1497 1222 1539 qui,
1235 1496 1340 1527 audito
1355 1495 1521 1526 Bacchan—

861 1550 935 1580 tium
953 1549 1088 1583 fremitu,
1104 1554 1135 1578 et
1154 1546 1211 1588 ipsi
1230 1546 1358 1576 furorem
1381 1544 1519 1586 concipi—

861 1606 934 1630 unt:
958 1598 1021 1629 vid.
1046 1598 1115 1628 Iani
1139 1596 1179 1627 ad
1205 1596 1314 1626 Horat.
1334 1595 1361 1624 Ι.
1378 1594 1440 1624 Od.
1456 1593 1520 1624 xvi.

862 1649 891 1678 7.
937 1649 1024 1682 AEm,
1049 1645 1203 1687 cymbala,
1232 1654 1362 1685 quorum
1392 1653 1464 1673 usus
1488 1642 1520 1673 in

862 1697 1015 1738 mysteriis
1030 1695 1148 1726 Bacchi
1172 1705 1233 1724 non
1247 1693 1359 1728 minus,
1376 1702 1469 1733 quam
1488 1691 1520 1721 in

863 1746 957 1776 sacris
977 1744 1132 1786 Cybeles3
1156 1743 1256 1772 multa
1277 1741 1359 1772 enim
1381 1740 1519 1781 utrisque

862 1795 955 1826 sacris
971 1793 1159 1825 communia.
1205 1792 1302 1822 Erant
1315 1800 1463 1825 concava,
1475 1794 1521 1819 at-

863 1855 923 1885 que
943 1844 1022 1874 inter
1044 1853 1077 1873 se
1098 1851 1260 1876 concussa,
1276 1839 1423 1870 tinnitum
1447 1848 1519 1868 acu—

862 1900 927 1924 tum
943 1893 1070 1927 dabant,
1087 1897 1118 1922 et
1130 1895 1321 1932 pungentem
1336 1887 1431 1918 veluti
1453 1886 1518 1917 ani-

862 1953 945 1972 mos:
978 1941 1049 1971 vide
1078 1941 1161 1970 Fast.
1186 1939 1227 1969 iv.
1257 1939 1329 1969 189.
1377 1938 1521 1976 Rapum,

860 1991 961 2033 pulsa,
980 1996 1015 2021 ut
1039 1989 1144 2020 Tibul.
1167 1989 1194 2019 l.
1218 1988 1262 2018 iii.
1282 1989 1344 2024 24;
1378 1985 1442 2017 viii.
1465 1987 1519 2016 22.

862 2043 988 2072 Adunco
1010 2041 1081 2078 tibia
1097 2050 1202 2074 cornu,
1218 2038 1294 2068 tibia
1309 2036 1457 2077 Phrygia,
1475 2035 1522 2066 in-

861 2097 953 2121 venta
971 2100 989 2120 a
1003 2088 1095 2118 Mida
1112 2098 1196 2128 rege,
1217 2092 1247 2117 et
1269 2086 1408 2121 incurva,
1425 2096 1519 2126 quum

861 2145 980 2170 caeterae
1010 2138 1093 2168 tibiae
1122 2142 1224 2167 essent
1256 2141 1359 2165 rectae.
1406 2134 1520 2175 Virgil.

862 2188 991 2218 AEneid.
1005 2186 1047 2218 xi.
1063 2187 1122 2216 737
1137 2198 1143 2215 ε
1175 2185 1231 2215 Ubi
1248 2196 1342 2215 curua
1360 2184 1460 2214 choros
1476 2186 1522 2213 ἰη-

861 2240 938 2268 dixit
962 2239 1035 2267 tibia
1063 2236 1188 2266 Bacchi.
1248 2234 1353 2264 Cornu
1379 2233 1519 2263 additum

863 2287 998 2328 augebat
1015 2295 1137 2315 sonum.

905 2337 979 2366 534.
998 2332 1291 2374 Mugicaejraudes]
1318 2330 1415 2372 Apud
1432 2330 1522 2360 Euri—

864 2384 978 2426 pidem,
1002 2393 1090 2413 versu
1112 2382 1187 2411 234.
1219 2380 1365 2411 Bacchus
1393 2379 1472 2420 γόης
1494 2384 1525 2410 et

862 2432 997 2474 ἐπῳδός.
1041 2432 1145 2468 Quum
1167 2439 1256 2459 sacra
1279 2427 1398 2459 Bacchi
1420 2433 1523 2458 essent

865 2488 1026 2515 nocturna,
1043 2488 1157 2509 arcana
1177 2484 1208 2508 et
1227 2488 1297 2508 cum
1318 2476 1423 2507 multis
1444 2487 1523 2517 prae-

865 2532 962 2572 stigiis
985 2530 1161 2570 conjuncta,
1177 2527 1319 2558 Pentheo
1339 2526 1524 2556 videbantur

866 2583 985 2621 magicae
1004 2578 1149 2620 §fi-audes.
1212 2576 1347 2617 Belliger
1376 2577 1461 2609 ensis,
1488 2579 1524 2605 ut

865 2629 1007 2661 Martial.
1023 2628 1063 2658 V.
1074 2627 1179 2668 Epigr.
1191 2637 1262 2655 xxv.
1272 2626 1413 2666 belligera
1426 2625 1523 2661 hasta,-

866 2681 974 2710 Horat.
985 2678 1052 2707 Sat.
1062 2676 1086 2706 i.
1099 2677 1150 2706 31.
1161 2676 1288 2705 hosticus
1301 2676 1387 2704 ensis.
1438 2673 1524 2705 Tubae

867 2739 939 2759 usus
952 2732 1017 2758 erat
1031 2725 1064 2756 in
1080 2724 1170 2756 bellis
1182 2736 1190 2763 3
1216 2723 1286 2755 vide
1302 2723 1342 2754 ad
1357 2723 1377 2753 i.
1391 2723 1444 2754 98.

997 2777 1022 2807 C
1040 2785 1056 2805 c
