1763 3181
415 179 1040 223 METAMORPHOSEON
1071 181 1191 224 LIB.
1224 181 1333 224 VII.

175 292 269 341 Est
291 295 370 342 via
393 295 615 351 declivis,
642 311 730 359 per
755 310 906 358 quam
932 296 1220 359 Tirynthius
1246 298 1389 344 heros

1482 184 1565 225 461

1465 301 1494 343 4
1506 302 1563 345 10

174 369 484 428 Restantem,
512 378 786 434 contraque
811 371 944 419 diem
969 373 1237 436 radiosque
1261 373 1504 421 micantes

173 445 535 510 Obliquantem
560 448 746 504 oculos,
774 449 917 495 nexis
943 450 1206 497 adamante
1230 450 1437 506 catenis,

171 522 428 571 Cerberon
453 524 713 580 abstraxit,
740 525 912 572 rabida
936 526 1022 588 qui
1045 526 1269 574 concitus
1295 528 1366 574 ira

172 599 406 664 Implevit
429 602 614 665 pariter
638 603 791 649 ternis
816 603 1077 663 latratibus
1104 620 1274 661 auras3

172 676 238 724 Et
262 677 446 741 sparsit
467 679 648 727 virides
675 680 864 743 spumis
892 681 1171 727 albentibus
1198 696 1356 742 agros.

1463 682 1560 727 415

171 752 277 802 Has
302 756 561 804 concresse
587 764 782 820 putant,
807 765 1084 820 nactasque
1110 757 1344 805 alimenta
1368 756 1543 804 feracis

170 824 511 896 Foecundi'que
537 834 646 890 soli,
673 834 801 882 vires
826 835 1023 899 cepisse
1047 834 1289 892 nocendi;

169 907 310 964 Quae,
337 909 455 972 quia
478 917 750 958 nascuntur
771 912 894 959 dura
917 912 1105 959 vivacia
1129 918 1291 966 caute,

167 985 408 1048 Agrestes
435 988 631 1034 aconita
654 995 861 1036 vocant:
902 1004 961 1035 ea
986 988 1211 1052 conjugis
1238 995 1346 1034 astu

170 1061 287 1126 Ipse
310 1079 490 1127 parens
510 1064 697 1127 AEgeus
723 1073 838 1112 nato
864 1065 1100 1128 porrexit,
1127 1072 1182 1112 ut
1207 1065 1354 1111 hosti.

1461 1065 1558 1108 420

169 1139 464 1204 Sumpserat
486 1141 657 1204 ignara
681 1141 906 1190 Theseus
931 1143 1050 1190 data
1073 1142 1254 1206 pocula
1278 1142 1481 1197 dextra3

168 1215 335 1270 Quum
360 1225 502 1281 pater
526 1218 576 1265 in
600 1220 780 1283 capulo
805 1220 957 1282 gladii
981 1220 1213 1282 cognovit
1237 1220 1426 1266 eburno

167 1293 323 1356 Signa
347 1296 422 1341 sui
448 1297 659 1358 generis,
686 1297 981 1360 facinusque
1007 1296 1231 1344 excussit
1255 1297 1317 1342 ab
1342 1310 1442 1340 ore.

167 1368 359 1433 Effugit
382 1371 467 1418 illa
490 1388 681 1430 necem,
708 1374 904 1421 nebulis
929 1389 1017 1437 per
1041 1372 1260 1420 carmina
1283 1371 1447 1419 motis.

163 1548 184 1579 J
187 1558 238 1579 am
253 1548 402 1589 quoniam
413 1559 530 1590 magna
541 1550 584 1580 ibi
597 1553 709 1581 aconiti
725 1551 827 1593 copia,

164 1597 238 1628 inde
252 1598 361 1628 fabula
372 1598 412 1628 de
428 1599 496 1640 ejus
512 1598 631 1640 origine
646 1606 726 1631 orta.
764 1601 828 1631 Cae-

165 1657 227 1682 cus,
243 1647 404 1683 obscurus,
420 1647 624 1688 caliginosus.

208 1696 284 1727 410.
300 1696 355 1726 Est
368 1697 415 1726 via
429 1697 580 1737 declivia]
596 1696 746 1728 Heinsius
761 1697 828 1728 haec

163 1745 209 1776 sic
245 1745 399 1776 mutanda
431 1746 590 1781 censebat,
612 1745 652 1776 In
678 1746 828 1787 Mai-yan—

163 1796 257 1830 dinis,
275 1794 326 1825 vel
347 1794 387 1824 In
404 1795 620 1835 Paryandzfnis,
643 1795 726 1837 apud
749 1806 827 1836 quos

164 1845 306 1874 aconiton
329 1844 538 1874 nascebatur:
565 1844 777 1880 Burmannus,
801 1843 826 1875 si

164 1892 243 1934 quid
255 1892 442 1923 mutandum
458 1897 550 1928 esset,
559 1892 826 1934 p1·aeferretprius.

167 1943 262 1972 Mera
291 1941 471 1983 conjectura
500 1952 570 1983 quae
595 1942 682 1972 nullo
712 1942 830 1973 Codice

164 1991 313 2022 firmatur.
387 1991 574 2027 Restantem,
617 1991 826 2028 resistentem,

163 2051 222 2071 nee
258 2040 328 2071 loco
367 2039 480 2071 cedere
518 2039 687 2070 volentem.
754 2040 828 2071 Non

162 2090 246 2120 male
289 2089 417 2120 Cerberi
462 2088 629 2120 reluctatio
671 2088 821 2119 describi-

161 2144 222 2170 tur.
261 2138 482 2178 obliquantem,
508 2137 541 2168 in
565 2137 726 2179 obliquam
751 2149 822 2180 par-

162 2194 227 2219 tem
252 2192 462 2229 torquentem.
508 2187 591 2218 Vide
613 2187 653 2217 ad
674 2187 730 2217 xii.
749 2188 823 2218 486.

164 2237 268 2274 Nexis,
291 2242 352 2267 etc.
378 2242 492 2267 catena
517 2236 625 2267 ferrea.
670 2237 824 2267 Abstrant

161 2286 298 2318 restituit
311 2287 471 2323 Heinsius,
487 2285 562 2327 quia
579 2286 708 2317 verbum
721 2287 822 2317 solen-

162 2347 202 2368 ne
218 2335 250 2367 in
265 2336 324 2367 hac
339 2346 394 2374 re;
412 2336 524 2376 vulgo,
541 2337 680 2366 attraxit.
720 2335 825 2365 Ternz's

163 2386 337 2421 latratibus,
363 2384 406 2415 iv.
429 2386 505 2416 450.
556 2385 672 2415 Vz‘rz'des
696 2386 823 2415 albenti-

163 2437 226 2471 bus,
243 2441 279 2465 ut
294 2433 316 2465 i.
334 2435 407 2464 112.

205 2484 282 2514 416.
320 2483 387 2513 Has
415 2482 564 2514 concresse
589 2489 713 2522 putant,
742 2482 821 2523 etc.]

162 2533 257 2564 Conf.
287 2531 420 2568 Plinius,
456 2532 540 2562 xxvi.
569 2533 600 2563 3.
656 2531 824 2567 Com-resse,

162 2592 274 2623 nempe
289 2580 322 2611 in
332 2591 443 2623 corpus
458 2581 573 2623 plantae
587 2580 731 2611 solidum.
768 2580 824 2611 Est

161 2641 235 2671 ergo
271 2629 541 2672 metamorphosis.
594 2629 689 2660 Durae
723 2635 824 2660 cautes

164 2677 284 2710 Graecis
309 2678 466 2715 dicuntur,
486 2678 616 2709 ἀκόναι.
662 2677 824 2708 Nicander

163 2726 261 2758 Alex.
284 2726 351 2757 xlii.
395 2727 457 2758 Sed
481 2726 722 2768 Theophrastes,
748 2726 781 2756 d.
801 2726 822 2755 l.

208 2777 309 2807 VOL.
324 2776 388 2807 111.

896 1553 934 1582 ab
962 1550 1090 1587 Aeonis,
1124 1550 1390 1591 Peryandinorum
1419 1551 1497 1587 vico,
1527 1551 1556 1582 ei

896 1611 1008 1631 nomen
1023 1600 1202 1641 impositum
1216 1605 1319 1641 putat.

939 1650 1016 1680 422.
1049 1650 1147 1683 Quum
1172 1655 1271 1688 pater,
1299 1648 1378 1687 etc.]
1406 1648 1556 1679 Gladium

895 1704 929 1729 ut
944 1702 1114 1728 ostentaret
1132 1697 1282 1733 Theseus,
1298 1697 1432 1728 cultrum
1449 1697 1558 1728 eduxit

896 1756 1006 1777 carnes
1022 1745 1180 1788 appositas
1196 1746 1396 1777 dissecturus.
1433 1746 1558 1776 Plutar-

894 1796 983 1832 chus,
999 1796 1032 1826 in
1046 1796 1140 1826 Thes.
1156 1797 1207 1826 12.
1232 1795 1358 1831 Gladio,
1382 1795 1473 1836 ξίφει,
1497 1795 1553 1826 ad-

888 1845 1018 1886 junctus
1047 1844 1110 1875 fere
1148 1850 1215 1875 erat
1252 1844 1361 1880 culter,
1385 1843 1552 1885 μάχαιραι

892 1895 1060 1930 Homerus,
1075 1893 1114 1924 Il.
1130 1897 1165 1925 Γ.
1182 1894 1256 1924 271.
1280 1894 1307 1923 Ε
1322 1893 1417 1934 signis
1432 1893 1555 1934 generis

893 1943 951 1980 sui,
974 1954 1044 1984 quae
1066 1943 1218 1978 Theseus,
1240 1953 1323 1973 more
1341 1943 1505 1978 Veterum,
1522 1942 1555 1973 in

894 1992 1006 2034 capulo
1021 1992 1176 2032 gestabat,
1193 1990 1333 2032 agnoscit
1343 1991 1450 2021 filium.
1473 1992 1553 2028 Quae

893 2040 1010 2071 fuerint
1033 2040 1088 2071 illa
1111 2042 1210 2082 signa,
1228 2043 1367 2081 πατρῶα
1387 2039 1554 2081 σύμβολα,

890 2097 924 2121 ut
939 2090 983 2120 ait
998 2090 1197 2126 Plutarchus,
1214 2100 1274 2120 non
1295 2095 1426 2120 constat.
1464 2090 1552 2119 Non-

891 2139 969 2169 nulli
993 2139 1176 2180 simpliciter
1201 2138 1340 2180 gladium
1371 2137 1553 2179 intelligunt

892 2198 985 2229 quem
1002 2189 1122 2228 sEgeus
1136 2188 1193 2217 sub
1210 2197 1285 2217 saxo
1300 2186 1552 2223 abscondiderat,

892 2242 927 2267 ut
941 2236 1080 2266 Theseus
1104 2235 1230 2266 adultus
1245 2246 1315 2266 eum
1332 2235 1404 2266 inde
1418 2235 1550 2272 tolleret,

891 2296 989 2327 eoque
1025 2286 1195 2316 instructus
1231 2284 1374 2315 Athenas
1403 2284 1523 2315 veniret
1540 2296 1548 2322 3

891 2335 955 2365 vid.
975 2334 1145 2370 Meursius,
1160 2334 1253 2365 Thes.
1272 2344 1343 2375 cap.
1363 2335 1395 2364 3.
1417 2339 1448 2364 et
1469 2334 1551 2375 Reg.

891 2383 962 2414 Att.
979 2383 1025 2414 iii.
1045 2385 1073 2413 l.
1120 2383 1264 2418 Facinus,
1284 2382 1431 2424 poculum
1456 2392 1550 2413 vene-

893 2438 1013 2468 natum,
1033 2431 1116 2473 quod
1131 2431 1303 2461 facinorosa
1318 2430 1437 2461 Medea
1460 2441 1550 2472 para-

892 2486 993 2511 verat.
1039 2481 1085 2510 Eo
1113 2490 1240 2515 excusso,
1271 2485 1376 2520 erepto
1413 2479 1452 2509 ab
1486 2489 1549 2515 ore,

881 2530 1012 2570 jocinus
1027 2528 1218 2570 prohibitum
1233 2534 1290 2559 est.

934 2579 1008 2609 424.
1026 2578 1146 2620 Effugit
1168 2578 1252 2618 illm]
1281 2576 1414 2617 Aufugit
1430 2576 1550 2608 Medea

891 2638 962 2658 cum
985 2627 1084 2658 Medo
1108 2626 1181 2663 filio,
1199 2637 1293 2668 quem
1314 2636 1352 2656 ex
1369 2626 1470 2666 AEgeo
1492 2636 1548 2667 pe—

890 2681 1023 2718 pererat,
1038 2675 1071 2706 in
1087 2675 1212 2713 Asiam;
1239 2674 1428 2715 tandemque
1444 2673 1476 2704 in
1492 2684 1548 2715 pa-

891 2725 980 2755 triam
1000 2724 1090 2759 redit,
1118 2725 1170 2756 ubi
1195 2724 1275 2766 patri
1298 2734 1316 2754 a
1339 2723 1432 2754 fratre
1458 2723 1547 2764 pulso

1020 2774 1038 2803 3
1055 2774 1078 2803 F
