1729 3207
201 209 256 250 82
594 209 643 250 P.
679 208 890 249 OVIDII
927 206 1206 248 NASONIS

203 325 462 373 Perfusam
490 324 644 371 multo
671 330 896 370 natorum
923 322 1163 384 sanguine
1189 320 1392 368 Terram

202 402 476 449 Incaluisse
502 401 680 455 ferunt,
708 400 1027 462 calidumque
1057 399 1303 446 animasse
1336 413 1588 453 cruorem3

203 478 285 534 Et,
303 494 365 525 ne
384 478 519 524 nulla
543 493 644 523 suae
672 476 839 539 stirpis
860 483 1184 523 monumenta
1201 481 1476 529 manerent,
1502 477 1593 522 159

203 555 263 601 In
289 554 467 602 faciem
491 554 698 600 vertisse
724 552 1009 601 hominum:
1041 553 1128 601 sed
1155 560 1206 600 et
1225 553 1308 599 illa
1332 567 1553 615 propago

204 631 517 679 Contemtrix
546 630 810 693 Superum,
838 646 1088 692 saevaeque
1114 629 1400 677 avidissima
1427 627 1594 683 caedis,

205 708 271 755 Et
294 708 508 755 violenta
532 706 652 753 fuit:
695 707 848 754 scires
876 723 902 753 e
928 707 1167 769 sanguine
1193 714 1353 754 natos.

271 785 358 833 IV.
401 785 524 839 Quae
550 791 690 849 pater
714 791 770 831 ut
795 801 990 832 summa
1012 784 1136 831 vidit
1163 783 1426 831 Saturnius
1466 797 1595 837 arce,

250 942 320 974 157.
347 940 664 981 Multo—sanguina]
692 940 804 972 Heius.
828 951 866 971 ex

204 1002 264 1022 uno
301 990 389 1021 Leid.
424 989 538 1020 arridet
571 991 674 1020 merito
710 990 867 1031 sanguine.

204 1042 305 1071 Immo
326 1040 358 1070 in
373 1041 466 1070 multo
480 1048 576 1068 causa
597 1040 813 1075 incalescendi5
837 1043 869 1068 et

204 1092 317 1121 mustus
347 1099 413 1120 esse
441 1089 577 1119 debebat
600 1088 780 1119 immanium
809 1087 866 1118 Gi-

203 1146 333 1181 gantum
373 1148 472 1169 cruor.
531 1138 591 1167 Pro
629 1137 752 1167 Terram
788 1147 869 1167 unus

205 1189 314 1220 Hcins.
332 1195 467 1222 matrem,
479 1186 562 1227 quod
578 1186 818 1227 praefertBurm.
834 1191 869 1216 ut

203 1239 246 1270 sic
273 1238 438 1272 indicetur,
463 1237 564 1266 'l'errae
591 1236 670 1266 filios
691 1236 783 1266 fuisse
811 1235 869 1266 Gi-

202 1295 323 1329 gantas.
355 1287 454 1316 Immo
470 1285 593 1316 Terram
610 1291 748 1315 mitorum
763 1295 869 1315 eorum

202 1338 352 1379 originem
389 1335 530 1367 declarat
566 1341 706 1373 certam;
746 1341 868 1364 matrem

205 1394 312 1418 contra
339 1397 406 1417 eam
432 1384 560 1415 dubiam
583 1383 743 1424 relinquit.
791 1384 868 1414 Haec

203 1436 318 1466 sabulae
340 1445 411 1477 pars
433 1433 548 1464 adficta
567 1438 691 1474 propter
710 1431 869 1462 hominum

203 1484 431 1516 crudelitatem.
478 1481 629 1512 Crudeles
642 1483 789 1523 sanguine
805 1483 870 1512 ηατί

203 1533 404 1564 dicebantur:
428 1531 571 1562 Tibul.I.
587 1530 619 1561 ii.
633 1531 687 1561 39.
710 1531 867 1567 Αηίιηανε,

203 1583 236 1613 in
265 1582 407 1613 animans
434 1586 572 1611 vertere:
614 1579 656 1610 iv.
682 1580 768 1616 618;
808 1579 869 1610 xiv.

205 1632 277 1663 566.
323 1631 382 1661 Pro
397 1631 478 1672 ferte
499 1629 640 1660 revocavi
662 1640 731 1665 suoe,
753 1628 786 1659 in
808 1640 869 1670 quo

206 1681 404 1722 indulgentia
432 1685 572 1710 materna
601 1678 680 1709 inest
709 1685 740 1709 et
775 1688 870 1709 causa

204 1729 394 1760 mutationis.
428 1729 552 1769 Neque,
569 1727 678 1768 sifercr
694 1726 869 1769 praecessis-

205 1784 262 1815 set,
286 1778 396 1820 subjici
422 1777 583 1819 potuisset,
603 1779 652 1807 sed
674 1782 702 1806 et
722 1777 788 1812 illa,
811 1782 872 1807 ete.

207 1828 368 1870 Infaciem
385 1829 545 1862 hominum,
562 1826 594 1856 in
607 1825 757 1861 homines,
772 1833 826 1856 aut
840 1825 872 1856 in

206 1879 335 1909 formam
377 1876 549 1912 hominum,
587 1885 682 1917 quam
720 1875 873 1916 Gigantes

207 1938 269 1958 non
304 1927 487 1957 habuerant.
532 1925 583 1956 Sic
625 1924 740 1955 dicitur
778 1924 873 1956 facies

206 1977 310 2013 maris,
327 1976 422 2007 facies
443 1975 528 2010 coeli,
544 1980 625 2013 etc.;
650 1974 790 2016 adeoque
808 1985 872 2005 om-

206 2025 254 2058 nis
278 2032 407 2057 externa
435 2023 555 2066 species
580 2030 611 2054 et
639 2024 746 2059 forma,
775 2023 874 2054 oculis

206 2075 358 2118 exposita,
375 2073 470 2106 facies
486 2073 670 2116 appellatur.
715 2072 798 2104 Hinc
821 2084 872 2104 su-

207 2124 362 2168 perficies,

254 2176 326 2206 162.
358 2174 454 2204 Scires
477 2184 491 2204 e
518 2174 665 2214 sangnine
690 2171 802 2212 vatos]
832 2171 873 2204 vi.

208 2226 249 2255 22
265 2236 270 2254 :
297 2223 392 2254 Scires
406 2236 424 2254 α
442 2223 567 2253 Pallade
583 2224 710 2252 doctam.
745 2221 828 2252 Fast.
842 2220 874 2251 ii.

209 2274 291 2304 4192
319 2273 421 2304 Marte
444 2279 520 2302 satas
540 2275 638 2302 scires.
684 2270 767 2302 Vide
793 2270 874 2300 Dra-

209 2323 302 2353 kenb.
319 2321 358 2353 ad
374 2321 429 2352 Sil.
445 2332 475 2352 v.
490 2322 565 2352 279.

254 2372 435 2402 163—243.
461 2370 612 2411 Lycaon]
646 2371 750 2407 Quam
780 2369 875 2411 impia

209 2420 265 2451 illa
287 2432 303 2451 e
317 2421 490 2462 Gigantum
512 2420 662 2461 sanguine
685 2425 750 2449 orta
772 2418 875 2460 proles

209 2469 311 2506 fuerit,
348 2469 510 2500 commode
548 2469 693 2510 probatur
730 2467 874 2508 exemplo

209 2518 374 2561 Lycaonis,
391 2518 471 2559 regis
487 2517 644 2553 Arcadiae,
661 2517 714 2558 qui
735 2515 793 2558 ipsi
817 2516 872 2547 Jo-

213 2568 252 2604 vi,
278 2574 375 2598 terras
405 2566 528 2603 visenti,
557 2577 618 2597 non
647 2565 738 2596 modo
768 2575 876 2595 carnes

210 2617 364 2647 humanas
388 2621 584 2658 apposuerat,
603 2614 657 2645 sed
682 2614 777 2645 etiam
802 2613 875 2644 insi-

210 2666 278 2696 dias
298 2672 452 2696 struxerat
471 2677 478 2703 ζ,
504 2675 598 2706 quam
619 2665 658 2694 ob
682 2664 874 2706 impietatem

212 2713 243 2744 in
269 2714 375 2756 lupum
400 2725 566 2745 conversus
591 2720 647 2744 est.
685 2713 735 2744 Cf.
760 2711 876 2754 Hygin.

211 2764 274 2794 fab.
298 2764 367 2794 l76.
391 2769 418 2794 el
445 2762 591 2804 Apollod.
608 2761 759 2793 Biblioth.
775 2762 818 2792 iii.
836 2763 877 2799 85

935 950 996 981 quo
1013 946 1145 981 utroque
1164 939 1233 970 loco
1257 938 1311 969 filii
1336 937 1499 979 Lycaonis,
1516 936 1600 978 quod

936 989 986 1020 hic
1006 988 1137 1020 traditur
1153 989 1339 1031 periculum,
1355 988 1386 1018 in
1400 988 1480 1019 Jove
1496 987 1600 1017 facere

935 1044 1097 1074 conantur,
1115 1048 1208 1079 quam
1225 1038 1264 1068 ob
1279 1047 1405 1068 causam
1422 1035 1482 1078 ipsi
1495 1035 1599 1066 fulmi-

937 1098 975 1118 ne
1002 1093 1174 1127 necantur;
1198 1093 1286 1129 pater
1305 1094 1409 1117 autem
1429 1085 1601 1116 secundum

937 1136 1054 1178 Hygin.
1077 1136 1109 1167 in
1134 1136 1245 1178 lupum
1266 1135 1468 1171 convertitur,
1490 1144 1600 1165 secun-

937 1186 1011 1216 dum
1037 1186 1184 1228 Apollod.
1211 1191 1315 1216 autem
1340 1194 1404 1216 una
1431 1194 1504 1215 cum
1530 1182 1603 1214 filiis

936 1242 1159 1267 concrematur.
1205 1236 1286 1267 Cum
1309 1233 1457 1276 Apollod.
1473 1244 1602 1265 consen-

936 1285 974 1315 tit
989 1285 1093 1316 Schol.
1108 1285 1262 1327 Lycophr.
1279 1284 1319 1315 ad
1333 1294 1398 1315 ver.
1416 1284 1489 1314 481.
1518 1284 1602 1314 Pau-

936 1345 1003 1365 san.
1018 1334 1135 1365 Arcad.
1151 1346 1182 1376 p.
1198 1334 1273 1365 600.
1288 1332 1393 1369 tradit,
1408 1333 1599 1374 Lycaonem,

940 1383 1065 1425 Pelasgi
1080 1384 1189 1415 filium.
1201 1382 1332 1425 Cecropi
1347 1382 1515 1423 aequalem,
1529 1380 1603 1413 Jovi

937 1443 1024 1464 sacra
1042 1435 1158 1475 Lycaea
1180 1432 1362 1468 instituisse,
1378 1431 1410 1462 in
1431 1431 1532 1472 iisque
1555 1430 1602 1461 in-

939 1482 1056 1513 fantem
1082 1482 1282 1517 sacrificasse,
1305 1491 1438 1522 eamque
1463 1481 1503 1511 ob
1528 1491 1603 1511 cau-

938 1542 1005 1562 sam
1031 1531 1064 1563 in
1091 1532 1200 1574 lupum
1229 1541 1411 1562 conversum
1441 1540 1518 1561 esse.
1563 1529 1603 1561 Id

938 1581 1022 1623 quod
1050 1582 1143 1624 paulo
1178 1581 1318 1624 proprius
1349 1580 1389 1611 ad
1426 1579 1603 1611 historicam

937 1631 1098 1662 veritatem
1114 1630 1246 1662 accedit.
1275 1630 1400 1660 Etenim
1416 1629 1510 1660 etiam
1522 1639 1603 1660 mar-

938 1690 1004 1711 mor
1026 1680 1180 1711 Arundel.
1195 1680 1216 1711 i.
1231 1681 1283 1711 31.
1299 1685 1460 1715 memorat,
1482 1678 1602 1721 Lycao-

938 1740 1020 1766 nem,
1036 1729 1202 1767 Pandffini,
1225 1727 1373 1770 Cecropis
1398 1728 1473 1764 filio,
1498 1737 1603 1770 aequa-

938 1780 1011 1816 lem,
1041 1778 1210 1810 instituisse
1247 1777 1320 1810 Jovi
1349 1788 1447 1814 sacra,
1477 1779 1604 1808 Λυκαῖα

939 1828 1037 1866 dicta,
1048 1829 1079 1859 iu
1095 1828 1209 1870 quibus
1224 1827 1365 1858 homines
1378 1827 1448 1858 Deo
1459 1826 1603 1858 offerren-

940 1884 999 1909 tur.
1044 1878 1151 1920 Atque
1176 1878 1244 1908 haec
1269 1887 1357 1907 sacra
1380 1876 1435 1907 diu
1456 1875 1605 1907 mansisse

940 1926 1020 1958 inter
1048 1926 1202 1962 Arcadas,
1230 1936 1268 1957 ex
1309 1925 1440 1967 antiquo
1469 1924 1605 1966 quodam

942 1981 1067 2007 auctore
1090 1976 1191 2007 refert.
1217 1975 1300 2006 Plin.
1325 1975 1367 2006 ΙΙ.
1394 1976 1436 2005 N.
1462 1974 1526 2005 viii.
1553 1975 1606 2006 32.

942 2026 1064 2067 Regem
1086 2026 1206 2068 justum
1236 2024 1331 2056 fuisse
1361 2034 1432 2055 eum
1461 2023 1550 2054 Suid.
1574 2023 1607 2055 in

943 2074 1080 2106 Λυκάων
1094 2080 1217 2113 narrat;
1241 2080 1335 2116 atque
1356 2073 1451 2104 etiam
1469 2084 1507 2105 ex
1523 2073 1605 2104 Pau-

941 2134 1009 2155 san.
1019 2130 1159 2165 apparet,
1171 2124 1271 2154 multa
1286 2133 1357 2154 eum
1372 2122 1452 2153 inter
1466 2121 1608 2154 Arcadas

942 2173 982 2204 ad
1004 2173 1075 2204 vitae
1097 2172 1218 2204 cultum
1241 2171 1408 2202 invenisse.
1454 2170 1607 2202 Fabulam

942 2222 981 2253 de
997 2221 1168 2253 mutatione
1184 2221 1217 2251 in
1232 2221 1340 2262 lupum
1357 2219 1449 2251 facile
1474 2219 1608 2250 nominis

942 2277 1067 2313 etymon
1083 2281 1191 2313 parere
1207 2270 1318 2312 potuit.
1356 2269 1405 2300 De
1420 2269 1607 2310 λυκανθρω-

943 2322 1006 2364 πὶςι
1021 2321 1162 2352 universe
1185 2320 1333 2351 Herodot.
1359 2319 1405 2349 iv.
1434 2319 1503 2350 105.
1524 2318 1607 2349 Plin.

942 2371 973 2401 d.
989 2371 1010 2401 1.
1026 2370 1197 2412 disputant.
1244 2368 1394 2399 Fabulam
1416 2367 1449 2399 in
1471 2377 1502 2399 se
1517 2373 1607 2398 tenu-

941 2431 991 2451 em
1004 2419 1137 2452 Ovidius
1149 2417 1330 2450 tractatione
1344 2416 1479 2449 reddidit
1493 2427 1609 2448 memo-

941 2469 1082 2504 rabilem,
1102 2469 1133 2499 in
1156 2477 1256 2509 eaque
1278 2466 1457 2498 exornanda
1475 2465 1609 2497 multum

943 2517 1059 2559 ingenii
1075 2515 1222 2548 ostendit.
1267 2516 1365 2546 Poeta
1379 2526 1440 2546 non
1456 2514 1522 2557 ipse
1538 2525 1608 2545 nar-

943 2572 1002 2602 rat,
1018 2565 1094 2608 quid
1117 2566 1243 2606 Lycaon
1266 2563 1465 2599 commiserit,
1485 2563 1540 2594 sed
1553 2563 1608 2594 Jo-

944 2626 1014 2646 vem
1032 2614 1102 2645 Diis
1124 2612 1304 2644 convocatis
1324 2618 1501 2643 narrantem
1517 2611 1608 2642 indu-

944 2664 1005 2696 cit:
1042 2673 1111 2705 quae
1139 2662 1276 2693 inventio
1303 2661 1402 2692 multa
1426 2666 1608 2691 ornamenta

944 2713 1075 2756 peperit.
1113 2712 1163 2743 Sic
1180 2711 1260 2742 enim
1279 2721 1440 2742 consessus
1455 2711 1606 2745 Deomm,

945 2763 1093 2804 jovisque
1110 2762 1255 2803 majestas
1271 2760 1414 2795 describi,
1432 2766 1524 2801 atque
1541 2769 1608 2790 ora—
