1729 3207
375 212 999 256 METAMORPHOSEON
1034 214 1153 257 LIB.
1188 216 1223 256 Ι.
1438 219 1494 259 77

108 329 306 393 Perque
326 330 532 386 hiemes,
552 338 824 392 aestusque,
846 337 896 377 et
916 331 1188 394 inaequales
1210 338 1490 387 autumnos,

108 406 174 453 Et
197 407 346 455 breve
369 423 470 462 ver,
498 406 674 470 spatiis
700 407 870 469 exegit
896 414 1109 470 quatuor
1134 425 1334 455 annum.

105 483 234 530 Tum
258 484 471 548 primum
497 483 644 531 siccis
669 498 754 529 aer
778 482 1050 531 fervoribus
1076 491 1218 532 ustus

107 560 353 619 Canduit;
384 569 434 609 et
453 562 613 609 ventis
634 561 817 623 glacies
840 561 1083 608 adstricta
1101 562 1355 626 pependit.
1400 565 1492 609 120

103 638 231 686 Tum
250 639 465 702 primum
480 638 677 686 subiere
693 638 892 686 domos:
921 638 1098 685 domus
1116 646 1257 686 antra
1273 638 1489 695 fuerunt,

105 715 170 764 Et
194 717 336 764 densi
361 716 578 772 frutices,
606 723 658 763 et
681 715 858 762 vinctae
885 715 1069 762 cortice
1094 715 1260 778 virgae.

106 792 309 841 Semina
332 801 437 842 tum
462 795 676 858 primum
701 792 863 855 longis
887 793 1117 841 Cerealia
1141 794 1292 841 sulcis

99 869 296 918 Obruta
319 879 451 928 sunt,
478 870 740 935 pressique
761 871 884 933 jugo
911 887 1145 933 gemuere
1165 870 1384 934 juvenci.

163 948 332 996 Tertia
355 956 469 1013 post
492 950 601 997 illas
628 948 871 995 successit
896 948 1139 995 AHENEA
1169 950 1350 1012 proles,
1395 951 1486 995 125

107 1025 293 1073 Saevior
316 1026 546 1089 ingeniis,
574 1034 625 1074 et
650 1026 712 1073 ad
737 1023 936 1072 horrida
961 1025 1201 1089 promtior
1225 1042 1390 1081 arma;

147 1149 218 1180 117.
256 1149 449 1190 Inoequales.]
492 1150 570 1181 Mox
606 1149 761 1186 humidos,

100 1208 172 1229 mox
196 1198 294 1230 siccos
307 1211 316 1237 3
339 1199 503 1230 caiidiores
527 1199 694 1235 interdum,
710 1200 761 1230 fri-

102 1246 236 1288 gidiores
246 1258 362 1278 rursus.
397 1248 531 1279 Incertus
545 1249 625 1279 tales
639 1259 762 1280 menses

101 1296 179 1327 dixit
194 1297 282 1338 Virg.
298 1298 413 1339 Georg.
428 1298 450 1328 i.
465 1300 516 1329 45.

147 1347 221 1377 118.
253 1347 376 1388 Breve]
411 1348 494 1379 Cum
521 1348 657 1384 deiectu,
687 1348 761 1390 quia

101 1400 194 1426 antea
213 1402 367 1427 aetermcm.
415 1397 534 1439 E1egit,
550 1397 632 1439 exigi
649 1398 760 1428 voluit.

102 1445 231 1487 Est-igere
245 1451 349 1476 autem
364 1451 498 1488 tempus,
515 1451 561 1477 est
583 1457 686 1487 agere,
706 1446 762 1477 de-

100 1504 184 1535 gere,
211 1501 246 1526 ut
269 1495 386 1527 centies
411 1506 462 1538 ap.
486 1496 553 1528 Cic.
569 1496 659 1538 Virg.
680 1496 763 1528 Plin.

100 1548 132 1574 et
147 1543 234 1575 alios.
279 1543 342 1575 Sed
358 1545 531 1576 Burmann.
547 1545 656 1576 aliter:
681 1556 763 1576 exae-

101 1594 220 1635 quavit‚
233 1600 267 1625 ut
285 1594 317 1625 in
339 1595 466 1626 trutina.
510 1596 644 1626 Lenzins
665 1596 763 1638 expli-

100 1647 170 1674 cat:
194 1644 318 1686 Jupiter
332 1644 495 1686 antiquum
512 1655 563 1676 ver
577 1645 718 1676 extendit
732 1646 764 1676 in

100 1698 234 1734 quatuor
249 1699 464 1735 tempestates.
488 1694 521 1724 N
523 1705 562 1724 on
575 1695 668 1725 bene.
691 1695 764 1725 Non

100 1741 184 1772 enim
208 1753 268 1779 ver,
283 1742 340 1773 sed
359 1755 475 1773 annum
494 1745 619 1785 exegisse
638 1743 762 1780 dicitur,

99 1801 201 1834 neque
238 1795 354 1835 erigere
389 1793 557 1824 extendere
592 1793 760 1834 significat.

100 1841 217 1881 Spatia,
255 1848 406 1884 tempora.
463 1842 607 1873 Suaviter
643 1853 763 1874 annuas

100 1889 333 1922 vicissitudines
348 1891 505 1922 describit.
521 1903 572 1923 xv.
588 1893 647 1923 201
666 1903 735 1935 sqq.

145 1940 216 1972 119.
236 1940 310 1971 Tum
320 1942 450 1981 primum
463 1942 575 1983 siccis]
600 1943 763 1974 Summum

101 1994 211 2020 aestum
248 1989 407 2021 describit.
465 1991 527 2022 Sed
562 1991 764 2032 cogitandum

99 2043 157 2074 est,
167 2038 280 2070 vixisse
290 2044 416 2081 poetam
430 2041 488 2071 sub
503 2040 651 2073 calidiore
662 2042 763 2073 Italiae

100 2087 192 2119 coelo.

146 2138 217 2168 120.
242 2137 404 2179 Camluit]
431 2139 552 2170 Candor
566 2139 639 2170 solis
655 2139 700 2170 ita
715 2151 766 2182 ap.

101 2186 272 2218 Claudian.
284 2188 305 2218 i.
321 2190 396 2220 219.
412 2194 444 2220 et
458 2190 667 2221 incandescere
676 2191 766 2232 Virg.

102 2236 215 2278 Georg.
245 2237 288 2267 iii.
318 2239 392 2269 479.
420 2239 504 2269 Plin.
534 2239 612 2270 Pan.
637 2251 712 2270 xxx.
736 2241 766 2270 3.

101 2285 222 2317 Hiemis
236 2287 347 2329 frigore
371 2290 610 2330 adstringuntur
623 2299 762 2332 corpora,

100 2346 171 2367 vere
185 2343 288 2369 autem
303 2338 493 2370 adventante
506 2340 546 2369 sol
551 2346 665 2370 vantur
668 2351 679 2377 3
695 2340 762 2371 vid.

101 2385 210 2417 Horat.
232 2386 259 2417 Ι.
279 2387 342 2418 Od.
360 2386 404 2418 iv.
424 2389 452 2418 1.
499 2388 630 2424 Glacies,
654 2389 760 2420 stiria:

104 2437 250 2466 adstricta
280 2439 421 2476 pependit
448 2443 589 2474 venuste,
618 2449 674 2480 pro
707 2439 762 2469 ad-

101 2483 208 2515 stricta
222 2490 280 2516 est.
324 2485 428 2517 Etiam
444 2486 508 2518 ΠΙ.
522 2486 614 2518 Trist.
640 2488 688 2518 10.
709 2489 762 2518 21.

100 2535 229 2573 pendens
247 2536 369 2575 glacies.
413 2535 476 2566 Sed
490 2536 589 2567 multo
603 2537 764 2568 venustius

103 2582 214 2625 virgil.
230 2583 346 2626 Georg.
362 2584 409 2615 iii.
426 2586 507 2616 366:
534 2586 686 2627 Stiriaque
708 2589 763 2617 im-

99 2634 181 2671 peris
196 2635 338 2665 induruit
352 2635 473 2666 horrida
491 2637 597 2666 barbis.

148 2683 219 2713 121.
235 2682 358 2714 Subiere
369 2684 491 2725 domos]
511 2685 618 2721 Quum
629 2690 721 2716 antea
734 2685 766 2716 in

104 2730 186 2772 agris
210 2736 242 2762 et
265 2732 352 2763 silvis
375 2733 571 2765 habitassent
594 2735 652 2775 (A.
667 2735 708 2766 A.
732 2735 765 2766 ii.

105 2779 195 2820 473.)
210 2787 244 2811 ut
259 2781 353 2813 etiarn
373 2782 465 2814 hodie
484 2783 662 2816 Californiae
681 2785 766 2816 inco-

150 2830 251 2861 VOL.
268 2831 334 2862 111.

830 1148 879 1179 lae.
893 1148 942 1179 Cf.
963 1149 1092 1179 Fabers.
1104 1147 1343 1189 Areliaeologiae,
1354 1153 1376 1178 t.
1389 1148 1409 1178 i.
1424 1159 1454 1189 p.
1466 1149 1496 1178 9.

829 1198 937 1228 Antris
959 1209 1012 1240 pro
1033 1197 1153 1229 aedibus
1176 1197 1269 1228 etiam
1293 1197 1384 1228 hodie
1403 1204 1497 1228 utun-

829 1252 879 1277 tur
893 1247 1014 1278 Arabes
1030 1247 1132 1278 multi.
1177 1248 1218 1277 Et
1234 1247 1265 1277 in
1287 1247 1356 1277 aliis
1368 1247 1497 1277 calidio-

829 1296 913 1327 ribus
928 1297 1026 1334 terris,
1043 1303 1127 1328 tecta
1141 1298 1201 1328 sibi
1220 1302 1333 1339 parant
1349 1307 1387 1327 ex
1403 1296 1496 1327 ramis

828 1347 981 1377 arborum.

877 1397 947 1427 122.
985 1396 1129 1436 Cortice]
1168 1396 1284 1432 Cor-ter,
1311 1395 1496 1437 intelligitur

829 1451 934 1477 cortex
961 1445 1096 1481 interior,
1125 1444 1223 1475 liber:
1250 1447 1354 1475 rinctoe
1389 1447 1498 1476 cortice

832 1497 932 1537 rirgzr,
944 1502 1058 1529 crates,
1075 1505 1090 1524 e
1108 1494 1222 1535 quibus
1237 1494 1311 1524 olim
1327 1494 1387 1525 sibi
1401 1505 1495 1536 para-

831 1550 903 1575 runt
926 1544 1067 1575 homines
1091 1543 1245 1574 aedificia:
1271 1545 1344 1574 Sen.
1359 1545 1418 1586 Ep.
1434 1545 1494 1575 90:

832 1596 992 1634 quamlibet
1026 1596 1159 1635 virgeam
1188 1600 1300 1623 cratem
1336 1600 1498 1624 texuerunt

831 1656 935 1674 771117111.

879 1695 949 1724 123.
982 1693 1095 1735 Longis
1119 1692 1181 1723 vim
1210 1691 1359 1734 pingendi
1388 1691 1496 1722 habet.

834 1744 944 1778 Pressi,
965 1741 1096 1773 onerati.
1121 1742 1171 1772 Cf.
1195 1741 1310 1782 Virgil.
1336 1742 1453 1782 Georg.
1476 1741 1498 1772 i.

832 1794 890 1824 45:
916 1792 983 1823 Cic.
998 1791 1040 1822 N.
1052 1791 1095 1823 D.
1112 1790 1145 1820 ii.
1163 1791 1216 1821 63.

878 1843 950 1873 125.
968 1841 1069 1871 Tertia
1082 1847 1146 1880 post
1163 1839 1258 1879 illus]
1284 1839 1321 1869 In
1335 1838 1393 1869 hac
1405 1844 1498 1869 aetate

828 1893 913 1934 justo
925 1890 1047 1922 brevior
1060 1896 1116 1926 est,
1128 1889 1305 1933 pendetque
1318 1889 1356 1919 ab
1368 1888 1500 1919 Hesiod.

831 1952 896 1973 ver.
913 1942 975 1972 144
991 1951 1060 1982 sqq.
1104 1940 1180 1970 Erat
1194 1939 1253 1970 hoc
1269 1937 1429 1969 hominum
1445 1948 1498 1979 ge-

832 2003 891 2023 nus
905 1990 937 2022 έκ
953 1991 1069 2033 μελιᾶν
1086 1989 1192 2021 δεινόν
1207 2000 1241 2020 τε
1255 1989 1308 2019 καὶ
1323 1987 1495 2029 ὄμβριμον,

832 2043 924 2072 hastis
960 2041 1096 2071 terribile
1131 2047 1160 2070 et
1198 2040 1342 2073 validum,
1371 2038 1499 2068 amabat

833 2090 948 2121 Martis
961 2100 1056 2132 opera
1071 2089 1270 2129 habebatque
1288 2086 1414 2128 χάλκεα
1429 2086 1498 2118 τεύ-

834 2152 905 2182 χεα,
921 2151 1000 2171 oenea
1018 2151 1112 2175 arma,
1129 2148 1227 2180 quum
1241 2137 1364 2178 nigrum
1384 2137 1497 2167 serrum

833 2189 971 2221 nondum
998 2190 1162 2220 inventum
1188 2193 1280 2218 esset.
1326 2186 1375 2217 Cf.
1402 2186 1497 2216 Arat.

834 2240 944 2271 Phaen.
961 2240 1032 2270 130.
1077 2239 1158 2280 Ergo
1179 2243 1211 2268 et
1232 2247 1315 2267 nunc
1336 2238 1438 2266 servior
1453 2241 1500 2267 est

831 2290 972 2325 ferocior,
991 2289 1138 2320 audacior
1151 2289 1183 2318 in
1195 2287 1290 2318 bello.

876 2339 948 2369 126.
972 2337 1108 2378 Saerior.]
1134 2336 1287 2372 Ferocior,
1305 2335 1453 2366 audacior
1468 2335 1500 2366 in

830 2388 923 2420 bello.
961 2387 1089 2418 Hesiod.
1104 2386 1199 2428 Ἐργ.
1219 2386 1290 2421 145,
1304 2397 1387 2415 arma
1410 2383 1498 2415 inve-

831 2439 877 2470 nit
892 2438 951 2468 hoc
966 2447 1064 2478 genus
1080 2436 1250 2467 hominum.
1282 2434 1371 2465 Arat.
1387 2434 1500 2465 Phaen.

833 2489 903 2524 130,
921 2486 952 2517 in
969 2497 1123 2518 armorum
1144 2492 1303 2516 auctorem
1315 2483 1498 2525 gravissime

829 2537 998 2569 invehitur.
1046 2535 1162 2566 Tibull.
1182 2535 1210 2565 I.
1225 2534 1269 2565 iii.
1285 2534 1324 2564 47
1341 2544 1411 2574 seq.
1431 2534 1498 2563 hor—

829 2589 910 2623 rida,
931 2597 1026 2617 saeva.
1074 2585 1220 2615 Horrida.
1256 2584 1424 2614 Horridum
1450 2593 1498 2613 so-

831 2637 933 2668 lemne
951 2635 1112 2677 epitheton
1126 2644 1291 2668 armorum,
1308 2631 1496 2674 praeliorum,

831 2686 995 2721 bellorum,
1021 2690 1203 2715 castrorum.
1248 2682 1337 2713 Arat.
1368 2681 1499 2722 κακόερ-

834 2748 897 2778 γον
912 2733 1093 2777 μάχαιραν.
1140 2731 1274 2764 Lenzius
1289 2741 1360 2762 vero
1376 2731 1500 2761 horrida

835 2786 1054 2827 interpretatur
1077 2781 1245 2817 horrentia,
1272 2781 1389 2817 hastas,
1414 2790 1499 2811 erec-
