1729 3207
279 195 367 238 DE
399 194 616 237 OPERE
649 190 1303 234 METAMORPHOSEON.
1381 196 1485 235 xxxi

97 311 201 354 curii
221 309 497 352 ministerium
517 316 560 350 et
580 315 790 356 ornatum,
813 307 968 348 Dianae
985 306 1138 348 choros
1160 315 1203 349 et
1224 308 1483 358 venationes,

98 391 259 433 Bacchi
290 390 473 438 nomina,
495 403 562 430 res
590 395 732 444 gestas
759 394 803 428 et
835 402 967 435 sacra,
990 386 1199 427 Minervae
1226 387 1270 427 in
1301 388 1487 428 texendo

97 469 404 517 excellentiam,
427 467 606 509 Latonae
628 481 795 507 errores
817 473 860 505 et
881 464 1103 512 vindictas,
1127 464 1351 518 Cupidinis
1373 481 1488 506 arma

97 556 140 590 et
172 548 421 603 potentiam,
454 545 651 587 Plutonis
684 544 907 599 imperium
940 543 983 582 in
1014 542 1185 591 inferos,
1219 542 1489 598 Proserpina>

96 627 197 675 fata,
237 626 507 681 Neptunum,
550 624 708 665 Protea
748 622 1008 683 ambiguum,
1050 635 1251 661 canorum
1290 620 1487 671 Tritona,

97 704 320 745 Musarum
342 710 506 752 cantus,
528 701 719 743 Telluris
749 701 926 748 fructus,
950 699 1210 753 Tisiphones
1238 699 1414 740 formam
1447 708 1489 742 et

97 797 318 831 venenum,
342 781 466 823 Isidis
495 794 666 835 quoque
689 779 964 833 AEgyptiacae
991 792 1204 832 pompam.
1268 778 1490 820 Prodeunt

97 861 175 901 viri
202 867 244 901 et
269 860 438 908 heroes,
461 874 567 913 quos
592 857 823 911 antiquitas
853 856 1004 896 habuit
1037 855 1347 906 celeberrimos,
1372 857 1490 897 Deu-

99 938 250 988 calion,
280 938 458 987 Chiron,
487 935 781 990 AEsculapius,
813 935 1000 976 Cadmus
1033 950 1128 975 cum
1157 936 1257 984 suis,
1285 935 1489 985 Tiresias,

98 1018 297 1065 Perseus,
326 1016 476 1064 Jason,
499 1014 714 1062 Theseus,
741 1013 900 1061 Minos,
935 1012 1158 1061 Daedalus,
1181 1013 1489 1068 Triptolemus,

98 1096 336 1152 Meleager,
368 1094 596 1143 Hercules,
624 1093 844 1147 Orpheus,
873 1092 1081 1142 Achilles,
1110 1092 1301 1147 Ulysses,
1332 1094 1492 1148 Pytha-

97 1191 238 1230 goras,
278 1174 459 1223 AEneas,
500 1172 728 1221 Romulus,
770 1172 929 1220 Numa,
971 1186 1151 1225 quorum
1190 1172 1375 1212 omnium
1424 1188 1491 1214 res

97 1253 290 1309 plurimae
326 1261 369 1295 et
402 1253 551 1294 laudes
588 1260 662 1293 aut
691 1253 863 1293 brevius
899 1252 1183 1306 attinguntur,
1219 1259 1292 1292 aut
1331 1253 1492 1307 ingenii

98 1332 269 1373 flumine
310 1338 472 1373 ornatae
512 1329 799 1385 explicantur.
865 1330 1100 1379 Notantur,
1134 1345 1230 1384 quae
1269 1331 1313 1371 in
1353 1332 1491 1372 animo

98 1411 283 1452 humano
315 1418 427 1460 sunt,
457 1411 651 1451 adfectus
684 1416 902 1464 paternuS,
925 1417 1154 1459 maternus,
1176 1409 1404 1460 fraternus,
1427 1427 1492 1452 so-

99 1490 251 1539 rorius,
272 1505 389 1531 amor
421 1496 578 1538 castus,
607 1490 808 1537 incestus,
832 1487 1076 1537 sceleratus,
1099 1489 1162 1529 sui
1188 1489 1336 1543 ipsius,
1357 1489 1491 1531 libido

99 1571 259 1619 furens,
295 1569 441 1625 plures
477 1568 634 1610 doloris
675 1577 718 1610 et
757 1568 897 1609 luctus
933 1568 1108 1623 gradus,
1140 1568 1397 1622 desperatio,
1430 1569 1492 1608 in-

100 1649 232 1698 sania,
256 1649 334 1698 ira,
362 1647 597 1689 ulciscendi
633 1647 835 1695 studium,
863 1646 1036 1694 invidia,
1067 1644 1312 1694 crudelitas,
1344 1646 1491 1700 impie-

100 1734 178 1776 tas,
211 1727 362 1782 pietas,
395 1726 652 1774 innocentia,
679 1724 940 1779 simplicitas,
969 1723 1252 1778 hospitalitas,
1279 1724 1490 1774 mollities,

99 1803 321 1853 fortitudo,
344 1811 433 1844 tum
462 1819 620 1859 pugnae
648 1811 690 1844 et
712 1802 917 1844 tumultus
939 1803 1151 1843 variorum
1178 1803 1422 1844 adfectuum
1449 1804 1492 1844 in

101 1883 253 1924 animo.
314 1881 445 1923 Adde
473 1882 615 1923 studia
642 1881 874 1931 hominum,
896 1881 1024 1931 bella,
1046 1881 1209 1936 praelia,
1231 1883 1491 1932 venationes,

101 1968 212 2002 artes
245 1961 501 2015 (textoriam,
529 1961 760 2009 fatidicam,
789 1961 1016 2010 nauticam,
1048 1961 1331 2016 piscatoriam,
1362 1962 1494 2016 magi-

102 2039 224 2093 cam,)
250 2039 384 2089 lusus,
412 2040 542 2089 rixas,
570 2039 767 2088 lotiones,
796 2040 984 2094 nuptias,
1013 2040 1218 2089 convivia,
1249 2040 1492 2089 certamina,

101 2118 203 2166 item
236 2131 333 2172 quae
364 2117 414 2158 iis
446 2116 511 2157 vel
547 2117 815 2171 contingunt,
845 2117 912 2158 vel
944 2118 1158 2167 accidunt,
1192 2125 1265 2159 aut
1291 2134 1316 2159 a
1342 2125 1494 2159 natura

103 2197 263 2238 tributa
294 2202 408 2245 sunt,
433 2195 654 2245 diluvium,
678 2202 859 2250 pestem,
888 2195 1056 2245 famem,
1083 2211 1288 2245 somnum,
1318 2196 1493 2245 somnia,

101 2281 413 2330 paupertatem,
441 2290 571 2329 opum
602 2275 922 2325 abundantiam,
951 2275 1284 2324 dilaniationem,
1306 2276 1494 2329 discerp-

103 2354 261 2395 tionem
304 2355 604 2404 membrorum,
646 2355 932 2410 naufragium,
974 2354 1085 2395 mille
1130 2354 1275 2395 mortis
1320 2369 1491 2408 genera.

105 2433 278 2475 Partem
317 2434 458 2475 adhuc
498 2449 640 2475 rerum
674 2436 965 2490 expositarum
999 2433 1206 2475 recensui.
1267 2431 1494 2473 Accedunt

105 2512 216 2552 enim
237 2511 513 2567 plurimarum
533 2528 690 2563 rerum,
713 2529 819 2568 quas
841 2520 884 2554 et
906 2520 1058 2553 natura
1077 2510 1270 2566 protulit,
1292 2518 1334 2551 et
1350 2517 1496 2565 poeta-

106 2605 198 2631 rum
218 2591 388 2646 ingenia
408 2591 640 2642 finxerunt,
658 2593 983 2647 descriptioneS,
1006 2591 1117 2632 sedis
1144 2588 1343 2637 coelestis,
1366 2588 1495 2641 regiae

108 2668 217 2710 Solis
245 2684 340 2711 cum
366 2685 495 2712 curru
523 2672 648 2713 solari
675 2679 719 2713 et
743 2672 878 2726 equis,
901 2670 998 2712 eoeli
1025 2668 1228 2717 stelliferi,
1250 2667 1495 2715 inferorum,

107 2747 394 2799 animantium,
416 2750 671 2804 plantarum,
694 2752 914 2800 montium,
931 2749 1170 2796 fluviorum,
1188 2747 1380 2794 fontium,
1398 2760 1497 2786 ven-
