1763 3181
391 175 1014 221 METAMORPHOSEON
1048 175 1165 216 LIB.
1189 175 1252 216 ΙΙ.

1428 177 1444 215 1
1454 176 1509 215 89

132 296 368 351 Quamvis
395 295 518 341 irata
542 300 633 349 est,
661 308 757 339 non
785 293 877 339 hoc
903 291 1026 338 irata
1051 290 1268 352 negabit.

133 375 263 422 Nam
287 389 367 420 me
392 371 642 418 Phocaica
665 371 827 417 clarus
853 370 1028 416 tellure
1057 369 1328 422 Coroneus,

1414 370 1508 413 569

133 452 266 499 Nota
288 451 480 513 loquor,
507 447 706 510 genuit;
735 447 1026 509 fueramque
1050 462 1141 507 ego
1167 445 1303 506 regia
1322 445 1484 505 virgo;

131 528 482 589 Divitibusque
507 524 686 589 procis,
715 541 775 571 ne
796 541 874 570 me
900 531 1178 578 contemne,
1206 522 1428 585 petebas.

131 605 308 652 Forma
331 603 450 650 mihi
475 602 645 649 nocuit
666 619 676 649 z
714 617 826 648 nam
853 617 1015 664 quum·
1032 617 1119 664 per
1143 599 1286 646 litora
1310 599 1456 646 lentis

130 682 387 737 Passibus‚
414 688 469 727 ut
494 681 644 736 soleo,
672 695 866 726 summa
891 678 1133 742 spatiarer
1158 693 1321 733 arena,

127 759 278 814 Vidit,
306 765 356 806 et
379 758 584 805 incaluit
608 757 770 821 pelagi
798 757 965 804 Deus:
1006 763 1163 818 utque
1187 754 1435 818 precando

128 836 375 899 Tempora
398 851 510 882 cum
536 834 730 881 blandis
757 833 1068 896 consumpsit
1093 832 1257 879 inania
1280 830 1471 887 verbis;

129 913 241 960 Vim
264 919 419 976 parat,
438 919 488 959 et
507 911 732 974 sequitur
750 928 759 958 ε
788 910 939 973 fugio,
957 911 1270 972 densumque
1286 908 1512 971 relinquo

130 989 284 1046 Litus,
309 997 359 1036 et
383 989 433 1035 in
458 988 591 1035 molli
617 988 952 1051 nequicquam
977 988 1134 1034 lassor
1159 1002 1322 1033 arena.

129 1067 253 1114 Inde
280 1067 431 1122 Deos,
459 1066 784 1128 hominesque
809 1082 930 1112 voco
952 1084 961 1121 3
1002 1081 1094 1111 nec
1123 1064 1332 1126 contigit
1357 1064 1511 1109 ullum

128 1145 240 1192 Vox
259 1160 370 1192 mea
393 1145 681 1191 mortalem:
720 1151 855 1190 mota
879 1151 956 1190 est
980 1159 1068 1206 pro
1094 1142 1282 1203 virgine
1307 1140 1459 1204 virgo,

127 1222 485 1284 Auxiliumque
509 1221 650 1268 tulit:
691 1222 958 1269 tendebam
984 1219 1188 1267 brachia
1213 1218 1364 1273 coelo;
1415 1221 1510 1265 580

130 1299 345 1346 Brachia
369 1305 626 1362 coeperunt
650 1299 841 1346 levibus
867 1299 1148 1360 nigrescere
1174 1295 1366 1360 pennis.

129 1376 358 1440 Rejicere
383 1393 446 1423 ex
471 1375 688 1423 humeris
713 1383 900 1424 vestem
926 1375 1135 1422 molibar
1157 1392 1166 1431 ;
1210 1381 1259 1420 at
1283 1372 1368 1419 illa

129 1454 309 1501 Pluma
334 1461 439 1501 erat
459 1471 470 1511 3
510 1454 660 1516 inque
688 1461 854 1501 cutem
880 1454 1072 1501 radices
1099 1452 1270 1500 ederat
1294 1451 1434 1497 imas.

129 1531 375 1594 Plangere
399 1531 533 1578 nuda
556 1531 679 1578 meis
706 1531 921 1578 conabar
945 1538 1148 1595 pectora
1172 1527 1351 1592 palmis
1371 1544 1380 1574 :
1415 1529 1509 1573 584

129 1608 230 1656 Sed
250 1624 413 1672 neque
432 1609 537 1671 jain
553 1609 760 1672 palmas,
780 1624 871 1655 nec
889 1615 1092 1671 pectora
1108 1607 1241 1653 nuda
1259 1605 1509 1668 gerebam.

124 1686 427 1743 Currebam;
456 1701 564 1742 nec,
593 1693 647 1733 ut
671 1693 800 1741 ante,
829 1686 985 1750 pedes
1012 1684 1258 1732 retinebat
1283 1697 1458 1729 arena:

129 1764 229 1811 Sed
255 1780 448 1811 summa
471 1764 679 1811 tollebar
704 1765 881 1812 humo:
911 1780 1026 1810 mox
1053 1770 1164 1810 acta
1187 1777 1276 1825 per
1301 1775 1445 1806 auras

167 1899 241 1930 569.
259 1899 336 1929 Nam
353 1910 397 1929 me
414 1898 590 1939 Phocaica]
611 1898 723 1929 Phocis
739 1909 786 1929 re-

125 1949 176 1990 gio
202 1947 346 1984 Graeciae,
374 1947 506 1978 finitima
545 1947 672 1984 Atticae,
703 1948 785 1979 unde

128 1998 292 2029 Phocaicas
305 1996 481 2027 deducitur.
520 1996 559 2027 In
582 1996 786 2038 sequentibus

125 2048 259 2078 multum
274 2047 362 2086 ἦθος.
389 2047 470 2077 Nota
486 2048 585 2087 loquor
600 2045 699 2082 addit,
712 2046 786 2088 quia

127 2097 247 2128 natales
265 2096 377 2138 jactat.
422 2095 559 2132 Festive,
587 2106 623 2126 ue
648 2107 693 2126 me
717 2107 786 2126 coii-

127 2152 231 2177 temne.

171 2196 245 2226 572.
271 2195 389 2225 Summa
404 2196 552 2234 spatiarer
563 2194 685 2234 areum]
713 2193 783 2224 Vir-

127 2243 183 2286 gil.
211 2244 326 2285 Georg.
354 2242 377 2274 i.
400 2244 481 2274 389:
514 2242 629 2273 Cornix
662 2244 723 2273 sola
752 2244 784 2272 in

127 2295 204 2325 sicca
220 2305 316 2324 secum
334 2295 485 2333 spatiatur
500 2303 603 2324 arena.
641 2292 784 2334 Spatian—

127 2350 176 2375 tur
212 2348 316 2374 autem
352 2342 490 2373 cornices
525 2343 613 2373 lentis
642 2343 785 2380 passibus,

128 2392 274 2433 idemque
292 2391 431 2423 incessus
450 2390 544 2422 etiam
565 2390 717 2431 virginem
739 2400 784 2421 re-

128 2441 211 2484 giam
225 2441 330 2472 decet.

170 2491 245 2523 577.
268 2491 384 2527 Mollis,
413 2490 547 2532 pedibus
575 2489 700 2526 cedens,
724 2500 786 2531 quo

128 2539 220 2571 facile
244 2540 400 2571 lassantur
421 2544 589 2570 currentes.
614 2540 697 2582 Opp.
713 2541 785 2569 den-

127 2601 204 2626 sum,
224 2589 379 2629 solidum3
403 2589 564 2632 aspergine
588 2589 671 2620 enim
695 2587 789 2619 maris

127 2639 203 2671 litus
224 2638 371 2670 durescit.
411 2639 480 2669 Non
501 2640 641 2680 contigit,
657 2648 717 2668 non
733 2648 786 2668 ex-

129 2687 238 2719 audita
268 2694 327 2718 est.
361 2688 402 2719 iv.
431 2689 510 2719 104:
546 2688 788 2728 Vota—tetigere

133 2737 218 2773 Deos,
231 2739 353 2777 tetigere
365 2743 514 2776 parentes.

172 2792 273 2823 voL.
290 2792 354 2823 ΙΙΙ.

897 1899 971 1930 579.
990 1898 1051 1928 Pro
1068 1898 1186 1938 virgine
1202 1894 1311 1937 virga]
1330 1893 1434 1924 Pallas
1449 1903 1516 1934 per-

853 1954 948 1990 petua
983 1947 1122 1988 gaudens
1159 1944 1349 1986 virginitate.
1401 1942 1516 1973 Claud.

854 2010 948 2029 xxxv.
962 1999 1023 2029 207
1036 2010 1042 2028 ε
1059 1998 1196 2028 stimulat
1215 1995 1375 2025 communis
1390 1995 1421 2024 in
1433 2005 1516 2023 arma

858 2049 1038 2090 VirginitaS.

896 2098 970 2128 580.
997 2097 1163 2127 Tendebam
1185 2094 1305 2125 brachia
1321 2091 1420 2132 effla]
1446 2090 1514 2121 Sin-

853 2148 927 2188 gula
948 2148 1088 2178 membra
1103 2146 1135 2176 in
1151 2150 1223 2176 actu
1240 2142 1375 2185 quodam
1392 2146 1515 2171 mutan-

853 2203 923 2227 tur:
949 2198 1019 2227 cfflo
1048 2205 1137 2236 aeque
1166 2200 1251 2224 recte
1280 2202 1316 2222 ac
1339 2193 1378 2221 ud
1399 2191 1516 2221 coelnm.

855 2246 987 2278 Brachia
1008 2244 1119 2275 melius
1138 2244 1169 2274 in
1190 2242 1258 2273 alas
1273 2245 1394 2271 mutata
1408 2239 1514 2269 finxis-

853 2302 912 2326 set.
953 2295 1070 2326 Eadem
1087 2298 1193 2324 autem
1209 2292 1305 2322 verba
1321 2290 1381 2320 477
1397 2299 1468 2330 sqq.

896 2346 970 2376 582.
1001 2344 1138 2383 Rejicere
1164 2341 1196 2371 in
1226 2346 1359 2381 tergum,
1386 2338 1514 2368 verbum

853 2393 885 2424 in
914 2393 972 2424 hac
1002 2402 1033 2422 re
1060 2390 1238 2433 proprium3
1267 2388 1338 2420 vide
1362 2387 1514 2417 Burman.

855 2443 996 2478 Molibar,
1011 2441 1172 2483 parabam.

896 2493 970 2523 586.
995 2491 1136 2526 Currere,
1154 2487 1243 2531 quasi
1265 2486 1409 2529 praelusio
1428 2496 1514 2527 quae-

854 2542 926 2573 dam
940 2540 1073 2576 volatus,
1089 2539 1184 2569 etiam
1200 2537 1242 2568 xi.
1256 2536 1330 2567 336.
1357 2535 1437 2565 Tum
1453 2534 1512 2564 ini-

855 2591 931 2622 tium
957 2590 1051 2620 verbo
1081 2590 1158 2624 tolli,
1185 2586 1322 2627 denique
1352 2593 1515 2614 successus

856 2640 957 2671 verbis
976 2646 1044 2670 acta
1064 2639 1169 2668 evehor
1189 2633 1381 2676 exprimitur.
1418 2631 1512 2674 Apud

858 2688 968 2730 virgil.
985 2687 1112 2718 AEneid.
1128 2687 1170 2717 xi.
1184 2685 1256 2715 136.
1272 2692 1413 2713 crescens
1437 2681 1514 2711 adeo

856 2739 947 2779 pinus
962 2739 1066 2778 agitur
1081 2738 1119 2766 acl
1132 2737 1241 2765 sidera.

983 2788 1003 2814 S
