1763 3181
353 185 975 229 METAMORPHOSEON
1009 184 1128 225 LIB.
1162 184 1272 225 VII.
1418 185 1503 226 435

118 303 267 351 Nunc
305 303 505 351 sorbere
539 301 736 357 fretum,
775 316 906 348 nunc
941 300 1177 357 reddere3
1238 300 1505 363 cinctaque

316 379 458 427 saevis

119 458 291 521 Scylla
313 473 468 521 rapax
489 455 696 504 canibus
725 454 894 502 Siculo
919 455 1099 502 latrare
1125 454 1403 518 profundo?
1440 457 1503 501 65

118 535 314 599 Nempe
349 542 525 582 tenens
565 533 700 597 quod
736 548 863 588 amo,
902 532 1190 595 gremioque
1226 533 1276 578 in
1314 531 1506 578 Iasonis

316 613 525 667 haerenS‚
1004 661 1007 664 ,
1363 610 1503 671 [bor3

118 690 217 738 Per
239 690 366 739 freta
391 690 540 751 longa
563 687 755 735 trahar:
796 688 917 734 nihil
942 687 1081 733 illum
1115 688 1347 751 amplexa
1368 702 1505 734 vere-

117 767 236 823 Aut,
264 768 305 815 si
331 766 453 830 quid
477 773 712 823 metuam,
739 773 959 813 metuam
984 766 1046 813 de
1072 767 1283 828 conjuge
1313 765 1436 812 solo.

119 844 487 908 Conjugiumne
512 843 688 907 putas?
715 843 1044 906 speciosaque
1069 843 1269 889 nomina
1292 842 1452 906 culpae

118 921 359 985 Imponis,
388 920 588 977 Medea,
616 921 744 968 tuae?
772 921 892 983 quin
918 921 1102 985 aspice,
1130 927 1372 984 quantum
1443 923 1506 966 70

118 998 426 1062 Aggrediare
451 998 618 1057 nefas3
660 1006 726 1055 et,
749 999 869 1045 dum
893 999 1027 1054 licet,
1055 998 1218 1060 effuge
1244 996 1482 1044 crimen.'’

112 1077 290 1126 Dixit:
327 1084 378 1125 et
401 1084 516 1125 ante
536 1077 706 1124 oculos
727 1084 934 1133 rectum,
952 1076 1231 1140 pietasque,
1248 1074 1508 1139 pudorque

121 1153 490 1212 Constiterant3
531 1161 583 1201 et
606 1153 739 1201 victa
762 1154 916 1201 dabat
933 1155 1039 1216 jam
1063 1160 1204 1216 terga
1229 1152 1446 1215 Cupido.

187 1231 302 1279 Ibat
325 1231 388 1278 ad
412 1231 642 1294 antiquas
669 1230 886 1279 Hecates
913 1230 1179 1278 Perseidos
1205 1245 1332 1284 aras,

121 1307 259 1363 Quas
280 1324 455 1356 nemus
471 1308 775 1364 umbrosum,
796 1314 1089 1370 secretaque
1111 1307 1234 1354 silva
1253 1306 1506 1368 tegebant.

118 1460 201 1503 apud
224 1461 314 1503 Virg.
335 1462 411 1494 AEn.
433 1461 488 1493 vii.
512 1461 593 1503 538)
616 1461 778 1505 compara—

116 1515 199 1547 runt,
214 1510 351 1552 Scyllam
367 1518 471 1543 autem
489 1511 589 1553 ipsam
605 1522 676 1542 cum
690 1522 778 1542 mon-

116 1565 179 1590 stro
190 1559 351 1596 horrendo,
364 1561 453 1602 cujus
469 1560 564 1591 facies
574 1561 657 1591 varie
673 1571 691 1591 a
704 1571 778 1602 poe-

117 1608 167 1644 tis,
178 1614 210 1639 et
221 1608 254 1639 in
265 1609 473 1640 monumentis
483 1609 675 1651 exprimitur.
704 1609 780 1639 Vid.

120 1657 258 1699 Brydon.
275 1657 306 1688 d.
319 1658 341 1688 l.
388 1659 507 1689 Cincta.
553 1658 604 1688 Sic
625 1660 780 1688 succincta

119 1708 242 1738 canibus
264 1707 383 1748 Scylla,
408 1707 491 1750 apud
514 1708 637 1738 Lucret.
653 1718 683 1738 v.
699 1708 781 1746 890;

119 1756 190 1787 Tib.
205 1758 236 1788 3.
252 1757 282 1788 4.
295 1757 353 1795 89;
378 1757 466 1798 Virg.
481 1757 550 1788 Ecl.
565 1757 608 1787 vi.
626 1757 677 1788 75.
710 1757 780 1788 Cae-

120 1811 221 1836 terum
250 1805 345 1836 etiam
367 1807 533 1837 Homerus.
559 1805 621 1837 Od.
644 1806 694 1836 M.
720 1806 780 1844 69;

121 1854 276 1895 Orpheus,
296 1853 374 1895 Arg.
390 1865 479 1885 versu
506 1855 608 1893 1247;
630 1854 780 1896 Apollod.

118 1915 150 1946 p.
173 1904 227 1935 65.
252 1903 389 1939 tradunt,
413 1904 612 1945 Argonautas
634 1904 689 1935 illa
712 1905 782 1936 loca

119 1953 309 1994 penetrasse.
345 1952 439 1984 Conf.
455 1953 583 1985 Heroid.
600 1953 655 1984 xii.
675 1955 746 1985 123.

163 2003 215 2033 66.
241 2002 352 2032 Tenere
366 2002 524 2043 eleganter
534 2002 677 2039 dicimur,
690 2013 783 2045 quem

121 2051 211 2082 nobis
225 2051 376 2082 donatum
388 2057 442 2082 aut
453 2057 608 2083 servatum
620 2052 783 2089 habemus,

121 2100 262 2142 adeoque
274 2101 337 2132 sere
349 2101 548 2142 conjungitur
558 2112 629 2133 cum
640 2103 784 2142 amplexi-

120 2151 183 2182 bus.
227 2149 279 2181 Sic
295 2156 325 2181 et
340 2150 420 2182 infra
430 2162 521 2182 versu
538 2152 609 2184 143.
646 2152 728 2183 Vide
744 2152 784 2183 ad

120 2199 204 2230 Plin.
224 2199 284 2230 VI.
307 2200 368 2241 Ep.
389 2199 443 2231 vii.
467 2201 495 2231 l.
543 2202 630 2236 Quod
653 2213 728 2238 amo,
750 2208 785 2232 ut

121 2259 212 2287 versu
227 2249 281 2280 23.
295 2251 371 2289 quod
391 2261 480 2280 ames.
524 2250 642 2292 Longa,
658 2250 781 2292 longin-

122 2308 196 2339 qua,
213 2303 249 2328 ut
270 2298 336 2329 viii.
354 2299 425 2330 142.
474 2299 593 2329 Trahar
615 2310 698 2330 nunc
722 2310 783 2330 non

121 2346 160 2377 de
176 2346 311 2378 violento
326 2354 416 2390 raptu
431 2347 631 2390 capiendum,
648 2348 703 2379 sed
718 2348 782 2379 ele-

120 2403 230 2438 ganter
253 2397 312 2428 hoc
327 2398 457 2429 verbum
480 2397 519 2429 de
538 2398 638 2439 longis
659 2409 714 2441 per
734 2398 780 2429 di-

122 2457 210 2478 versa
223 2448 322 2478 maria
332 2447 491 2478 laboribus
505 2453 682 2489 usurpatur.
716 2448 781 2479 Ho-

120 2495 230 2532 ratius,
248 2497 275 2528 Ι.
291 2497 353 2528 Od.
370 2508 421 2528 xv.
438 2498 452 2527 1
468 2509 476 2535 3
501 2497 607 2528 Valer.
624 2498 713 2529 Flac.
730 2497 782 2529 vii.

121 2545 197 2575 271.
243 2545 319 2577 Vid.
355 2546 566 2577 Burmannus.
615 2547 784 2577 Verebar—

121 2601 252 2626 metuam
262 2606 274 2632 3
297 2606 390 2636 grave
405 2601 452 2627 est
471 2596 580 2627 borum
595 2602 626 2627 et
642 2596 727 2627 verbi
744 2598 783 2626 ti-

121 2654 200 2674 mere
221 2643 399 2681 discrimen,
413 2645 496 2686 quod
521 2655 558 2676 ex
582 2645 784 2688 scriptoribus

122 2691 274 2723 Romanis
288 2693 362 2735 ipsis
372 2699 527 2735 petemus.
561 2694 629 2725 Cic.
666 2695 783 2725 Metue-

123 2741 194 2771 bunt
209 2752 275 2772 eum
291 2744 378 2778 servi,
392 2745 572 2774 verebantur
588 2744 683 2774 liberi.
713 2743 783 2773 Vir-

843 1462 947 1503 gilius,
966 1462 1039 1492 Ῐότα
1052 1467 1131 1492 metu
1146 1461 1304 1500 duplicant
1319 1467 1427 1491 matres
1440 1472 1508 1500 pro-

840 1514 965 1552 piusque
992 1511 1104 1550 periclo
1132 1509 1163 1540 It
1192 1512 1291 1541 timor.
1346 1509 1507 1546 Horatius,

847 1561 1042 1601 Metuensque
1068 1559 1195 1601 futuri.
1244 1561 1349 1597 Quare
1378 1566 1509 1590 metuere

845 1610 884 1641 de
899 1617 983 1641 metu
998 1616 1127 1641 venturo
1142 1615 1173 1640 et
1189 1609 1358 1650 longinquo
1371 1621 1378 1647 3
1406 1611 1510 1640 timere

846 1659 884 1690 de
903 1659 1042 1701 periculo
1062 1659 1128 1701 jam
1150 1659 1310 1700 proximo;
1335 1661 1430 1688 vereri
1453 1669 1509 1689 au-

847 1714 911 1739 tem
940 1709 1062 1750 proprie
1091 1708 1130 1738 de
1160 1707 1266 1738 liberis
1294 1707 1359 1749 qui,
1387 1708 1508 1739 honesti

847 1757 958 1799 gratia,
974 1757 1092 1799 pudore
1107 1762 1279 1788 moventur.

891 1808 945 1838 69.
973 1807 1193 1849 Conjugiumne
1212 1808 1325 1847 putas?
1346 1806 1512 1847 Virgilius,

848 1858 924 1887 AEn.
949 1856 990 1887 iv.
1015 1857 1086 1886 172.
1135 1856 1317 1898 Conjugium
1340 1863 1435 1893 vocat,
1459 1857 1510 1887 hoc

847 1908 981 1945 praeterit
996 1908 1113 1936 ¹nomine
1128 1907 1260 1945 culpam.

893 1956 944 1986 74.
969 1956 1038 1985 Ibat
1052 1957 1091 1986 ad
1107 1957 1255 1995 antiquas,
1273 1955 1351 1995 etc.]
1386 1954 1437 1984 De
1451 1953 1511 1985 bae

849 2005 963 2036 fabulae
990 2011 1078 2047 parte
1108 2004 1212 2035 confer
1236 2004 1438 2046 Apollonium
1467 2003 1514 2034 iii.

850 2055 911 2086 738
939 2066 1008 2096 sqq.
1057 2054 1154 2096 Apud
1184 2055 1322 2096 Orphea,
1347 2055 1409 2084 874
1439 2064 1511 2095 sqq.

848 2103 966 2134 Medea
987 2104 1070 2134 clam
1090 2109 1184 2134 noctu
1200 2103 1286 2134 venit
1304 2102 1343 2133 ad
1361 2103 1511 2134 Jasonem

848 2153 1049 2194 Argoamque
1086 2163 1208 2183 navem.
1255 2152 1392 2188 Hecates,
1423 2152 1512 2194 cujus

849 2202 994 2233 sacerdos
1010 2201 1139 2237 Medea,
1151 2208 1182 2232 et
1193 2212 1262 2243 quae
1275 2208 1406 2242 praeerat
1418 2212 1512 2233 vene-

850 2251 940 2282 ficiis.
986 2251 1137 2293 Apollon.
1168 2250 1212 2281 iii.
1241 2251 1324 2288 500;
1362 2251 1440 2280 AEn.
1470 2250 1512 2282 iv,

850 2302 927 2339 5113
947 2300 1114 2332 Claudiau.
1131 2299 1244 2330 xxxiii.
1260 2300 1310 2331 15.
1344 2300 1513 2336 Perseidos,

851 2350 925 2391 quia
953 2350 1057 2380 Persae
1087 2349 1165 2380 filia.
1212 2349 1378 2385 Hesiodus,
1394 2349 1512 2391 Theog.

851 2401 924 2430 419.
969 2400 1171 2441 Quantopere
1184 2405 1330 2429 venerata
1340 2398 1380 2428 sit
1394 2399 1514 2430 Medea

850 2449 1007 2484 Hecaten,
1027 2448 1096 2479 vide
1116 2447 1200 2490 apud
1214 2447 1406 2490 Euripidem,
1422 2448 1513 2480 Med.

851 2499 913 2528 395
930 2508 998 2538 sqq.
1044 2497 1161 2527 Secreta
1176 2498 1262 2533 silva,
1279 2497 1513 2528 circumlocutio

849 2546 924 2581 luci,
941 2553 972 2577 et
988 2557 1078 2577 versu
1092 2547 1144 2577 95.
1160 2547 1246 2577 lucus
1262 2551 1402 2576 vocatur.
1440 2547 1512 2577 Non

850 2596 944 2636 igitur
962 2602 1038 2631 erat,
1054 2606 1109 2626 cur
1126 2596 1324 2626 Burmannus
1347 2603 1458 2626 secreta
1480 2596 1512 2627 in

849 2651 967 2675 sacrata
981 2645 1093 2675 mutari
1108 2644 1215 2675 vellet.
1262 2645 1329 2675 Hoc
1345 2644 1444 2686 ipsum
1461 2657 1511 2676 ne-

850 2706 916 2725 mus
938 2694 1168 2736 descripserunt
1189 2693 1344 2736 Orpheus,
1360 2696 1423 2726 909
1444 2705 1513 2737 sqq.

853 2744 976 2779 Noster,
993 2743 1123 2774 Heroid.
1139 2742 1191 2774 xii.
1207 2743 1261 2773 67.
