1729 3207
387 196 1005 242 METAMORPHOSEON
1039 195 1158 236 LIB.
1192 196 1256 238 II.
1439 198 1522 239 145

140 315 247 363 Nec
271 315 395 363 falsa
421 315 666 378 Clymene
691 314 893 377 culpam
919 312 1011 358 sub
1037 311 1250 373 imagine
1275 312 1431 369 celat3

136 392 352 455 Pignora
375 393 454 449 da,
481 391 690 455 genitor,
716 407 806 454 per
831 406 947 454 quae
972 395 1058 435 tua
1081 404 1196 436 vera
1220 404 1439 452 propago

137 470 351 528 Credar3
382 477 432 518 et
454 471 586 516 hunc
612 468 788 516 animis
814 482 1032 514 errorem
1058 466 1264 513 detrahe
1289 466 1517 513 nostris.”

137 547 361 594 Dixerat.
421 546 489 593 At
512 547 705 608 genitor
725 544 913 591 circum
934 549 1087 606 caput
1104 558 1250 589 omne
1274 543 1516 590 micantes

137 624 382 687 Deposuit
401 623 579 679 radios,
606 622 914 686 propiusque
941 620 1181 679 accedere
1201 620 1383 682 jussit:
1452 623 1509 667 4l

137 701 488 764 Amplexuque
513 701 647 756 dato,
673 705 703 724 ‘⁶
730 698 839 746 Nec
864 705 919 745 tu
945 714 1086 745 meus
1108 713 1218 744 esse
1238 697 1407 759 negari

138 778 330 840 Dignus
356 794 437 835 es3
467 783 516 825 et
537 777 782 841 Clymene
800 774 992 829 veros‚”
1019 774 1102 830 ait,
1134 779 1164 796 “
1187 774 1343 821 edidit
1362 780 1515 821 ortus.

137 855 351 919 Quoque
387 855 549 902 minus
583 853 799 910 dubites,
827 852 1037 916 quodvis
1077 858 1194 915 pete
1232 868 1428 909 munus,
1464 858 1520 898 ut

333 932 470 987 illud,

138 1008 224 1056 Me
249 1009 516 1064 tribuente,
543 1008 698 1055 feras:
739 1006 994 1071 promissis
1016 1005 1157 1053 testis
1184 1005 1357 1053 adesto
1455 1007 1518 1052 45

140 1086 231 1132 Dis
251 1087 464 1148 juranda
487 1086 644 1149 palus,
672 1084 827 1131 oculis
852 1083 1104 1145 incognita
1128 1081 1357 1128 nostris.''

137 1162 236 1209 Vix
261 1164 388 1210 bene
413 1163 655 1210 desierat:
696 1178 868 1209 currus
895 1166 1034 1222 rogat
1058 1159 1140 1206 ille
1165 1165 1413 1222 paternos,

139 1238 297 1302 Inque
318 1240 449 1287 diem
469 1239 720 1303 alipedum
740 1241 822 1302 jus
842 1246 893 1286 et
917 1238 1235 1285 moderamen
1259 1252 1517 1299 equorum.

139 1316 378 1364 Poenituit
395 1317 594 1380 jurasse
618 1324 826 1380 patrem,
850 1316 935 1381 qui
957 1323 1133 1379 terque
1159 1321 1438 1377 quaterque

182 1477 234 1508 37.
260 1477 350 1507 Falsa
371 1478 424 1507 sub
442 1477 600 1519 imagine]
627 1477 717 1508 Falso
737 1478 795 1508 sub

138 1531 299 1567 praetextu,
316 1525 390 1567 quia
404 1526 493 1557 Deus
506 1531 613 1557 auctor
624 1527 723 1568 culpae
739 1526 793 1557 ho-

140 1575 264 1606 nestior.
299 1575 369 1606 Liv.
392 1576 420 1606 I.
441 1575 504 1606 xiv.
527 1576 640 1616 virgil.
661 1577 736 1607 AEn.
753 1576 795 1607 iv.

143 1626 202 1655 172
215 1638 220 1654 :
247 1626 298 1655 hoc
311 1627 446 1664 praeteffit
461 1627 576 1655 nomine
592 1627 721 1665 culpam.

183 1674 234 1705 39.
260 1674 426 1714 Errorem]
457 1672 610 1709 Dubium,
634 1674 794 1705 incertitu-

140 1722 254 1753 dinem.
296 1722 365 1753 Liv.
390 1722 413 1753 i.
443 1723 506 1753 24:
535 1724 687 1752 nominum
712 1734 796 1753 error·

139 1778 249 1802 manet.
295 1772 440 1807 Detrahe,
461 1771 573 1802 exime.
617 1771 685 1802 Cic.
704 1771 795 1802 Tusc.

139 1821 180 1852 iv.
196 1822 231 1851 11
249 1833 255 1851 z
274 1822 332 1851 haec
346 1822 530 1852 detrahenda
542 1822 638 1861 opinio
654 1828 704 1851 est.
720 1821 794 1851 Plu-

140 1869 213 1901 ralis
233 1872 328 1901 animi
356 1871 394 1901 de
418 1881 500 1901 uno:
526 1870 598 1901 vide
621 1870 730 1900 Burm.
756 1870 795 1900 ad

142 1919 265 1950 Phaedr.
280 1920 327 1950 ΙΙ.
342 1919 374 1950 11.
388 1921 418 1950 5.

185 1968 239 1998 40.
266 1969 307 1998 At
329 1968 476 2010 gemitui-,J
513 1967 626 1998 Statim
649 1973 796 2009 paternus

143 2017 264 2048 animus
278 2028 310 2048 se
326 2017 437 2059 prodit.
485 2017 583 2057 Caput
600 2017 678 2047 illud
693 2019 794 2047 radia-

143 2073 206 2096 tum
231 2066 264 2096 in
286 2066 392 2097 multis
412 2066 618 2097 monumentis
645 2066 797 2108 conspici-

142 2121 200 2146 tur.
233 2115 362 2146 Constat
372 2120 477 2146 autem
492 2125 530 2146 ea
543 2125 658 2146 corona
670 2115 798 2156 spiculis

143 2163 339 2205 quibusdam,
353 2164 536 2206 plerumque
557 2164 720 2194 duodecim
743 2175 798 2205 pro

143 2224 269 2244 numero
292 2213 452 2244 mensium.
490 2213 580 2254 Virg.
598 2212 728 2243 AEneid.
744 2213 798 2244 xii.

147 2263 229 2293 162:
256 2263 359 2293 Turno
390 2269 517 2302 tempora
545 2264 660 2292 circam
685 2262 798 2292 Aurati

145 2313 185 2341 bis
207 2322 254 2341 sex
276 2312 357 2341 radii
371 2310 535 2352 fulgentia
556 2312 695 2352 cingunt,
725 2310 799 2340 Solis

144 2363 193 2391 avi
208 2363 359 2400 specimen.
392 2360 464 2390 Istis
479 2360 572 2399 radiis
586 2360 727 2391 Phoebus
738 2359 797 2390 dif-

146 2409 247 2440 fundit
260 2410 365 2440 lumen
377 2421 385 2448 3
401 2409 524 2441 eosdem
536 2409 639 2450 igitur,
650 2419 714 2439 ver.
727 2410 797 2440 124.

144 2458 208 2490 filio
220 2459 361 2500 imponit.

189 2509 242 2539 41.
271 2509 356 2539 Veros
380 2509 474 2538 edidit
495 2514 588 2543 ortus,
612 2517 716 2537 veram
743 2507 798 2538 tibi

146 2557 297 2589 indicavit
310 2557 471 2599 originem.
510 2557 607 2588 Edere
621 2557 736 2598 passim
750 2556 798 2587 in-

146 2607 260 2642 dicare,
284 2607 429 2648 profiteri,
450 2612 484 2637 ut
509 2606 552 2638 iii.
566 2607 640 2638 580.
661 2611 693 2636 et
715 2616 797 2648 saepe

148 2655 231 2696 apud
245 2655 367 2686 Livium
383 2667 400 2685 v
414 2667 423 2694 3
446 2655 563 2687 Stroth.
579 2655 617 2686 ad
633 2654 655 2684 i.
673 2655 725 2684 46.

191 2704 242 2734 46.
268 2705 324 2734 Dis
337 2705 507 2745 juranda]
539 2705 599 2735 Per
623 2714 718 2745 quam
744 2703 798 2733 Dii

143 2753 245 2793 jurare
260 2754 369 2784 solent.
402 2753 506 2784 Etiam
512 2756 626 2793 jurare
645 2753 796 2792 paludem,

863 1475 974 1506 omisso
995 1475 1042 1517 τῷ
1065 1486 1129 1514 per,
1147 1473 1295 1504 Latinum
1319 1479 1377 1509 est,
1392 1478 1427 1504 ut
1449 1484 1521 1505 mox

863 1536 927 1556 ver.
947 1526 1001 1555 101
1022 1538 1027 1554 :
1054 1524 1118 1555 vid.
1142 1523 1303 1554 Drakenb.
1324 1523 1363 1553 ad
1386 1523 1442 1554 Sil.
1456 1523 1523 1555 viii.

866 1576 938 1605 105.
975 1574 1053 1604 Tam
1075 1579 1190 1603 temere
1212 1572 1308 1604 etiam
1328 1572 1462 1614 Jupiter,
1477 1573 1523 1604 iii.

863 1625 936 1655 290.
958 1624 1052 1665 jurat.
1093 1624 1196 1653 Oculis
1224 1624 1379 1663 incognita
1405 1625 1523 1654 nostris.

863 1673 1005 1704 Plutonis
1040 1682 1151 1714 nempe
1185 1682 1314 1713 regnum
1350 1672 1522 1702 tenebrico<

863 1734 942 1755 sum.

907 1773 959 1803 47.
995 1772 1048 1801 Vir
1078 1770 1175 1810 bene]
1210 1770 1302 1800 Hanc
1331 1768 1520 1800 locutionem

862 1827 946 1851 amat
976 1821 1099 1851 Noster.
1146 1819 1195 1850 Cf.
1215 1818 1259 1849 iii.
1287 1819 1345 1856 14;
1370 1818 1521 1849 Heroidd.

863 1870 903 1901 vi.
919 1871 961 1900 24
980 1882 987 1908 ;
1011 1870 1070 1900 VI.
1095 1869 1180 1899 Fast.
1201 1869 1277 1899 513.
1324 1868 1406 1897 Bene
1429 1873 1523 1907 auget

862 1919 1020 1950 notionem
1037 1919 1092 1950 τοῦ
1107 1921 1166 1948 vim.
1211 1917 1273 1947 Hic
1290 1927 1414 1959 quoque
1435 1922 1523 1947 nota-

863 1974 912 2000 tur
937 1968 1090 2000 fervidum
1119 1966 1324 1997 Phaethontis
1349 1966 1523 2007 ingenium.

863 2020 1012 2058 Alipffles,
1026 2017 1158 2053 veloces,
1175 2014 1381 2057 πτερόποδες,
1397 2015 1524 2046 ὠκύπο-

864 2067 913 2104 δες
929 2080 934 2097 ;
952 2067 1035 2108 apud
1051 2066 1192 2108 Euripid.
1212 2065 1399 2095 Phaethont.
1414 2065 1524 2105 fragm.

863 2128 897 2159 p.
924 2118 998 2147 463.
1026 2121 1103 2146 tom.
1132 2115 1164 2145 ii.
1193 2114 1268 2145 edit.
1296 2114 1384 2155 Lips.
1415 2124 1522 2144 currus

865 2166 943 2198 adeo
962 2166 1042 2196 Solis
1063 2164 1243 2206 πτερόφορα
1268 2163 1441 2204 ὀχήματατ
1459 2163 1523 2194 vid.

864 2215 974 2245 Morus
996 2214 1036 2245 ad
1056 2212 1187 2254 Longin.
1202 2224 1254 2243 xv.
1298 2212 1366 2247 Jzts,
1388 2217 1525 2253 potestas

865 2264 896 2294 in
916 2274 980 2294 rem
997 2263 1146 2304 aliquam.
1183 2262 1300 2292 Votum
1318 2266 1421 2290 autem
1443 2260 1523 2291 illud

866 2323 927 2342 non
938 2312 1081 2343 abhorret
1092 2321 1110 2340 a
1119 2309 1247 2340 levitate
1256 2308 1400 2351 juvenili.
1426 2309 1523 2349 Equos

866 2361 980 2392 solares
1002 2370 1162 2402 expressos
1178 2358 1265 2389 vides
1284 2357 1410 2389 artificis
1429 2368 1522 2389 manu

865 2410 897 2440 in
910 2409 1046 2452 Lipperti
1074 2408 1204 2450 Dactyl.
1229 2408 1249 2439 i.
1276 2409 1345 2438 191.
1372 2409 1433 2438 738
1453 2418 1523 2449 sqq.

866 2460 1024 2491 Caeterum
1057 2468 1180 2488 currum
1208 2458 1339 2489 solarem
1366 2457 1398 2486 in
1426 2467 1522 2487 unum

865 2508 948 2539 diem
969 2507 1027 2539 sibi
1048 2507 1166 2549 expetit
1183 2508 1277 2538 etiam
1298 2506 1417 2537 Medea
1439 2506 1522 2548 apud

865 2558 976 2587 Senec.
993 2556 1081 2586 Med.
1096 2557 1137 2586 32
1153 2566 1223 2597 sqq.

908 2607 959 2636 49.
991 2606 1139 2636 Pffnituit
1157 2604 1308 2645 jurasse]
1338 2603 1433 2644 Apud
1457 2604 1519 2634 Lu-

865 2656 947 2686 cian.
961 2654 1047 2686 Dial.
1061 2655 1157 2685 Deor.
1169 2654 1328 2685 Phaethon
1345 2653 1403 2682 hoc
1418 2652 1521 2683 mode-

866 2715 970 2734 ramen
989 2703 1052 2734 suis
1071 2709 1102 2733 et
1118 2703 1286 2744 Clymenes
1306 2701 1449 2743 precibus
1465 2701 1521 2731 im-

866 2758 976 2794 petrat.
