<?xml version="1.0" encoding="UTF-8"?>
<!DOCTYPE html PUBLIC "-//W3C//DTD XHTML 1.0 Transitional//EN"
    "http://www.w3.org/TR/xhtml1/DTD/xhtml1-transitional.dtd">
<html xmlns="http://www.w3.org/1999/xhtml" xml:lang="en" lang="en">
 <head>
  <title>
</title>
<meta http-equiv="Content-Type" content="text/html;charset=utf-8" />
  <meta name='ocr-system' content='tesseract 3.04.00' />
  <meta name='ocr-capabilities' content='ocr_page ocr_carea ocr_par ocr_line ocrx_word'/>
</head>
<body>
  <div class='ocr_page' id='page_1' title='image "./povidiinasonisop03oviduoft_0461.png"; bbox 0 0 1763 3181; ppageno 0'>
   <div class='ocr_carea' id='block_1_1' title="bbox 388 173 1301 219">
    <p class='ocr_par' dir='ltr' id='par_1_1' title="bbox 388 173 1301 219">
     <span class='ocr_line' id='line_1_1' title="bbox 388 173 1301 219; baseline 0.003 -3"><span class='ocrx_word' id='word_1_1' title='bbox 388 173 1005 217; x_wconf 89' lang='lat' dir='ltr'><strong>METAMORPHOSEON</strong></span> <span class='ocrx_word' id='word_1_2' title='bbox 1039 176 1158 219; x_wconf 85' lang='lat' dir='ltr'>LIB.</span> <span class='ocrx_word' id='word_1_3' title='bbox 1190 176 1301 219; x_wconf 87' lang='lat' dir='ltr'>VII.</span> 
     </span>
    </p>
   </div>
   <div class='ocr_carea' id='block_1_2' title="bbox 1436 180 1518 221">
    <p class='ocr_par' dir='ltr' id='par_1_2' title="bbox 1436 180 1518 221">
     <span class='ocr_line' id='line_1_2' title="bbox 1436 180 1518 221; baseline 0 0"><span class='ocrx_word' id='word_1_4' title='bbox 1436 180 1518 221; x_wconf 87' lang='grc'>451</span> 
     </span>
    </p>
   </div>
   <div class='ocr_carea' id='block_1_3' title="bbox 143 288 1423 509">
    <p class='ocr_par' dir='ltr' id='par_1_3' title="bbox 143 288 1423 509">
     <span class='ocr_line' id='line_1_3' title="bbox 145 288 1387 353; baseline 0.004 -18"><span class='ocrx_word' id='word_1_5' title='bbox 145 288 327 337; x_wconf 89' lang='lat' dir='ltr'>Omnia</span> <span class='ocrx_word' id='word_1_6' title='bbox 349 288 622 346; x_wconf 88' lang='lat' dir='ltr'>confundit,</span> <span class='ocrx_word' id='word_1_7' title='bbox 649 289 957 353; x_wconf 82' lang='lat' dir='ltr'><strong>summisque</strong></span> <span class='ocrx_word' id='word_1_8' title='bbox 981 290 1250 339; x_wconf 84' lang='lat' dir='ltr'>immiscuit</span> <span class='ocrx_word' id='word_1_9' title='bbox 1273 292 1387 341; x_wconf 90' lang='lat' dir='ltr'>ima.</span> 
     </span>
     <span class='ocr_line' id='line_1_4' title="bbox 143 365 1256 432; baseline 0.003 -19"><span class='ocrx_word' id='word_1_10' title='bbox 143 365 277 414; x_wconf 90' lang='lat' dir='ltr'>Ecce</span> <span class='ocrx_word' id='word_1_11' title='bbox 299 373 442 414; x_wconf 88' lang='lat' dir='ltr'>vetus</span> <span class='ocrx_word' id='word_1_12' title='bbox 467 367 629 414; x_wconf 89' lang='lat' dir='ltr'>calido</span> <span class='ocrx_word' id='word_1_13' title='bbox 652 374 874 415; x_wconf 87' lang='lat' dir='ltr'>versatus</span> <span class='ocrx_word' id='word_1_14' title='bbox 900 368 1055 432; x_wconf 88' lang='lat' dir='ltr'>stipes</span> <span class='ocrx_word' id='word_1_15' title='bbox 1081 368 1256 425; x_wconf 89' lang='lat' dir='ltr'>aheno,</span> 
     </span>
     <span class='ocr_line' id='line_1_5' title="bbox 143 442 1423 509; baseline 0.003 -19"><span class='ocrx_word' id='word_1_16' title='bbox 143 442 222 491; x_wconf 88' lang='lat' dir='ltr'>Fit</span> <span class='ocrx_word' id='word_1_17' title='bbox 244 444 411 491; x_wconf 89' lang='lat' dir='ltr'>viridis</span> <span class='ocrx_word' id='word_1_18' title='bbox 436 444 622 508; x_wconf 84' lang='lat' dir='ltr'>prim03</span> <span class='ocrx_word' id='word_1_19' title='bbox 663 460 755 492; x_wconf 91' lang='lat' dir='ltr'>nec</span> <span class='ocrx_word' id='word_1_20' title='bbox 779 444 927 507; x_wconf 84' lang='lat' dir='ltr'>longo</span> <span class='ocrx_word' id='word_1_21' title='bbox 950 451 1175 509; x_wconf 87' lang='lat' dir='ltr'>tempore</span> <span class='ocrx_word' id='word_1_22' title='bbox 1198 444 1423 494; x_wconf 89' lang='lat' dir='ltr'>frondem</span> 
     </span>
    </p>
   </div>
   <div class='ocr_carea' id='block_1_4' title="bbox 142 519 1296 586">
    <p class='ocr_par' dir='ltr' id='par_1_4' title="bbox 142 519 1296 586">
     <span class='ocr_line' id='line_1_6' title="bbox 142 519 1296 586; baseline 0.003 -19"><span class='ocrx_word' id='word_1_23' title='bbox 142 519 340 580; x_wconf 83' lang='lat' dir='ltr'>Induit3</span> <span class='ocrx_word' id='word_1_24' title='bbox 383 528 434 569; x_wconf 89' lang='lat' dir='ltr'>et</span> <span class='ocrx_word' id='word_1_25' title='bbox 458 522 622 570; x_wconf 89' lang='lat' dir='ltr'>subito</span> <span class='ocrx_word' id='word_1_26' title='bbox 648 521 860 586; x_wconf 83' lang='lat' dir='ltr'>gravidis</span> <span class='ocrx_word' id='word_1_27' title='bbox 885 529 1116 570; x_wconf 90' lang='lat' dir='ltr'>oneratur</span> <span class='ocrx_word' id='word_1_28' title='bbox 1139 522 1296 570; x_wconf 89' lang='lat' dir='ltr'>olivis.</span> 
     </span>
    </p>
   </div>
   <div class='ocr_carea' id='block_1_5' title="bbox 1425 527 1515 571">
    <p class='ocr_par' dir='ltr' id='par_1_5' title="bbox 1425 527 1515 571">
     <span class='ocr_line' id='line_1_7' title="bbox 1425 527 1515 571; baseline 0.011 -1"><span class='ocrx_word' id='word_1_29' title='bbox 1425 527 1515 571; x_wconf 81' lang='lat'>281</span> 
     </span>
    </p>
   </div>
   <div class='ocr_carea' id='block_1_6' title="bbox 140 596 1523 818">
    <p class='ocr_par' dir='ltr' id='par_1_6' title="bbox 140 596 1523 818">
     <span class='ocr_line' id='line_1_8' title="bbox 140 596 1258 665; baseline 0.003 -21"><span class='ocrx_word' id='word_1_30' title='bbox 140 596 210 644; x_wconf 89' lang='lat' dir='ltr'>At</span> <span class='ocrx_word' id='word_1_31' title='bbox 234 613 534 662; x_wconf 88' lang='lat' dir='ltr'>quacunque</span> <span class='ocrx_word' id='word_1_32' title='bbox 558 614 677 646; x_wconf 89' lang='lat' dir='ltr'>cavo</span> <span class='ocrx_word' id='word_1_33' title='bbox 702 614 902 663; x_wconf 83' lang='lat' dir='ltr'>spumas</span> <span class='ocrx_word' id='word_1_34' title='bbox 928 599 1075 665; x_wconf 81' lang='lat' dir='ltr'>ejecit</span> <span class='ocrx_word' id='word_1_35' title='bbox 1098 599 1258 647; x_wconf 91' lang='lat' dir='ltr'>aheno</span> 
     </span>
     <span class='ocr_line' id='line_1_9' title="bbox 142 674 1521 739; baseline 0.003 -18"><span class='ocrx_word' id='word_1_36' title='bbox 142 674 296 737; x_wconf 83' lang='lat' dir='ltr'>Ignis,</span> <span class='ocrx_word' id='word_1_37' title='bbox 319 682 369 723; x_wconf 90' lang='lat' dir='ltr'>et</span> <span class='ocrx_word' id='word_1_38' title='bbox 387 675 437 722; x_wconf 92' lang='lat' dir='ltr'>in</span> <span class='ocrx_word' id='word_1_39' title='bbox 456 681 639 723; x_wconf 88' lang='lat' dir='ltr'>terram</span> <span class='ocrx_word' id='word_1_40' title='bbox 658 683 812 738; x_wconf 84' lang='lat' dir='ltr'>guttae</span> <span class='ocrx_word' id='word_1_41' title='bbox 833 676 1059 724; x_wconf 82' lang='lat' dir='ltr'>cecidere</span> <span class='ocrx_word' id='word_1_42' title='bbox 1077 678 1294 725; x_wconf 87' lang='lat' dir='ltr'>calentes</span> <span class='ocrx_word' id='word_1_43' title='bbox 1312 695 1323 735; x_wconf 92' lang='lat'>;</span> <span class='ocrx_word' id='word_1_44' title='bbox 1361 678 1521 739; x_wconf 84' lang='lat' dir='ltr'>[gunt.</span> 
     </span>
     <span class='ocr_line' id='line_1_10' title="bbox 140 750 1523 818; baseline 0.002 -21"><span class='ocrx_word' id='word_1_45' title='bbox 140 750 328 799; x_wconf 90' lang='lat' dir='ltr'>Vernat</span> <span class='ocrx_word' id='word_1_46' title='bbox 362 752 571 802; x_wconf 88' lang='lat' dir='ltr'>humus:</span> <span class='ocrx_word' id='word_1_47' title='bbox 610 753 875 816; x_wconf 88' lang='lat' dir='ltr'>floresque,</span> <span class='ocrx_word' id='word_1_48' title='bbox 909 760 959 801; x_wconf 90' lang='lat' dir='ltr'>et</span> <span class='ocrx_word' id='word_1_49' title='bbox 994 754 1163 801; x_wconf 89' lang='lat' dir='ltr'>mollia</span> <span class='ocrx_word' id='word_1_50' title='bbox 1198 754 1382 818; x_wconf 86' lang='lat' dir='ltr'>pabula</span> <span class='ocrx_word' id='word_1_51' title='bbox 1418 770 1523 801; x_wconf 91' lang='lat' dir='ltr'>sur-</span> 
     </span>
    </p>
   </div>
   <div class='ocr_carea' id='block_1_7' title="bbox 143 827 1352 886">
    <p class='ocr_par' dir='ltr' id='par_1_7' title="bbox 143 827 1352 886">
     <span class='ocr_line' id='line_1_11' title="bbox 143 827 1352 886; baseline 0.002 -11"><span class='ocrx_word' id='word_1_52' title='bbox 143 827 290 883; x_wconf 83' lang='lat' dir='ltr'>Quod</span> <span class='ocrx_word' id='word_1_53' title='bbox 315 829 461 877; x_wconf 91' lang='lat' dir='ltr'>simul</span> <span class='ocrx_word' id='word_1_54' title='bbox 488 845 545 877; x_wconf 91' lang='lat' dir='ltr'>ac</span> <span class='ocrx_word' id='word_1_55' title='bbox 569 829 707 886; x_wconf 87' lang='lat' dir='ltr'>vidit,</span> <span class='ocrx_word' id='word_1_56' title='bbox 735 830 908 877; x_wconf 85' lang='lat' dir='ltr'>stricto</span> <span class='ocrx_word' id='word_1_57' title='bbox 934 829 1118 878; x_wconf 82' lang='lat' dir='ltr'>Medea</span> <span class='ocrx_word' id='word_1_58' title='bbox 1141 831 1352 879; x_wconf 84' lang='lat' dir='ltr'>recludit</span> 
     </span>
    </p>
   </div>
   <div class='ocr_carea' id='block_1_8' title="bbox 1425 833 1522 879">
    <p class='ocr_par' dir='ltr' id='par_1_8' title="bbox 1425 833 1522 879">
     <span class='ocr_line' id='line_1_12' title="bbox 1425 833 1522 879; baseline 0.021 -2"><span class='ocrx_word' id='word_1_59' title='bbox 1425 833 1522 879; x_wconf 79' lang='lat'>285</span> 
     </span>
    </p>
   </div>
   <div class='ocr_carea' id='block_1_9' title="bbox 141 904 1527 1054">
    <p class='ocr_par' dir='ltr' id='par_1_9' title="bbox 141 904 1527 1054">
     <span class='ocr_line' id='line_1_13' title="bbox 142 904 1480 971; baseline 0.001 -18"><span class='ocrx_word' id='word_1_60' title='bbox 142 904 278 954; x_wconf 88' lang='lat' dir='ltr'>Ense</span> <span class='ocrx_word' id='word_1_61' title='bbox 301 907 434 954; x_wconf 89' lang='lat' dir='ltr'>senis</span> <span class='ocrx_word' id='word_1_62' title='bbox 453 907 711 970; x_wconf 81' lang='lat' dir='ltr'>jugulum3</span> <span class='ocrx_word' id='word_1_63' title='bbox 750 913 1069 971; x_wconf 88' lang='lat' dir='ltr'>veteremque</span> <span class='ocrx_word' id='word_1_64' title='bbox 1095 908 1230 956; x_wconf 87' lang='lat' dir='ltr'>exire</span> <span class='ocrx_word' id='word_1_65' title='bbox 1255 924 1480 956; x_wconf 91' lang='lat' dir='ltr'>cruorem</span> 
     </span>
     <span class='ocr_line' id='line_1_14' title="bbox 141 982 1527 1054; baseline 0.001 -24"><span class='ocrx_word' id='word_1_66' title='bbox 141 982 317 1041; x_wconf 83' lang='lat' dir='ltr'>Passa,</span> <span class='ocrx_word' id='word_1_67' title='bbox 359 985 519 1048; x_wconf 87' lang='lat' dir='ltr'>replet</span> <span class='ocrx_word' id='word_1_68' title='bbox 560 984 750 1033; x_wconf 89' lang='lat' dir='ltr'>succis:</span> <span class='ocrx_word' id='word_1_69' title='bbox 811 1001 937 1048; x_wconf 90' lang='lat' dir='ltr'>quos</span> <span class='ocrx_word' id='word_1_70' title='bbox 983 992 1251 1049; x_wconf 80' lang='lat' dir='ltr'>postquam</span> <span class='ocrx_word' id='word_1_71' title='bbox 1287 985 1527 1054; x_wconf 87' lang='lat' dir='ltr'>combibit</span> 
     </span>
    </p>
   </div>
   <div class='ocr_carea' id='block_1_10' title="bbox 340 1062 510 1119">
    <p class='ocr_par' dir='ltr' id='par_1_10' title="bbox 340 1062 510 1119">
     <span class='ocr_line' id='line_1_15' title="bbox 340 1062 510 1119; baseline 0 -10"><span class='ocrx_word' id='word_1_72' title='bbox 340 1062 510 1119; x_wconf 90' lang='lat' dir='ltr'>AEson,</span> 
     </span>
    </p>
   </div>
   <div class='ocr_carea' id='block_1_11' title="bbox 141 1137 1491 1360">
    <p class='ocr_par' dir='ltr' id='par_1_11' title="bbox 141 1137 1491 1360">
     <span class='ocr_line' id='line_1_16' title="bbox 141 1137 1478 1203; baseline 0.001 -17"><span class='ocrx_word' id='word_1_73' title='bbox 141 1137 244 1186; x_wconf 91' lang='lat' dir='ltr'>Aut</span> <span class='ocrx_word' id='word_1_74' title='bbox 265 1155 349 1187; x_wconf 88' lang='lat' dir='ltr'>ore</span> <span class='ocrx_word' id='word_1_75' title='bbox 374 1145 622 1203; x_wconf 81' lang='lat' dir='ltr'>acceptOS,</span> <span class='ocrx_word' id='word_1_76' title='bbox 648 1146 734 1187; x_wconf 88' lang='lat' dir='ltr'>aut</span> <span class='ocrx_word' id='word_1_77' title='bbox 754 1139 986 1197; x_wconf 83' lang='lat' dir='ltr'>vulnere3</span> <span class='ocrx_word' id='word_1_78' title='bbox 1024 1140 1195 1197; x_wconf 86' lang='lat' dir='ltr'>barba,</span> <span class='ocrx_word' id='word_1_79' title='bbox 1221 1156 1478 1203; x_wconf 85' lang='lat' dir='ltr'>comaeque</span> 
     </span>
     <span class='ocr_line' id='line_1_17' title="bbox 143 1214 1244 1281; baseline 0.004 -19"><span class='ocrx_word' id='word_1_80' title='bbox 143 1214 338 1264; x_wconf 89' lang='lat' dir='ltr'>Canitie</span> <span class='ocrx_word' id='word_1_81' title='bbox 362 1217 526 1280; x_wconf 90' lang='lat' dir='ltr'>posita</span> <span class='ocrx_word' id='word_1_82' title='bbox 549 1217 744 1279; x_wconf 83' lang='lat' dir='ltr'>nigrum</span> <span class='ocrx_word' id='word_1_83' title='bbox 768 1233 974 1281; x_wconf 88' lang='lat' dir='ltr'>rapuere</span> <span class='ocrx_word' id='word_1_84' title='bbox 999 1218 1244 1267; x_wconf 87' lang='lat' dir='ltr'>colorem:</span> 
     </span>
     <span class='ocr_line' id='line_1_18' title="bbox 141 1291 1491 1360; baseline 0.001 -21"><span class='ocrx_word' id='word_1_85' title='bbox 141 1291 298 1341; x_wconf 90' lang='lat' dir='ltr'>Pulsa</span> <span class='ocrx_word' id='word_1_86' title='bbox 320 1293 449 1357; x_wconf 85' lang='lat' dir='ltr'>fugit</span> <span class='ocrx_word' id='word_1_87' title='bbox 471 1294 683 1343; x_wconf 91' lang='lat' dir='ltr'>macies:</span> <span class='ocrx_word' id='word_1_88' title='bbox 724 1295 911 1343; x_wconf 90' lang='lat' dir='ltr'>abeunt</span> <span class='ocrx_word' id='word_1_89' title='bbox 933 1296 1208 1360; x_wconf 89' lang='lat' dir='ltr'>pallorque,</span> <span class='ocrx_word' id='word_1_90' title='bbox 1237 1295 1491 1358; x_wconf 85' lang='lat' dir='ltr'>situsque3</span> 
     </span>
    </p>
   </div>
   <div class='ocr_carea' id='block_1_12' title="bbox 139 1453 805 2778">
    <p class='ocr_par' dir='ltr' id='par_1_12' title="bbox 139 1453 801 1743">
     <span class='ocr_line' id='line_1_19' title="bbox 140 1453 799 1497; baseline 0.003 -13"><span class='ocrx_word' id='word_1_91' title='bbox 140 1463 212 1485; x_wconf 83' lang='lat' dir='ltr'>vero</span> <span class='ocrx_word' id='word_1_92' title='bbox 233 1453 318 1485; x_wconf 81' lang='lat' dir='ltr'>notio</span> <span class='ocrx_word' id='word_1_93' title='bbox 333 1464 402 1486; x_wconf 86' lang='lat' dir='ltr'>voc.</span> <span class='ocrx_word' id='word_1_94' title='bbox 415 1456 498 1486; x_wconf 82' lang='lat' dir='ltr'>mitis</span> <span class='ocrx_word' id='word_1_95' title='bbox 511 1465 573 1496; x_wconf 94' lang='lat' dir='ltr'>quo</span> <span class='ocrx_word' id='word_1_96' title='bbox 591 1455 661 1497; x_wconf 88' lang='lat' dir='ltr'>jure</span> <span class='ocrx_word' id='word_1_97' title='bbox 683 1455 799 1486; x_wconf 83' lang='lat' dir='ltr'>insera-</span> 
     </span>
     <span class='ocr_line' id='line_1_20' title="bbox 141 1503 801 1544; baseline 0.005 -11"><span class='ocrx_word' id='word_1_98' title='bbox 141 1508 202 1540; x_wconf 90' lang='lat' dir='ltr'>tur,</span> <span class='ocrx_word' id='word_1_99' title='bbox 217 1514 279 1534; x_wconf 92' lang='lat' dir='ltr'>non</span> <span class='ocrx_word' id='word_1_100' title='bbox 294 1503 397 1535; x_wconf 89' lang='lat' dir='ltr'>video.</span> <span class='ocrx_word' id='word_1_101' title='bbox 442 1504 529 1535; x_wconf 91' lang='lat' dir='ltr'>Num</span> <span class='ocrx_word' id='word_1_102' title='bbox 552 1504 686 1536; x_wconf 90' lang='lat' dir='ltr'>Ovidius</span> <span class='ocrx_word' id='word_1_103' title='bbox 701 1507 801 1544; x_wconf 60' lang='lat' dir='ltr'>putris</span> 
     </span>
     <span class='ocr_line' id='line_1_21' title="bbox 140 1551 800 1594; baseline 0.002 -10"><span class='ocrx_word' id='word_1_104' title='bbox 140 1551 285 1594; x_wconf 64' lang='lat' dir='ltr'>scripsit?</span> <span class='ocrx_word' id='word_1_105' title='bbox 312 1553 396 1584; x_wconf 85' lang='lat' dir='ltr'>Rode</span> <span class='ocrx_word' id='word_1_106' title='bbox 407 1553 510 1584; x_wconf 89' lang='lat' dir='ltr'>omisit</span> <span class='ocrx_word' id='word_1_107' title='bbox 521 1553 712 1585; x_wconf 90' lang='lat' dir='ltr'>inversione.</span> <span class='ocrx_word' id='word_1_108' title='bbox 738 1554 800 1585; x_wconf 84' lang='lat' dir='ltr'>Im-</span> 
     </span>
     <span class='ocr_line' id='line_1_22' title="bbox 141 1601 801 1644; baseline 0.003 -12"><span class='ocrx_word' id='word_1_109' title='bbox 141 1603 261 1632; x_wconf 81' lang='lat' dir='ltr'>miscuit</span> <span class='ocrx_word' id='word_1_110' title='bbox 269 1613 280 1639; x_wconf 91' lang='lat'>,·</span> <span class='ocrx_word' id='word_1_111' title='bbox 305 1601 509 1639; x_wconf 90' lang='lat' dir='ltr'>Genevensis‚</span> <span class='ocrx_word' id='word_1_112' title='bbox 529 1605 690 1639; x_wconf 81' lang='lat' dir='ltr'>remiscuit,</span> <span class='ocrx_word' id='word_1_113' title='bbox 717 1603 801 1644; x_wconf 86' lang='lat' dir='ltr'>quod</span> 
     </span>
     <span class='ocr_line' id='line_1_23' title="bbox 141 1650 800 1694; baseline 0.002 -13"><span class='ocrx_word' id='word_1_114' title='bbox 141 1650 246 1692; x_wconf 88' lang='lat' dir='ltr'>placet</span> <span class='ocrx_word' id='word_1_115' title='bbox 267 1651 459 1687; x_wconf 87' lang='lat' dir='ltr'>Burmanno,</span> <span class='ocrx_word' id='word_1_116' title='bbox 477 1656 512 1682; x_wconf 92' lang='lat' dir='ltr'>ut</span> <span class='ocrx_word' id='word_1_117' title='bbox 526 1651 610 1694; x_wconf 89' lang='lat' dir='ltr'>apud</span> <span class='ocrx_word' id='word_1_118' title='bbox 625 1651 800 1689; x_wconf 86' lang='lat' dir='ltr'>Horatium,</span> 
     </span>
     <span class='ocr_line' id='line_1_24' title="bbox 139 1699 750 1743; baseline 0.003 -12"><span class='ocrx_word' id='word_1_119' title='bbox 139 1699 213 1731; x_wconf 85' lang='lat' dir='ltr'>Art.</span> <span class='ocrx_word' id='word_1_120' title='bbox 229 1701 321 1732; x_wconf 87' lang='lat' dir='ltr'>Poet.</span> <span class='ocrx_word' id='word_1_121' title='bbox 337 1701 407 1732; x_wconf 88' lang='lat'>151.</span> <span class='ocrx_word' id='word_1_122' title='bbox 422 1703 500 1732; x_wconf 77' lang='lat' dir='ltr'>veris</span> <span class='ocrx_word' id='word_1_123' title='bbox 503 1702 592 1743; x_wconf 85' lang='lat' dir='ltr'>falsa</span> <span class='ocrx_word' id='word_1_124' title='bbox 607 1704 750 1733; x_wconf 78' lang='lat' dir='ltr'>remiscet.</span> 
     </span>
    </p>

    <p class='ocr_par' dir='ltr' id='par_1_13' title="bbox 142 1749 805 2235">
     <span class='ocr_line' id='line_1_25' title="bbox 183 1749 800 1792; baseline 0.002 -11"><span class='ocrx_word' id='word_1_125' title='bbox 183 1751 260 1782; x_wconf 83' lang='lat'>281.</span> <span class='ocrx_word' id='word_1_126' title='bbox 299 1749 433 1792; x_wconf 60' lang='lat' dir='ltr'>luduin]</span> <span class='ocrx_word' id='word_1_127' title='bbox 488 1750 688 1788; x_wconf 85' lang='lat' dir='ltr'>Basileensis,</span> <span class='ocrx_word' id='word_1_128' title='bbox 716 1754 800 1783; x_wconf 82' lang='lat' dir='ltr'>inve-</span> 
     </span>
     <span class='ocr_line' id='line_1_26' title="bbox 143 1799 802 1841; baseline 0.002 -11"><span class='ocrx_word' id='word_1_129' title='bbox 143 1800 203 1835; x_wconf 80' lang='lat' dir='ltr'>nit,</span> <span class='ocrx_word' id='word_1_130' title='bbox 231 1799 315 1841; x_wconf 91' lang='lat' dir='ltr'>quod</span> <span class='ocrx_word' id='word_1_131' title='bbox 347 1810 408 1830; x_wconf 91' lang='lat' dir='ltr'>non</span> <span class='ocrx_word' id='word_1_132' title='bbox 437 1799 566 1831; x_wconf 83' lang='lat' dir='ltr'>damnat</span> <span class='ocrx_word' id='word_1_133' title='bbox 591 1801 802 1838; x_wconf 87' lang='lat' dir='ltr'>Burmannus,</span> 
     </span>
     <span class='ocr_line' id='line_1_27' title="bbox 144 1848 802 1891; baseline 0.002 -12"><span class='ocrx_word' id='word_1_134' title='bbox 144 1848 219 1890; x_wconf 88' lang='lat' dir='ltr'>quia</span> <span class='ocrx_word' id='word_1_135' title='bbox 231 1850 367 1880; x_wconf 80' lang='lat' dir='ltr'>invenire</span> <span class='ocrx_word' id='word_1_136' title='bbox 381 1859 464 1891; x_wconf 86' lang='lat' dir='ltr'>saepe</span> <span class='ocrx_word' id='word_1_137' title='bbox 479 1849 518 1880; x_wconf 93' lang='lat' dir='ltr'>de</span> <span class='ocrx_word' id='word_1_138' title='bbox 540 1849 578 1881; x_wconf 88' lang='lat' dir='ltr'>iis</span> <span class='ocrx_word' id='word_1_139' title='bbox 597 1860 667 1891; x_wconf 88' lang='lat' dir='ltr'>quae</span> <span class='ocrx_word' id='word_1_140' title='bbox 688 1850 802 1889; x_wconf 89' lang='lat' dir='ltr'>subito,</span> 
     </span>
     <span class='ocr_line' id='line_1_28' title="bbox 142 1898 801 1940; baseline 0.003 -12"><span class='ocrx_word' id='word_1_141' title='bbox 142 1903 175 1929; x_wconf 87' lang='lat' dir='ltr'>et</span> <span class='ocrx_word' id='word_1_142' title='bbox 210 1902 322 1940; x_wconf 86' lang='lat' dir='ltr'>praeter</span> <span class='ocrx_word' id='word_1_143' title='bbox 353 1898 614 1940; x_wconf 86' lang='lat' dir='ltr'>expectationem,</span> <span class='ocrx_word' id='word_1_144' title='bbox 642 1898 801 1930; x_wconf 86' lang='lat' dir='ltr'>eveniunt.</span> 
     </span>
     <span class='ocr_line' id='line_1_29' title="bbox 142 1947 803 1990; baseline 0.002 -12"><span class='ocrx_word' id='word_1_145' title='bbox 142 1947 254 1979; x_wconf 81' lang='lat' dir='ltr'>Induit</span> <span class='ocrx_word' id='word_1_146' title='bbox 281 1953 389 1978; x_wconf 86' lang='lat' dir='ltr'>tamen</span> <span class='ocrx_word' id='word_1_147' title='bbox 423 1947 602 1989; x_wconf 86' lang='lat' dir='ltr'>eleganter:</span> <span class='ocrx_word' id='word_1_148' title='bbox 639 1948 803 1990; x_wconf 86' lang='lat' dir='ltr'>Virgilius,</span> 
     </span>
     <span class='ocr_line' id='line_1_30' title="bbox 143 1996 801 2039; baseline 0 -11"><span class='ocrx_word' id='word_1_149' title='bbox 143 1997 258 2037; x_wconf 85' lang='lat' dir='ltr'>Georg.</span> <span class='ocrx_word' id='word_1_150' title='bbox 271 1996 293 2028; x_wconf 89' lang='lat' dir='ltr'>i.</span> <span class='ocrx_word' id='word_1_151' title='bbox 309 1997 351 2027; x_wconf 87' lang='grc'>86</span> <span class='ocrx_word' id='word_1_152' title='bbox 364 2008 371 2027; x_wconf 72' lang='grc' dir='ltr'>ε</span> <span class='ocrx_word' id='word_1_153' title='bbox 397 2008 459 2027; x_wconf 76' lang='lat' dir='ltr'>nuae</span> <span class='ocrx_word' id='word_1_154' title='bbox 471 2007 501 2028; x_wconf 88' lang='lat' dir='ltr'>se</span> <span class='ocrx_word' id='word_1_155' title='bbox 513 1998 616 2028; x_wconf 82' lang='lat' dir='ltr'>induit</span> <span class='ocrx_word' id='word_1_156' title='bbox 630 1999 663 2027; x_wconf 81' lang='lat' dir='ltr'>in</span> <span class='ocrx_word' id='word_1_157' title='bbox 669 1998 778 2039; x_wconf 86' lang='lat' dir='ltr'>florem</span> <span class='ocrx_word' id='word_1_158' title='bbox 789 2009 801 2035; x_wconf 77' lang='lat'>‚-</span> 
     </span>
     <span class='ocr_line' id='line_1_31' title="bbox 142 2045 804 2085; baseline 0.003 -8"><span class='ocrx_word' id='word_1_159' title='bbox 142 2051 175 2078; x_wconf 90' lang='lat' dir='ltr'>et</span> <span class='ocrx_word' id='word_1_160' title='bbox 199 2045 243 2077; x_wconf 86' lang='lat' dir='ltr'>iv.</span> <span class='ocrx_word' id='word_1_161' title='bbox 268 2046 341 2077; x_wconf 85' lang='lat'>142.</span> <span class='ocrx_word' id='word_1_162' title='bbox 366 2048 457 2085; x_wconf 81' lang='lat' dir='ltr'>pomis</span> <span class='ocrx_word' id='word_1_163' title='bbox 484 2058 513 2078; x_wconf 86' lang='lat' dir='ltr'>se</span> <span class='ocrx_word' id='word_1_164' title='bbox 540 2049 624 2078; x_wconf 86' lang='lat' dir='ltr'>arbos</span> <span class='ocrx_word' id='word_1_165' title='bbox 649 2048 804 2079; x_wconf 79' lang='lat' dir='ltr'>induerat.</span> 
     </span>
     <span class='ocr_line' id='line_1_32' title="bbox 145 2094 805 2137; baseline 0.003 -12"><span class='ocrx_word' id='word_1_166' title='bbox 145 2095 290 2126; x_wconf 80' lang='lat' dir='ltr'>Gravidis</span> <span class='ocrx_word' id='word_1_167' title='bbox 300 2106 312 2132; x_wconf 88' lang='lat'>,·</span> <span class='ocrx_word' id='word_1_168' title='bbox 326 2094 428 2137; x_wconf 88' lang='lat' dir='ltr'>plenis</span> <span class='ocrx_word' id='word_1_169' title='bbox 443 2105 604 2127; x_wconf 89' lang='lat' dir='ltr'>succorum</span> <span class='ocrx_word' id='word_1_170' title='bbox 619 2101 650 2127; x_wconf 93' lang='lat' dir='ltr'>et</span> <span class='ocrx_word' id='word_1_171' title='bbox 664 2095 805 2127; x_wconf 84' lang='lat' dir='ltr'>tumidis.</span> 
     </span>
     <span class='ocr_line' id='line_1_33' title="bbox 142 2143 804 2187; baseline 0.003 -13"><span class='ocrx_word' id='word_1_172' title='bbox 142 2143 247 2175; x_wconf 84' lang='lat' dir='ltr'>Etiam</span> <span class='ocrx_word' id='word_1_173' title='bbox 259 2155 432 2187; x_wconf 79' lang='lat' dir='ltr'>gravescere</span> <span class='ocrx_word' id='word_1_174' title='bbox 441 2145 528 2186; x_wconf 81' lang='lat' dir='ltr'>foetu</span> <span class='ocrx_word' id='word_1_175' title='bbox 542 2151 574 2177; x_wconf 91' lang='lat' dir='ltr'>et</span> <span class='ocrx_word' id='word_1_176' title='bbox 584 2147 743 2186; x_wconf 81' lang='lat' dir='ltr'>parturire</span> <span class='ocrx_word' id='word_1_177' title='bbox 757 2145 804 2176; x_wconf 91' lang='lat' dir='ltr'>di-</span> 
     </span>
     <span class='ocr_line' id='line_1_34' title="bbox 142 2195 385 2235; baseline 0.004 -10"><span class='ocrx_word' id='word_1_178' title='bbox 142 2199 255 2225; x_wconf 85' lang='lat' dir='ltr'>cuntur</span> <span class='ocrx_word' id='word_1_179' title='bbox 267 2195 385 2235; x_wconf 82' lang='lat' dir='ltr'>fruges.</span> 
     </span>
    </p>

    <p class='ocr_par' dir='ltr' id='par_1_14' title="bbox 140 2243 805 2532">
     <span class='ocr_line' id='line_1_35' title="bbox 185 2243 804 2285; baseline 0.002 -11"><span class='ocrx_word' id='word_1_180' title='bbox 185 2244 261 2275; x_wconf 83' lang='lat'>284.</span> <span class='ocrx_word' id='word_1_181' title='bbox 288 2243 401 2274; x_wconf 83' lang='lat' dir='ltr'>Vernat</span> <span class='ocrx_word' id='word_1_182' title='bbox 413 2243 581 2285; x_wconf 83' lang='lat' dir='ltr'>exquisite,</span> <span class='ocrx_word' id='word_1_183' title='bbox 599 2243 735 2281; x_wconf 86' lang='lat' dir='ltr'>virescit,</span> <span class='ocrx_word' id='word_1_184' title='bbox 749 2243 804 2275; x_wconf 90' lang='lat' dir='ltr'>flo-</span> 
     </span>
     <span class='ocr_line' id='line_1_36' title="bbox 143 2292 805 2334; baseline 0.002 -11"><span class='ocrx_word' id='word_1_185' title='bbox 143 2293 229 2324; x_wconf 89' lang='lat' dir='ltr'>ribus</span> <span class='ocrx_word' id='word_1_186' title='bbox 249 2297 282 2324; x_wconf 87' lang='lat' dir='ltr'>et</span> <span class='ocrx_word' id='word_1_187' title='bbox 303 2292 496 2334; x_wconf 87' lang='lat' dir='ltr'>graminibus</span> <span class='ocrx_word' id='word_1_188' title='bbox 510 2293 651 2329; x_wconf 88' lang='lat' dir='ltr'>vestitur,</span> <span class='ocrx_word' id='word_1_189' title='bbox 668 2298 704 2324; x_wconf 87' lang='lat' dir='ltr'>ut</span> <span class='ocrx_word' id='word_1_190' title='bbox 728 2293 805 2324; x_wconf 88' lang='lat' dir='ltr'>solet</span> 
     </span>
     <span class='ocr_line' id='line_1_37' title="bbox 144 2341 805 2384; baseline 0.003 -12"><span class='ocrx_word' id='word_1_191' title='bbox 144 2341 209 2374; x_wconf 88' lang='lat' dir='ltr'>fieri</span> <span class='ocrx_word' id='word_1_192' title='bbox 230 2347 368 2384; x_wconf 86' lang='lat' dir='ltr'>tempore</span> <span class='ocrx_word' id='word_1_193' title='bbox 391 2353 496 2374; x_wconf 89' lang='lat' dir='ltr'>verno.</span> <span class='ocrx_word' id='word_1_194' title='bbox 517 2343 613 2374; x_wconf 88' lang='lat' dir='ltr'>Trist.</span> <span class='ocrx_word' id='word_1_195' title='bbox 624 2343 690 2374; x_wconf 88' lang='grc' dir='ltr'><strong>ΙΙΙ.</strong></span> <span class='ocrx_word' id='word_1_196' title='bbox 704 2342 759 2374; x_wconf 85' lang='lat' dir='ltr'>xii.</span> <span class='ocrx_word' id='word_1_197' title='bbox 774 2344 805 2374; x_wconf 88' lang='grc'>8.</span> 
     </span>
     <span class='ocr_line' id='line_1_38' title="bbox 144 2391 803 2433; baseline 0 -10"><span class='ocrx_word' id='word_1_198' title='bbox 144 2403 212 2423; x_wconf 84' lang='lat' dir='ltr'>aves</span> <span class='ocrx_word' id='word_1_199' title='bbox 237 2397 407 2428; x_wconf 79' lang='lat' dir='ltr'>vernantes,</span> <span class='ocrx_word' id='word_1_200' title='bbox 437 2391 635 2423; x_wconf 85' lang='lat' dir='ltr'>lascivientes</span> <span class='ocrx_word' id='word_1_201' title='bbox 667 2397 803 2433; x_wconf 85' lang='lat' dir='ltr'>tempore</span> 
     </span>
     <span class='ocr_line' id='line_1_39' title="bbox 144 2440 805 2483; baseline -0.002 -11"><span class='ocrx_word' id='word_1_202' title='bbox 144 2447 252 2473; x_wconf 85' lang='lat' dir='ltr'>verno.</span> <span class='ocrx_word' id='word_1_203' title='bbox 284 2440 473 2483; x_wconf 88' lang='lat' dir='ltr'>Propertius,</span> <span class='ocrx_word' id='word_1_204' title='bbox 486 2441 548 2473; x_wconf 93' lang='lat' dir='ltr'>IV.</span> <span class='ocrx_word' id='word_1_205' title='bbox 563 2453 594 2473; x_wconf 87' lang='lat' dir='ltr'>v.</span> <span class='ocrx_word' id='word_1_206' title='bbox 608 2443 660 2473; x_wconf 85' lang='lat'>57.</span> <span class='ocrx_word' id='word_1_207' title='bbox 676 2451 805 2472; x_wconf 79' lang='lat' dir='ltr'>vernans</span> 
     </span>
     <span class='ocr_line' id='line_1_40' title="bbox 140 2489 412 2532; baseline -0.004 -11"><span class='ocrx_word' id='word_1_208' title='bbox 140 2489 266 2532; x_wconf 85' lang='lat' dir='ltr'>juvenis</span> <span class='ocrx_word' id='word_1_209' title='bbox 278 2491 412 2532; x_wconf 83' lang='lat' dir='ltr'>sanguis.</span> 
     </span>
    </p>

    <p class='ocr_par' dir='ltr' id='par_1_15' title="bbox 143 2538 805 2778">
     <span class='ocr_line' id='line_1_41' title="bbox 186 2538 804 2581; baseline 0.002 -12"><span class='ocrx_word' id='word_1_210' title='bbox 186 2539 263 2570; x_wconf 84' lang='lat'>288.</span> <span class='ocrx_word' id='word_1_211' title='bbox 287 2538 346 2569; x_wconf 83' lang='lat' dir='ltr'>Ore</span> <span class='ocrx_word' id='word_1_212' title='bbox 367 2538 509 2581; x_wconf 86' lang='lat' dir='ltr'>accipere</span> <span class='ocrx_word' id='word_1_213' title='bbox 523 2549 634 2571; x_wconf 90' lang='lat' dir='ltr'>succos</span> <span class='ocrx_word' id='word_1_214' title='bbox 650 2539 701 2570; x_wconf 83' lang='lat' dir='ltr'>vix</span> <span class='ocrx_word' id='word_1_215' title='bbox 716 2544 804 2581; x_wconf 87' lang='lat' dir='ltr'>pote-</span> 
     </span>
     <span class='ocr_line' id='line_1_42' title="bbox 143 2588 804 2630; baseline 0 -11"><span class='ocrx_word' id='word_1_216' title='bbox 143 2593 202 2624; x_wconf 80' lang='lat' dir='ltr'>rat,</span> <span class='ocrx_word' id='word_1_217' title='bbox 220 2588 331 2630; x_wconf 83' lang='lat' dir='ltr'>jugulo</span> <span class='ocrx_word' id='word_1_218' title='bbox 348 2588 479 2620; x_wconf 88' lang='lat' dir='ltr'>recluso.</span> <span class='ocrx_word' id='word_1_219' title='bbox 525 2588 637 2626; x_wconf 81' lang='lat' dir='ltr'>Barba,</span> <span class='ocrx_word' id='word_1_220' title='bbox 653 2600 804 2629; x_wconf 81' lang='lat' dir='ltr'>comaeque,</span> 
     </span>
     <span class='ocr_line' id='line_1_43' title="bbox 144 2637 801 2680; baseline 0.003 -13"><span class='ocrx_word' id='word_1_221' title='bbox 144 2642 206 2668; x_wconf 88' lang='lat' dir='ltr'>etc.</span> <span class='ocrx_word' id='word_1_222' title='bbox 252 2637 372 2674; x_wconf 83' lang='lat' dir='ltr'>Medea,</span> <span class='ocrx_word' id='word_1_223' title='bbox 388 2637 490 2679; x_wconf 86' lang='lat' dir='ltr'>inquit</span> <span class='ocrx_word' id='word_1_224' title='bbox 505 2638 717 2680; x_wconf 86' lang='lat' dir='ltr'>Palaephatus,</span> <span class='ocrx_word' id='word_1_225' title='bbox 732 2637 801 2668; x_wconf 91' lang='lat' dir='ltr'>her-</span> 
     </span>
     <span class='ocr_line' id='line_1_44' title="bbox 146 2685 803 2730; baseline 0.003 -14"><span class='ocrx_word' id='word_1_226' title='bbox 146 2686 220 2717; x_wconf 89' lang='lat' dir='ltr'>bam</span> <span class='ocrx_word' id='word_1_227' title='bbox 240 2685 360 2717; x_wconf 86' lang='lat' dir='ltr'>invenit</span> <span class='ocrx_word' id='word_1_228' title='bbox 373 2697 443 2728; x_wconf 89' lang='lat' dir='ltr'>quae</span> <span class='ocrx_word' id='word_1_229' title='bbox 459 2697 552 2718; x_wconf 88' lang='lat' dir='ltr'>canos</span> <span class='ocrx_word' id='word_1_230' title='bbox 565 2687 695 2730; x_wconf 83' lang='lat' dir='ltr'>capillos</span> <span class='ocrx_word' id='word_1_231' title='bbox 709 2687 742 2718; x_wconf 89' lang='lat' dir='ltr'>in</span> <span class='ocrx_word' id='word_1_232' title='bbox 757 2687 803 2718; x_wconf 90' lang='lat' dir='ltr'>ni·</span> 
     </span>
     <span class='ocr_line' id='line_1_45' title="bbox 146 2735 805 2778; baseline 0 -13"><span class='ocrx_word' id='word_1_233' title='bbox 146 2745 216 2775; x_wconf 84' lang='lat' dir='ltr'>gros</span> <span class='ocrx_word' id='word_1_234' title='bbox 242 2740 396 2773; x_wconf 82' lang='lat' dir='ltr'>verteret3</span> <span class='ocrx_word' id='word_1_235' title='bbox 418 2735 518 2777; x_wconf 87' lang='lat' dir='ltr'>prima</span> <span class='ocrx_word' id='word_1_236' title='bbox 538 2747 663 2778; x_wconf 88' lang='lat' dir='ltr'>quoque</span> <span class='ocrx_word' id='word_1_237' title='bbox 686 2736 805 2768; x_wconf 84' lang='lat' dir='ltr'>invenit</span> 
     </span>
    </p>
   </div>
   <div class='ocr_carea' id='block_1_13' title="bbox 866 1454 1535 2776">
    <p class='ocr_par' dir='ltr' id='par_1_16' title="bbox 866 1454 1532 1984">
     <span class='ocr_line' id='line_1_46' title="bbox 866 1454 1529 1497; baseline -0.003 -10"><span class='ocrx_word' id='word_1_238' title='bbox 866 1457 1026 1487; x_wconf 87' lang='lat' dir='ltr'>lavacrum</span> <span class='ocrx_word' id='word_1_239' title='bbox 1052 1455 1201 1492; x_wconf 85' lang='lat' dir='ltr'>calidum,</span> <span class='ocrx_word' id='word_1_240' title='bbox 1221 1455 1311 1497; x_wconf 84' lang='lat' dir='ltr'>cujus</span> <span class='ocrx_word' id='word_1_241' title='bbox 1334 1454 1382 1486; x_wconf 88' lang='lat' dir='ltr'>vis</span> <span class='ocrx_word' id='word_1_242' title='bbox 1404 1454 1529 1486; x_wconf 88' lang='lat' dir='ltr'>medica</span> 
     </span>
     <span class='ocr_line' id='line_1_47' title="bbox 867 1504 1527 1546; baseline -0.002 -11"><span class='ocrx_word' id='word_1_243' title='bbox 867 1504 1039 1546; x_wconf 81' lang='lat' dir='ltr'>vegetiores</span> <span class='ocrx_word' id='word_1_244' title='bbox 1049 1505 1192 1536; x_wconf 87' lang='lat' dir='ltr'>redderet</span> <span class='ocrx_word' id='word_1_245' title='bbox 1201 1505 1343 1535; x_wconf 90' lang='lat' dir='ltr'>homines</span> <span class='ocrx_word' id='word_1_246' title='bbox 1355 1509 1386 1535; x_wconf 88' lang='lat' dir='ltr'>et</span> <span class='ocrx_word' id='word_1_247' title='bbox 1401 1504 1527 1536; x_wconf 87' lang='lat' dir='ltr'>sanitati</span> 
     </span>
     <span class='ocr_line' id='line_1_48' title="bbox 866 1552 1528 1596; baseline 0.003 -13"><span class='ocrx_word' id='word_1_248' title='bbox 866 1553 1063 1584; x_wconf 87' lang='lat' dir='ltr'>restitueret:</span> <span class='ocrx_word' id='word_1_249' title='bbox 1103 1553 1317 1596; x_wconf 82' lang='lat' dir='ltr'>compositioni</span> <span class='ocrx_word' id='word_1_250' title='bbox 1353 1553 1399 1584; x_wconf 89' lang='lat' dir='ltr'>illi</span> <span class='ocrx_word' id='word_1_251' title='bbox 1430 1552 1528 1595; x_wconf 78' lang='grc' dir='ltr'>παρέ-</span> 
     </span>
     <span class='ocr_line' id='line_1_49' title="bbox 867 1601 1528 1643; baseline 0.002 -11"><span class='ocrx_word' id='word_1_252' title='bbox 867 1601 968 1643; x_wconf 78' lang='grc' dir='ltr'>ψησις</span> <span class='ocrx_word' id='word_1_253' title='bbox 983 1613 1107 1639; x_wconf 90' lang='lat' dir='ltr'>nomen,</span> <span class='ocrx_word' id='word_1_254' title='bbox 1122 1613 1178 1634; x_wconf 88' lang='lat' dir='ltr'>seu</span> <span class='ocrx_word' id='word_1_255' title='bbox 1194 1603 1328 1639; x_wconf 90' lang='lat' dir='ltr'>decocti,</span> <span class='ocrx_word' id='word_1_256' title='bbox 1344 1602 1460 1633; x_wconf 83' lang='lat' dir='ltr'>fabulae</span> <span class='ocrx_word' id='word_1_257' title='bbox 1475 1613 1528 1633; x_wconf 88' lang='lat' dir='ltr'>oc-</span> 
     </span>
     <span class='ocr_line' id='line_1_50' title="bbox 868 1650 1528 1693; baseline 0 -11"><span class='ocrx_word' id='word_1_258' title='bbox 868 1650 1023 1683; x_wconf 88' lang='lat' dir='ltr'>casionem</span> <span class='ocrx_word' id='word_1_259' title='bbox 1039 1651 1136 1683; x_wconf 88' lang='lat' dir='ltr'>dedit.</span> <span class='ocrx_word' id='word_1_260' title='bbox 1176 1652 1346 1693; x_wconf 87' lang='lat' dir='ltr'>Diogenes,</span> <span class='ocrx_word' id='word_1_261' title='bbox 1358 1651 1440 1693; x_wconf 84' lang='lat' dir='ltr'>apud</span> <span class='ocrx_word' id='word_1_262' title='bbox 1457 1652 1528 1682; x_wconf 82' lang='lat' dir='ltr'>Sto-</span> 
     </span>
     <span class='ocr_line' id='line_1_51' title="bbox 867 1700 1531 1738; baseline -0.002 -6"><span class='ocrx_word' id='word_1_263' title='bbox 867 1701 981 1738; x_wconf 87' lang='lat' dir='ltr'>baeum,</span> <span class='ocrx_word' id='word_1_264' title='bbox 997 1700 1089 1732; x_wconf 87' lang='lat' dir='ltr'>refert</span> <span class='ocrx_word' id='word_1_265' title='bbox 1102 1701 1253 1732; x_wconf 85' lang='lat' dir='ltr'>Medeam</span> <span class='ocrx_word' id='word_1_266' title='bbox 1267 1701 1422 1732; x_wconf 87' lang='lat' dir='ltr'>invenisse</span> <span class='ocrx_word' id='word_1_267' title='bbox 1438 1700 1531 1732; x_wconf 89' lang='lat' dir='ltr'>ratio-</span> 
     </span>
     <span class='ocr_line' id='line_1_52' title="bbox 868 1752 1531 1794; baseline -0.002 -12"><span class='ocrx_word' id='word_1_268' title='bbox 868 1761 939 1783; x_wconf 88' lang='lat' dir='ltr'>nem</span> <span class='ocrx_word' id='word_1_269' title='bbox 963 1762 1027 1794; x_wconf 80' lang='lat' dir='ltr'>qua</span> <span class='ocrx_word' id='word_1_270' title='bbox 1050 1752 1160 1783; x_wconf 90' lang='lat' dir='ltr'>molles</span> <span class='ocrx_word' id='word_1_271' title='bbox 1185 1758 1216 1783; x_wconf 89' lang='lat' dir='ltr'>et</span> <span class='ocrx_word' id='word_1_272' title='bbox 1242 1752 1357 1784; x_wconf 87' lang='lat' dir='ltr'>inertes</span> <span class='ocrx_word' id='word_1_273' title='bbox 1381 1752 1474 1782; x_wconf 90' lang='lat' dir='ltr'>fortes</span> <span class='ocrx_word' id='word_1_274' title='bbox 1499 1756 1531 1782; x_wconf 92' lang='lat' dir='ltr'>et</span> 
     </span>
     <span class='ocr_line' id='line_1_53' title="bbox 867 1800 1532 1843; baseline -0.002 -11"><span class='ocrx_word' id='word_1_275' title='bbox 867 1801 1037 1843; x_wconf 83' lang='lat' dir='ltr'>prudentes</span> <span class='ocrx_word' id='word_1_276' title='bbox 1062 1801 1217 1833; x_wconf 88' lang='lat' dir='ltr'>redderet.</span> <span class='ocrx_word' id='word_1_277' title='bbox 1270 1802 1422 1842; x_wconf 71' lang='lat' dir='ltr'>Repuere,</span> <span class='ocrx_word' id='word_1_278' title='bbox 1446 1800 1532 1832; x_wconf 90' lang='lat' dir='ltr'>illico</span> 
     </span>
     <span class='ocr_line' id='line_1_54' title="bbox 869 1850 1530 1882; baseline 0.002 -2"><span class='ocrx_word' id='word_1_279' title='bbox 869 1855 999 1882; x_wconf 86' lang='lat' dir='ltr'>traxere.</span> <span class='ocrx_word' id='word_1_280' title='bbox 1043 1851 1082 1881; x_wconf 92' lang='lat' dir='ltr'>In</span> <span class='ocrx_word' id='word_1_281' title='bbox 1106 1851 1243 1882; x_wconf 87' lang='lat' dir='ltr'>carmine</span> <span class='ocrx_word' id='word_1_282' title='bbox 1268 1851 1390 1882; x_wconf 82' lang='grc' dir='ltr'>Νόστοι</span> <span class='ocrx_word' id='word_1_283' title='bbox 1413 1850 1530 1881; x_wconf 86' lang='lat' dir='ltr'>Medea</span> 
     </span>
     <span class='ocr_line' id='line_1_55' title="bbox 869 1899 1531 1942; baseline 0 -12"><span class='ocrx_word' id='word_1_284' title='bbox 869 1899 889 1930; x_wconf 88' lang='lat' dir='ltr'><strong>J</strong></span> <span class='ocrx_word' id='word_1_285' title='bbox 893 1910 1018 1930; x_wconf 88' lang='lat' dir='ltr'>asonem</span> <span class='ocrx_word' id='word_1_286' title='bbox 1033 1899 1109 1931; x_wconf 86' lang='lat' dir='ltr'>facit</span> <span class='ocrx_word' id='word_1_287' title='bbox 1125 1900 1225 1942; x_wconf 84' lang='grc' dir='ltr'>κόρον</span> <span class='ocrx_word' id='word_1_288' title='bbox 1239 1899 1404 1940; x_wconf 81' lang='grc' dir='ltr'><em>ἡβώοντα,</em></span> <span class='ocrx_word' id='word_1_289' title='bbox 1421 1902 1531 1942; x_wconf 86' lang='grc' dir='ltr'><em>Γῆρας</em></span> 
     </span>
     <span class='ocr_line' id='line_1_56' title="bbox 868 1947 1077 1984; baseline 0 -4"><span class='ocrx_word' id='word_1_290' title='bbox 868 1947 1077 1984; x_wconf 74' lang='grc' dir='ltr'><strong><em>ἀποξύσασα.</em></strong></span> 
     </span>
    </p>

    <p class='ocr_par' dir='ltr' id='par_1_17' title="bbox 868 1997 1535 2776">
     <span class='ocr_line' id='line_1_57' title="bbox 912 1997 1529 2040; baseline 0 -11"><span class='ocrx_word' id='word_1_291' title='bbox 912 1999 987 2029; x_wconf 83' lang='lat'>290.</span> <span class='ocrx_word' id='word_1_292' title='bbox 1011 1998 1109 2029; x_wconf 85' lang='lat' dir='ltr'>Pulsa</span> <span class='ocrx_word' id='word_1_293' title='bbox 1123 1997 1228 2040; x_wconf 60' lang='lat' dir='ltr'>fingit,</span> <span class='ocrx_word' id='word_1_294' title='bbox 1243 2009 1261 2029; x_wconf 90' lang='lat' dir='ltr'>e</span> <span class='ocrx_word' id='word_1_295' title='bbox 1283 1997 1373 2040; x_wconf 87' lang='lat' dir='ltr'>copia</span> <span class='ocrx_word' id='word_1_296' title='bbox 1395 1998 1529 2040; x_wconf 87' lang='lat' dir='ltr'>poetica,</span> 
     </span>
     <span class='ocr_line' id='line_1_58' title="bbox 870 2048 1531 2090; baseline 0.003 -12"><span class='ocrx_word' id='word_1_297' title='bbox 870 2053 905 2078; x_wconf 92' lang='lat' dir='ltr'>ut</span> <span class='ocrx_word' id='word_1_298' title='bbox 915 2048 1010 2090; x_wconf 90' lang='lat' dir='ltr'>paulo</span> <span class='ocrx_word' id='word_1_299' title='bbox 1024 2053 1096 2079; x_wconf 90' lang='lat' dir='ltr'>ante</span> <span class='ocrx_word' id='word_1_300' title='bbox 1109 2049 1245 2079; x_wconf 83' lang='lat' dir='ltr'>combibit</span> <span class='ocrx_word' id='word_1_301' title='bbox 1262 2055 1403 2088; x_wconf 80' lang='lat' dir='ltr'>acceptos.</span> <span class='ocrx_word' id='word_1_302' title='bbox 1436 2048 1531 2085; x_wconf 81' lang='lat' dir='ltr'>Situs,</span> 
     </span>
     <span class='ocr_line' id='line_1_59' title="bbox 870 2096 1535 2139; baseline 0 -11"><span class='ocrx_word' id='word_1_303' title='bbox 870 2096 969 2139; x_wconf 88' lang='lat' dir='ltr'>turpis</span> <span class='ocrx_word' id='word_1_304' title='bbox 984 2096 1118 2139; x_wconf 89' lang='lat' dir='ltr'>corporis</span> <span class='ocrx_word' id='word_1_305' title='bbox 1131 2097 1217 2128; x_wconf 86' lang='lat' dir='ltr'>senio</span> <span class='ocrx_word' id='word_1_306' title='bbox 1233 2097 1365 2128; x_wconf 89' lang='lat' dir='ltr'>confecti</span> <span class='ocrx_word' id='word_1_307' title='bbox 1381 2097 1508 2128; x_wconf 88' lang='lat' dir='ltr'>habitus</span> <span class='ocrx_word' id='word_1_308' title='bbox 1527 2110 1535 2136; x_wconf 85' lang='lat'>;</span> 
     </span>
     <span class='ocr_line' id='line_1_60' title="bbox 869 2145 1531 2178; baseline 0.002 -2"><span class='ocrx_word' id='word_1_309' title='bbox 869 2145 965 2176; x_wconf 87' lang='lat' dir='ltr'>etiam</span> <span class='ocrx_word' id='word_1_310' title='bbox 977 2147 1052 2177; x_wconf 88' lang='lat' dir='ltr'>AEn.</span> <span class='ocrx_word' id='word_1_311' title='bbox 1064 2145 1117 2176; x_wconf 92' lang='lat' dir='ltr'>vii.</span> <span class='ocrx_word' id='word_1_312' title='bbox 1133 2147 1207 2177; x_wconf 87' lang='lat'>440.</span> <span class='ocrx_word' id='word_1_313' title='bbox 1220 2146 1274 2176; x_wconf 93' lang='lat' dir='ltr'>ubi</span> <span class='ocrx_word' id='word_1_314' title='bbox 1290 2152 1394 2177; x_wconf 90' lang='lat' dir='ltr'>tamen</span> <span class='ocrx_word' id='word_1_315' title='bbox 1406 2147 1531 2178; x_wconf 90' lang='lat' dir='ltr'>omnino</span> 
     </span>
     <span class='ocr_line' id='line_1_61' title="bbox 870 2195 1531 2235; baseline 0.005 -11"><span class='ocrx_word' id='word_1_316' title='bbox 870 2196 954 2225; x_wconf 86' lang='lat' dir='ltr'>mala</span> <span class='ocrx_word' id='word_1_317' title='bbox 977 2195 1156 2226; x_wconf 84' lang='lat' dir='ltr'>senectutis.</span> <span class='ocrx_word' id='word_1_318' title='bbox 1200 2195 1409 2235; x_wconf 80' lang='lat' dir='ltr'>Supplentur3</span> <span class='ocrx_word' id='word_1_319' title='bbox 1436 2201 1471 2225; x_wconf 91' lang='lat' dir='ltr'>ut</span> <span class='ocrx_word' id='word_1_320' title='bbox 1488 2195 1531 2227; x_wconf 90' lang='lat' dir='ltr'>iv.</span> 
     </span>
     <span class='ocr_line' id='line_1_62' title="bbox 874 2243 1530 2286; baseline 0.002 -12"><span class='ocrx_word' id='word_1_321' title='bbox 874 2244 953 2274; x_wconf 87' lang='lat'>140:</span> <span class='ocrx_word' id='word_1_322' title='bbox 977 2244 1032 2275; x_wconf 89' lang='lat' dir='ltr'>sed</span> <span class='ocrx_word' id='word_1_323' title='bbox 1051 2244 1118 2286; x_wconf 87' lang='lat' dir='ltr'>jam</span> <span class='ocrx_word' id='word_1_324' title='bbox 1138 2249 1211 2275; x_wconf 88' lang='lat' dir='ltr'>ante</span> <span class='ocrx_word' id='word_1_325' title='bbox 1230 2243 1352 2275; x_wconf 87' lang='lat' dir='ltr'>dixerat</span> <span class='ocrx_word' id='word_1_326' title='bbox 1366 2254 1462 2275; x_wconf 89' lang='lat' dir='ltr'>venas</span> <span class='ocrx_word' id='word_1_327' title='bbox 1482 2255 1530 2276; x_wconf 90' lang='lat' dir='ltr'>re-</span> 
     </span>
     <span class='ocr_line' id='line_1_63' title="bbox 870 2293 1528 2335; baseline 0.002 -11"><span class='ocrx_word' id='word_1_328' title='bbox 870 2293 973 2335; x_wconf 88' lang='lat' dir='ltr'>pletas</span> <span class='ocrx_word' id='word_1_329' title='bbox 988 2304 1067 2324; x_wconf 93' lang='lat' dir='ltr'>novo</span> <span class='ocrx_word' id='word_1_330' title='bbox 1081 2293 1246 2335; x_wconf 84' lang='lat' dir='ltr'>sanguine.</span> <span class='ocrx_word' id='word_1_331' title='bbox 1291 2293 1406 2325; x_wconf 87' lang='lat' dir='ltr'>Nescio</span> <span class='ocrx_word' id='word_1_332' title='bbox 1421 2293 1528 2335; x_wconf 86' lang='lat' dir='ltr'>igitur,</span> 
     </span>
     <span class='ocr_line' id='line_1_64' title="bbox 872 2341 1529 2384; baseline 0.002 -12"><span class='ocrx_word' id='word_1_333' title='bbox 872 2352 913 2372; x_wconf 87' lang='lat' dir='ltr'>an</span> <span class='ocrx_word' id='word_1_334' title='bbox 938 2352 1000 2373; x_wconf 89' lang='lat' dir='ltr'>non</span> <span class='ocrx_word' id='word_1_335' title='bbox 1027 2347 1154 2384; x_wconf 86' lang='lat' dir='ltr'>praestet</span> <span class='ocrx_word' id='word_1_336' title='bbox 1178 2341 1309 2384; x_wconf 85' lang='lat' dir='ltr'>antiqua</span> <span class='ocrx_word' id='word_1_337' title='bbox 1335 2342 1438 2379; x_wconf 86' lang='lat' dir='ltr'>lectio,</span> <span class='ocrx_word' id='word_1_338' title='bbox 1460 2353 1529 2384; x_wconf 86' lang='lat' dir='ltr'>quae</span> 
     </span>
     <span class='ocr_line' id='line_1_65' title="bbox 868 2390 1532 2432; baseline 0.003 -12"><span class='ocrx_word' id='word_1_339' title='bbox 868 2390 1070 2432; x_wconf 87' lang='lat' dir='ltr'>plurimorum</span> <span class='ocrx_word' id='word_1_340' title='bbox 1099 2390 1283 2422; x_wconf 85' lang='lat' dir='ltr'>auctoritate</span> <span class='ocrx_word' id='word_1_341' title='bbox 1307 2390 1426 2427; x_wconf 88' lang='lat' dir='ltr'>nititur,</span> <span class='ocrx_word' id='word_1_342' title='bbox 1453 2403 1532 2422; x_wconf 71' lang='lat' dir='ltr'>carce</span> 
     </span>
     <span class='ocr_line' id='line_1_66' title="bbox 869 2440 1529 2482; baseline 0.003 -14"><span class='ocrx_word' id='word_1_343' title='bbox 869 2440 1049 2479; x_wconf 80' lang='lat' dir='ltr'>supplentur</span> <span class='ocrx_word' id='word_1_344' title='bbox 1064 2450 1182 2479; x_wconf 72' lang='lat' dir='ltr'>corpore</span> <span class='ocrx_word' id='word_1_345' title='bbox 1196 2451 1280 2482; x_wconf 82' lang='lat' dir='ltr'>rugae</span> <span class='ocrx_word' id='word_1_346' title='bbox 1291 2451 1301 2477; x_wconf 85' lang='lat'>,·</span> <span class='ocrx_word' id='word_1_347' title='bbox 1318 2450 1452 2481; x_wconf 87' lang='lat' dir='ltr'>namque</span> <span class='ocrx_word' id='word_1_348' title='bbox 1465 2452 1529 2471; x_wconf 84' lang='lat' dir='ltr'>cor-</span> 
     </span>
     <span class='ocr_line' id='line_1_67' title="bbox 868 2488 1531 2530; baseline 0.002 -12"><span class='ocrx_word' id='word_1_349' title='bbox 868 2498 925 2527; x_wconf 87' lang='lat' dir='ltr'>pus</span> <span class='ocrx_word' id='word_1_350' title='bbox 939 2498 1021 2530; x_wconf 88' lang='lat' dir='ltr'>saepe</span> <span class='ocrx_word' id='word_1_351' title='bbox 1036 2488 1075 2520; x_wconf 90' lang='lat' dir='ltr'>de</span> <span class='ocrx_word' id='word_1_352' title='bbox 1090 2499 1182 2520; x_wconf 86' lang='lat' dir='ltr'>carne</span> <span class='ocrx_word' id='word_1_353' title='bbox 1197 2494 1230 2519; x_wconf 91' lang='lat' dir='ltr'>et</span> <span class='ocrx_word' id='word_1_354' title='bbox 1247 2488 1438 2530; x_wconf 87' lang='lat' dir='ltr'>pinguedine</span> <span class='ocrx_word' id='word_1_355' title='bbox 1453 2488 1531 2520; x_wconf 89' lang='lat' dir='ltr'>dici-</span> 
     </span>
     <span class='ocr_line' id='line_1_68' title="bbox 871 2538 1529 2580; baseline 0 -11"><span class='ocrx_word' id='word_1_356' title='bbox 871 2543 940 2569; x_wconf 87' lang='lat' dir='ltr'>tur:</span> <span class='ocrx_word' id='word_1_357' title='bbox 965 2538 1071 2569; x_wconf 83' lang='lat' dir='ltr'>confer</span> <span class='ocrx_word' id='word_1_358' title='bbox 1093 2538 1225 2580; x_wconf 85' lang='lat' dir='ltr'>suprai.</span> <span class='ocrx_word' id='word_1_359' title='bbox 1242 2539 1327 2576; x_wconf 77' lang='lat'>4083</span> <span class='ocrx_word' id='word_1_360' title='bbox 1359 2538 1529 2569; x_wconf 80' lang='lat' dir='ltr'>claudian.</span> 
     </span>
     <span class='ocr_line' id='line_1_69' title="bbox 871 2586 1531 2629; baseline 0.003 -12"><span class='ocrx_word' id='word_1_361' title='bbox 871 2586 904 2618; x_wconf 87' lang='lat' dir='ltr'>ii.</span> <span class='ocrx_word' id='word_1_362' title='bbox 936 2587 1065 2629; x_wconf 87' lang='lat' dir='ltr'>Eutrop.</span> <span class='ocrx_word' id='word_1_363' title='bbox 1094 2588 1167 2618; x_wconf 84' lang='lat'>380.</span> <span class='ocrx_word' id='word_1_364' title='bbox 1200 2588 1357 2618; x_wconf 72' lang='lat' dir='ltr'>abundans</span> <span class='ocrx_word' id='word_1_365' title='bbox 1391 2589 1531 2627; x_wconf 82' lang='lat' dir='ltr'>corporis.</span> 
     </span>
     <span class='ocr_line' id='line_1_70' title="bbox 869 2635 1529 2678; baseline 0 -12"><span class='ocrx_word' id='word_1_366' title='bbox 869 2636 961 2673; x_wconf 87' lang='lat' dir='ltr'>Quod</span> <span class='ocrx_word' id='word_1_367' title='bbox 979 2641 1084 2666; x_wconf 87' lang='lat' dir='ltr'>autem</span> <span class='ocrx_word' id='word_1_368' title='bbox 1108 2636 1308 2667; x_wconf 85' lang='lat' dir='ltr'>Burmannus</span> <span class='ocrx_word' id='word_1_369' title='bbox 1329 2642 1429 2678; x_wconf 86' lang='lat' dir='ltr'>putat,</span> <span class='ocrx_word' id='word_1_370' title='bbox 1445 2635 1529 2668; x_wconf 88' lang='lat' dir='ltr'>cavi-</span> 
     </span>
     <span class='ocr_line' id='line_1_71' title="bbox 870 2685 1530 2727; baseline 0.002 -11"><span class='ocrx_word' id='word_1_371' title='bbox 870 2691 967 2716; x_wconf 87' lang='lat' dir='ltr'>tatem</span> <span class='ocrx_word' id='word_1_372' title='bbox 991 2685 1103 2717; x_wconf 87' lang='lat' dir='ltr'>melius</span> <span class='ocrx_word' id='word_1_373' title='bbox 1126 2685 1291 2717; x_wconf 85' lang='lat' dir='ltr'>convenire</span> <span class='ocrx_word' id='word_1_374' title='bbox 1314 2685 1412 2722; x_wconf 87' lang='lat' dir='ltr'>venis,</span> <span class='ocrx_word' id='word_1_375' title='bbox 1436 2696 1530 2727; x_wconf 85' lang='lat' dir='ltr'>quam</span> 
     </span>
     <span class='ocr_line' id='line_1_72' title="bbox 871 2734 1530 2776; baseline 0 -11"><span class='ocrx_word' id='word_1_376' title='bbox 871 2735 966 2775; x_wconf 83' lang='lat' dir='ltr'>rugis,</span> <span class='ocrx_word' id='word_1_377' title='bbox 978 2734 1008 2765; x_wconf 90' lang='lat' dir='ltr'>id</span> <span class='ocrx_word' id='word_1_378' title='bbox 1024 2734 1112 2765; x_wconf 88' lang='lat' dir='ltr'>nihili</span> <span class='ocrx_word' id='word_1_379' title='bbox 1125 2741 1172 2766; x_wconf 88' lang='lat' dir='ltr'>est</span> <span class='ocrx_word' id='word_1_380' title='bbox 1186 2746 1194 2771; x_wconf 85' lang='lat'>;</span> <span class='ocrx_word' id='word_1_381' title='bbox 1219 2735 1288 2776; x_wconf 87' lang='lat' dir='ltr'>quis</span> <span class='ocrx_word' id='word_1_382' title='bbox 1301 2734 1381 2765; x_wconf 86' lang='lat' dir='ltr'>enim</span> <span class='ocrx_word' id='word_1_383' title='bbox 1396 2735 1530 2771; x_wconf 86' lang='lat' dir='ltr'>dubitet,</span> 
     </span>
    </p>
   </div>
  </div>
 </body>
</html>
