1729 3207
392 204 1011 245 METAMORPHOSEON
1046 204 1163 246 LIB.
1197 205 1261 245 II.
1436 208 1519 248 157

139 317 209 365 Ut
232 335 346 365 vero
372 335 563 365 summo
589 319 820 382 despexit
846 320 906 366 ab
933 320 1114 367 aethere
1142 328 1297 368 terras

136 395 318 443 Infelix
344 395 623 451 Phaethon,
645 396 842 459 penitus
868 396 1170 460 penitusque
1189 398 1446 460 jacentes;

138 472 340 528 Palluit,
368 480 419 520 et
443 473 607 520 subito
633 489 795 535 genua
819 473 1119 521 intremuere
1143 474 1317 522 timore
1339 493 1349 531 ;
1427 478 1520 522 180

138 549 366 612 Suntque
386 550 541 596 oculis
563 551 779 597 tenebrae
795 567 887 614 per
901 559 1096 598 tanturn
1116 553 1284 599 lumen
1311 553 1516 599 obortae.

138 625 204 673 Et
220 627 325 689 jam
350 628 521 674 mallet
539 643 695 690 equos
721 644 979 692 nunquam
1003 629 1230 692 tetigisse
1255 636 1516 693 paternos3

135 701 350 766 Jamque
372 705 581 767 agnosse
607 722 763 768 genus
789 706 944 770 piget,
963 714 1013 754 et
1027 707 1242 755 valuisse
1267 707 1486 769 rogando
1508 723 1517 754 :

134 779 164 826 J
169 796 247 828 am
272 780 496 845 Meropis
521 782 620 830 dici
644 783 866 846 cupiens,
894 784 963 831 ita
987 783 1154 840 fertur,
1181 791 1236 831 ut
1256 792 1367 831 acta

137 856 389 921 Praecipiti
412 859 560 922 pinus
588 858 767 916 Borea,
794 860 875 907 cui
899 861 1033 907 victa
1058 861 1248 908 remisit

1432 863 1520 908 185

138 933 300 982 Frena
322 946 644 994 suuffrector,
667 954 817 1001 quam
846 938 954 994 Dis,
984 939 1212 1001 votisque
1237 938 1454 1001 reliquit.

137 1011 268 1066 Quid
292 1012 472 1061 faciat?
509 1016 721 1062 multum
746 1016 856 1063 coeli
882 1023 996 1080 post
1020 1023 1162 1078 terga
1185 1015 1441 1071 relictum;

134 1089 268 1136 Ante
293 1091 462 1137 oculos
488 1092 599 1154 plus
625 1099 727 1149 est;
770 1093 933 1140 animo
959 1093 1160 1140 metitur
1184 1098 1468 1155 utrumque.

138 1164 203 1212 Et
226 1167 390 1223 modo,
418 1184 544 1231 quos
565 1168 631 1215 illi
658 1168 758 1216 fato
784 1170 1072 1232 contingere
1098 1185 1195 1216 non
1221 1177 1312 1224 est,

182 1329 254 1359 178.
285 1330 325 1360 Ut
354 1341 421 1361 vero
443 1341 564 1366 summo,
592 1332 668 1372 etc.]
694 1332 793 1363 Novae

137 1378 291 1410 accedunt
313 1379 554 1421 perturbationis
577 1391 700 1411 causae:
733 1382 795 1412 Lu-

135 1427 215 1458 cian.
230 1427 262 1458 d.
277 1427 300 1458 l.
320 1428 484 1470 ἐπικύψας
500 1429 532 1467 ἐς
551 1428 654 1470 βάθος
672 1429 795 1471 ἀχανὲς

135 1475 311 1519 ἐξεπλάγη.

182 1526 253 1557 179.
266 1527 404 1563 Pennus,
415 1527 579 1569 profunde.
599 1528 698 1565 Mela,
713 1528 768 1559 ii.l
785 1542 790 1558 :

135 1576 255 1606 Aurum
271 1583 353 1607 terra
370 1579 491 1616 penitus
511 1585 653 1619 egestu-m.
692 1577 794 1609 Etiam

125 1627 232 1665 jacere
246 1625 403 1657 notionem
416 1627 638 1669 profunditatis
653 1628 793 1670 adjuvat,

135 1681 170 1706 ut
184 1675 250 1707 viii.
268 1677 342 1708 750.
369 1677 496 1708 Penitus
509 1680 694 1718 penitusque.
726 1678 795 1708 Hoc

135 1730 182 1756 est
197 1724 289 1756 valde
307 1724 469 1767 depressas
491 1736 527 1756 ac
547 1727 639 1768 longe
662 1738 680 1757 a
701 1737 732 1757 se
748 1738 793 1757 re-

135 1779 256 1813 motas;
278 1785 351 1805 nam
371 1774 565 1815 geminatum
586 1775 665 1807 illud
685 1775 794 1806 adver-

133 1822 221 1854 bium
231 1823 416 1854 immensum
430 1824 629 1855 intervallum
640 1824 796 1866 significat

134 1872 214 1904 inter
239 1873 354 1904 coelum
376 1879 407 1904 et
428 1879 535 1910 terras,
558 1881 589 1905 et
614 1874 689 1905 facit
711 1874 794 1905 idem

135 1921 219 1962 quod
233 1921 375 1964 repetitio
385 1921 417 1952 in
433 1922 501 1953 loco
511 1922 625 1953 citato:
644 1923 728 1953 Silva
743 1925 795 1954 sub

134 1972 200 2007 hac,
213 1972 288 2002 silva
304 1974 505 2012 qrcantojacet
516 1973 605 2003 herba
621 1974 674 2003 sub
688 1975 779 2003 omni.

181 2021 252 2051 181.
276 2021 413 2061 Suntque
436 2022 540 2058 oculis,
559 2022 636 2062 etc.]
665 2020 795 2052 Fallitur

135 2070 160 2101 F
162 2071 269 2102 amab.
284 2081 382 2112 quum
396 2070 428 2100 in
447 2070 495 2101 his
510 2070 612 2102 verbis
627 2071 796 2113 ὀὲὑμωρον

136 2119 256 2161 quaerit.
301 2119 383 2150 Satis
408 2119 491 2150 enim
517 2126 650 2156 constat,
682 2126 713 2151 et
743 2131 796 2152 ex-

135 2169 214 2211 perti
241 2169 355 2200 scimus
389 2180 506 2205 omnes,
531 2169 662 2201 nimium
689 2170 796 2201 lumen

135 2218 282 2250 hebetare
296 2219 455 2249 oculorum
471 2218 582 2251 aciem.

181 2269 253 2299 184.
277 2268 419 2308 Meropis,
441 2268 563 2299 seilicet
585 2268 677 2305 filius,
694 2268 795 2311 ellipsi

137 2317 261 2349 Graeca.
296 2317 379 2350 Flor.
400 2318 446 2349 II.
468 2318 509 2349 vi.
534 2320 592 2349 19:
619 2319 798 2350 Bomilcaris

70 2399 74 2407 Ξ
136 2367 300 2398 Adherbal.
345 2367 472 2409 Merops
492 2366 551 2397 fuit
571 2367 701 2398 maritus
717 2368 795 2409 Cly-

136 2425 264 2455 menes3
288 2426 470 2457 quanquam
494 2416 629 2456 Meropes
653 2416 797 2447 dicantur

137 2464 276 2496 homines
291 2465 375 2507 apud
386 2466 566 2502 Homerum,
582 2465 666 2507 quod
681 2465 797 2496 divisas

136 2513 274 2545 habeant
291 2524 385 2545 voces
397 2526 406 2553 3
430 2525 492 2556 qua
515 2515 547 2544 in
567 2514 793 2555 significatione

136 2562 188 2593 hic
217 2573 340 2605 quoque
370 2563 469 2605 accipi
494 2569 605 2606 potest,
633 2575 669 2594 ac
696 2565 721 2595 si
747 2564 794 2594 di-

137 2617 242 2642 ceret:
273 2612 402 2654 cupiens
434 2613 501 2654 jam
537 2612 668 2644 hominis
700 2613 792 2649 filius,

138 2661 237 2702 magis
253 2672 347 2703 quam
360 2662 433 2698 Dei,
449 2661 611 2704 appellari.

185 2711 254 2741 185.
279 2711 386 2747 Pinus,
407 2711 507 2747 navis,
531 2719 611 2748 acta,
635 2723 704 2753 quae
730 2713 794 2753 agi-

139 2765 197 2795 tur,
213 2760 329 2801 rapitur
345 2771 363 2791 a
380 2761 485 2797 Borea,
501 2762 588 2803 cujus
609 2762 709 2792 rabies
724 2762 793 2803 plu-

183 2809 282 2839 VOL.
306 2810 371 2840 HI.

863 1331 957 1361 rimas
972 1331 1125 1372 procellas
1136 1329 1263 1361 excitat.
1312 1329 1453 1368 Praeceps,
1470 1327 1524 1370 qui

864 1391 957 1411 naves
974 1380 1149 1421 praecipites
1170 1379 1225 1409 dat
1240 1379 1382 1413 saeviens,
1400 1383 1434 1408 ut
1449 1389 1523 1417 prce-

863 1441 927 1469 ceps
956 1429 1091 1471 Africus,
1122 1428 1232 1459 Horat.
1260 1427 1288 1458 I.
1313 1427 1375 1458 Od.
1398 1426 1445 1457 iii.
1475 1428 1525 1457 12.

865 1480 985 1515 Rector,
1001 1479 1197 1519 gubernator.
1243 1477 1356 1512 Frena,
1372 1477 1526 1517 guberna-

863 1529 935 1559 cula
949 1541 955 1558 z
981 1527 1047 1558 HI.
1062 1528 1147 1558 Fast.
1162 1527 1236 1557 293.
1252 1528 1380 1557 habemr.
1417 1526 1525 1556 Solent

863 1579 947 1609 enim
978 1577 1066 1608 navis
1093 1582 1124 1607 et
1150 1587 1257 1607 currus
1277 1576 1358 1606 inter
1382 1586 1414 1606 se
1441 1586 1525 1606 com-

863 1629 975 1670 parari,
990 1632 1149 1669 praeeunte
1171 1626 1318 1662 Homero,
1342 1625 1396 1667 qui
1412 1626 1524 1666 guber-

864 1684 1002 1708 natorem
1014 1675 1112 1706 dixit:
1138 1675 1277 1716 ἡνίοχον
1292 1675 1381 1712 νεώς.
1408 1675 1526 1705 Contra

865 1727 973 1767 auriga
996 1725 1182 1766 ναύκληρος
1203 1725 1286 1767 apud
1302 1724 1410 1766 Eurip.
1424 1724 1523 1767 Hipp.

864 1786 927 1806 ver.
957 1776 1049 1805 1224.
1088 1775 1138 1805 Cf.
1159 1774 1284 1810 Noster,
1313 1773 1340 1804 Ι.
1361 1773 1454 1804 Trist.
1478 1774 1523 1804 iv.

865 1827 901 1856 11
919 1836 988 1867 sqq.
1023 1825 1120 1860 Victa,
1136 1824 1257 1855 scilicet
1272 1835 1291 1854 a
1304 1823 1416 1854 ventis.
1444 1824 1525 1854 Ver-

860 1876 934 1906 bum
960 1875 991 1905 in
1016 1874 1074 1905 hac
1099 1885 1131 1905 re
1155 1873 1313 1916 proprium
1338 1873 1418 1914 (vid.
1445 1874 1519 1904 Ma-

861 1924 960 1966 riang.
982 1923 1152 1954 Accursius
1175 1923 1208 1954 in
1226 1922 1384 1962 Diatrib.)
1407 1928 1438 1953 et
1461 1922 1523 1953 ele-

861 1984 962 2015 gans3
985 1972 1070 2004 venti
1088 1973 1171 2003 enim
1191 1972 1288 2003 veluti
1311 1971 1424 2014 proelia
1440 1982 1524 2002 com-

863 2023 991 2054 mittunt
1014 2033 1086 2053 cum
1110 2022 1253 2057 navibus,
1268 2028 1300 2052 et
1319 2022 1367 2052 vel
1383 2020 1525 2057 victores,

863 2071 913 2102 vel
942 2071 1016 2102 victi
1047 2078 1213 2102 nautarum
1242 2075 1307 2101 arte
1337 2069 1523 2100 discedunt:

863 2121 973 2152 Horat.
988 2122 1051 2151 111.
1069 2120 1131 2152 Od.
1147 2120 1232 2151 xxiv.
1246 2120 1298 2150 40.

910 2172 981 2202 186.
999 2171 1082 2211 Dis.]
1099 2170 1164 2201 Aut
1180 2169 1250 2200 Diis
1262 2169 1377 2212 pelagi,
1391 2175 1445 2199 aut
1455 2168 1526 2199 Diis

865 2220 1050 2252 tutelaribus
1078 2220 1179 2255 navis,
1208 2229 1337 2260 quorum
1364 2218 1467 2259 imago
1493 2218 1526 2248 in

864 2270 962 2312 puppi
982 2270 1097 2305 stabat,
1115 2275 1147 2299 et
1165 2279 1242 2310 quos
1261 2273 1375 2303 nautae,
1391 2273 1525 2308 tempes-

865 2325 929 2350 tate
965 2326 1042 2355 crta,
1081 2321 1154 2349 vatis
1188 2317 1394 2359 suscipiendis
1426 2316 1525 2357 preci-

864 2370 985 2410 busque
1003 2367 1152 2399 faciendis
1176 2367 1300 2409 placare
1322 2366 1525 2396 conabantur.

865 2419 943 2449 Hor.
960 2419 987 2449 Ι.
999 2417 1061 2449 Od.
1078 2418 1141 2448 xiv.
1161 2418 1210 2447 10.
1233 2417 1318 2447 Fast.
1332 2415 1376 2446 iii.
1393 2415 1468 2446 593.

910 2469 982 2498 189.
1010 2467 1079 2497 Non
1106 2474 1158 2503 est,
1177 2466 1233 2497 οὐκ
1258 2466 1335 2501 ἔστι,
1360 2475 1420 2495 non
1442 2464 1528 2494 licet.

865 2517 918 2548 Cf.
936 2517 979 2547 xi.
997 2518 1070 2547 354.
1118 2516 1180 2546 Nec
1200 2516 1317 2546 nomina
1344 2516 1424 2544 norit
1440 2524 1525 2553 equo-

863 2579 944 2603 rum,
962 2572 996 2597 ut
1018 2566 1157 2607 singulos
1172 2575 1247 2596 voce
1262 2564 1397 2594 mulcere
1420 2569 1450 2593 et
1468 2561 1525 2591 mi-

864 2617 961 2657 tigare
986 2615 1093 2657 possit.
1132 2614 1184 2645 Cf.
1202 2626 1232 2645 v.
1256 2615 1340 2651 4023
1362 2618 1391 2643 et
1412 2612 1524 2642 Senec.

865 2665 964 2706 Hipp.
985 2675 1046 2694 ver.
1074 2664 1166 2694 1053.
1198 2663 1302 2693 Etiam
1326 2672 1376 2703 ap.
1400 2661 1527 2690 Homer.

864 2713 972 2744 heroes
994 2713 1195 2754 alloquuntur
1212 2721 1309 2752 equos
1323 2720 1404 2741 suos.
1429 2709 1468 2740 11.
1486 2712 1525 2740 Θ.

868 2764 937 2793 184.

996 2811 1023 2840 Ο
