1763 3181
226 175 313 217 346

616 177 667 217 Ρ.
700 175 912 218 OVIDII
945 176 1225 219 NASONIS

233 290 478 348 Cernere3
517 291 616 337 vidi
641 291 805 354 ipsum
829 298 1050 339 materno
1076 292 1315 355 sanguine
1341 291 1527 339 nasci.”

233 367 436 431 Excipit
464 367 675 415 Uranie:
718 374 746 391 “
773 368 1097 432 Quaecunque
1123 376 1200 416 est
1224 384 1374 416 causa
1397 368 1595 416 videndi

233 444 337 491 Has
358 444 466 499 tibi,
490 444 630 499 Diva,
652 444 843 500 domos,
862 445 1024 492 animo
1046 445 1327 507 gratissima
1345 453 1513 492 nostro
1532 461 1608 492 es:

231 520 363 567 Vera
383 528 549 568 tamen
575 521 706 567 fama
729 528 821 576 est,
849 529 899 568 et
924 521 1150 584 Pegasus
1176 523 1322 584 hujus
1347 523 1482 585 origo

232 596 402 644 Fontis
420 597 464 654 ;''
502 605 552 645 et
576 599 639 644 ad
663 598 837 645 latices
864 598 1068 645 deducit
1093 598 1302 646 Pallada
1326 615 1521 655 sacros;

232 674 356 730 Quae
381 676 556 723 mirata
580 677 664 723 diu
690 676 846 723 factas
872 677 1014 740 pedis
1040 677 1222 723 ictibus
1248 677 1423 733 undas,

235 753 478 801 Silvarum
502 754 640 801 lucos
666 754 1004 817 circumspicit
1027 755 1359 817 antiquarum,

1518 755 1614 800 265

232 829 506 892 Antraque,
528 838 577 877 et
601 830 873 878 innumeris
898 831 1158 877 distinctas
1183 831 1386 878 floribus
1411 830 1612 877 herbas:

234 907 528 970 Felicesque
552 914 697 955 vocat
720 908 903 972 pariter
929 908 1198 971 studiique,
1224 908 1420 971 locique

232 984 599 1041 Mnemonidas,
624 1001 775 1048 quam
801 987 870 1033 sic
899 985 1048 1033 affata
1072 993 1148 1033 est
1172 1001 1272 1033 una
1292 1001 1540 1032 sororum:

234 1067 265 1085 “
290 1061 352 1117 O,
379 1061 472 1107 nisi
497 1069 547 1108 te
571 1062 724 1108 virtus
749 1079 900 1126 opera
924 1063 986 1110 ad
1012 1064 1198 1125 majora
1221 1062 1432 1117 tulisset,

232 1138 292 1185 In
317 1145 507 1202 partem
532 1146 740 1186 ventura
764 1139 900 1186 chori
925 1138 1147 1186 Tritonia
1171 1138 1342 1194 nostri,

1522 1141 1619 1185 270

232 1216 364 1264 Vera
373 1216 523 1264 refers
538 1235 547 1274 ;
577 1218 854 1281 meritoque
870 1218 1050 1281 probas
1062 1224 1310 1279 artesque,
1324 1216 1589 1278 locumque
1604 1233 1614 1272 ;

234 1293 302 1340 Et
325 1300 515 1356 gratam
542 1300 740 1350 sortem,
767 1301 888 1340 tutae
913 1295 1060 1341 modo
1088 1294 1258 1349 simus,
1286 1293 1543 1340 habemus.

236 1370 353 1427 Sed,
379 1371 587 1418 vetitum
613 1378 691 1418 est
713 1371 837 1419 adeo
864 1371 1038 1419 sceleri
1065 1371 1212 1418 nihil!
1251 1371 1416 1418 omnia
1433 1375 1620 1418 terrent

233 1448 495 1510 Virgineas
521 1456 731 1504 mentes,
759 1450 999 1512 dirusque
1025 1456 1142 1496 ante
1167 1465 1253 1495 ora
1277 1448 1536 1512 Pyreneus

232 1525 481 1582 Vertitur3
522 1533 572 1573 et
596 1526 814 1573 nondum
840 1542 919 1574 me
944 1533 1050 1573 tota
1073 1533 1238 1573 mente
1269 1524 1451 1589 recepi.

1522 1527 1618 1571 275

238 1602 419 1650 Daulia
443 1602 686 1660 Threicio,
715 1603 1199 1667 Phoceaque-milite
1223 1618 1337 1650 rura

237 1680 455 1744 Ceperat
478 1680 561 1727 ille
586 1679 741 1738 ferox,
768 1681 1055 1745 injustaque
1080 1697 1232 1745 regna
1255 1680 1473 1728 tenebat.

275 1803 350 1834 261.
373 1804 480 1832 Anima
507 1806 678 1845 gratissima
707 1811 805 1835 nostro
834 1805 889 1846 es.]

233 1853 333 1883 Notat
348 1851 496 1883 Heinsius
506 1863 573 1884 esse
584 1853 814 1885 hemistichium
828 1855 893 1885 Ho-

233 1901 392 1937 mericum,
431 1901 498 1943 ἐμῷ
534 1902 750 1944 κεχαρισμένη
787 1904 891 1946 θυμῷ.

235 1951 338 1992 Origo,
355 1956 471 1986 auctor,
483 1957 517 1981 ut
529 1951 550 1981 i.
564 1952 615 1982 79.
642 1952 761 1988 Tamen,
777 1960 893 1985 autem.

233 2001 314 2031 Fons
329 1999 383 2030 ille
401 1999 536 2042 Pegaseae
547 2012 628 2041 aquae
644 2001 728 2043 apud
743 2001 891 2033 Claudia-

232 2060 318 2086 num,
345 2049 388 2080 lv.
412 2050 442 2080 4.
467 2055 498 2080 et
526 2050 764 2090 Bellerophontei
790 2053 893 2082 humor

231 2101 310 2141 eqni,
326 2099 464 2140 Propert.
480 2099 543 2130 III.
558 2099 591 2129 ii.
606 2101 636 2130 2.

275 2149 350 2180 265.
373 2148 525 2178 Silvarum
548 2150 638 2185 lucos,
658 2149 734 2189 etc.]
760 2149 892 2181 Helicon

233 2197 400 2240 praestabat
414 2196 471 2227 soli
487 2196 646 2236 bonitate3
671 2197 808 2229 consitus
827 2205 892 2229 erat

233 2245 403 2281 arboribus,
419 2245 581 2277 fruticibus
597 2252 628 2277 et
643 2246 746 2277 herbis
762 2253 824 2277 tam
840 2258 890 2278 sa-

231 2294 417 2330 luberrimis,
446 2305 538 2336 quam
574 2295 747 2326 suavissimi
777 2295 889 2327 odoris.

232 2346 270 2375 In
285 2355 321 2374 eo
336 2343 425 2374 lucus
447 2344 621 2380 Musarum,
638 2344 678 2375 ad
698 2345 810 2375 laevam
827 2345 893 2376 fons

231 2393 408 2435 Aganippe.
453 2393 587 2424 Pausan.
610 2394 712 2424 Boeot.
736 2404 807 2435 pag.
831 2395 892 2425 763

231 2455 301 2485 sqq.
347 2442 460 2473 Felices
484 2445 589 2479 studii,
615 2443 713 2479 deest,
738 2450 891 2485 respectu.

232 2493 342 2523 Horat.
366 2491 394 2520 Ι.
424 2491 491 2521 Sat.
518 2491 560 2522 ix.
590 2493 638 2522 11.
657 2492 738 2534 ιῙ”εΙι“.ι
768 2495 892 2524 cerebri.

232 2543 320 2582 Virg.
334 2540 418 2581 felir
439 2542 531 2576 uteri,
551 2547 582 2572 et
606 2540 638 2571 in
663 2547 765 2572 nostro
787 2553 890 2583 opere,

231 2591 277 2622 iii.
307 2591 378 2620 132.
401 2590 494 2620 MSS.
518 2590 669 2627 nonnulli,
696 2592 779 2621 exilii
797 2592 891 2631 felir.

234 2641 434 2671 Mnemonides
450 2650 468 2669 a
489 2650 590 2680 graeco
605 2639 757 2682 μνήμων,
774 2640 845 2672 inde
860 2646 891 2672 et

230 2690 452 2729 Mnemosynes
466 2688 537 2719 filiae
553 2689 656 2720 dictae.

273 2738 346 2768 269.
372 2737 409 2772 0,
424 2739 482 2768 nisi
499 2739 627 2778 te,etc.]
662 2738 785 2769 Blanda
797 2744 828 2769 et
841 2749 888 2769 ur-

1357 1804 1455 1843 Opera
1490 1804 1602 1842 majora
1609 1826 1617 1838 ,

1301 1853 1425 1889 Chorus,
1462 1862 1620 1887 numerus,

957 1806 1040 1836 bana
1077 1804 1287 1846 compellatio.

959 1865 1072 1896 nempe
1107 1854 1232 1885 bellica.

958 1912 1071 1939 coetus,
1087 1914 1267 1945 quanquam
1289 1904 1391 1933 Musae
1408 1908 1439 1932 et
1454 1903 1554 1932 choros
1572 1901 1620 1932 in-

958 1953 1139 1984 stituebant.
1173 1952 1302 1983 Hesiod.
1325 1952 1444 1992 Theog.
1466 1952 1495 1981 7.
1539 1951 1619 1981 Sua-

958 2003 1037 2033 viter
1047 2003 1199 2038 additum,
1210 2004 1362 2044 virgineus
1372 2012 1380 2039 ;
1390 1999 1525 2041 virgines
1537 1999 1620 2030 enim

958 2052 1051 2083 facile
1080 2057 1243 2083 terrentur.
1288 2052 1329 2082 Et
1353 2050 1491 2091 virgineo
1514 2048 1621 2080 terrori

959 2101 1149 2132 conveniunt
1176 2106 1208 2132 et
1237 2100 1410 2142 sequentia,
1438 2101 1621 2138 dirusque—

959 2153 1099 2182 vertitur.
1156 2150 1311 2191 Pyreneus
1335 2160 1352 2180 e
1377 2148 1512 2179 Thracia
1536 2147 1619 2178 colo-

958 2200 1042 2231 niam
1065 2200 1195 2231 deduxit
1218 2199 1250 2230 in
1276 2198 1444 2234 Boeotiam,
1462 2202 1555 2238 atque
1572 2197 1620 2228 vel

958 2249 1091 2280 ruditate
1107 2260 1165 2279 sua
1180 2249 1230 2279 vel
1250 2248 1334 2278 bello
1353 2248 1465 2278 Musas
1484 2245 1556 2276 inde
1572 2246 1619 2276 fu-

956 2299 1046 2339 gasse
1062 2298 1124 2329 dici
1140 2298 1250 2340 potuit.
1296 2298 1332 2327 Se
1348 2299 1475 2336 recipere
1489 2301 1542 2326 aut
1557 2298 1619 2326 col-

961 2348 1054 2388 ligere
1075 2347 1232 2383 dicuntur‚
1248 2346 1302 2388 qui
1326 2357 1364 2377 ex
1386 2355 1502 2386 magna
1524 2343 1620 2375 animi

960 2395 1190 2436 perturbatione
1217 2395 1257 2426 ad
1286 2393 1544 2437 tranquillitatem
1573 2403 1620 2424 re-

961 2444 1070 2475 deunt.

1004 2494 1076 2523 276.
1103 2494 1224 2529 Daulis,
1243 2494 1315 2524 urbs
1329 2491 1486 2528 Phocidis,
1498 2502 1536 2522 ex
1557 2501 1619 2532 qua

958 2542 1009 2572 via
1025 2542 1160 2573 ducebat
1173 2543 1212 2573 ad
1229 2540 1373 2573 Parnassi
1383 2541 1470 2583 juga.
1483 2541 1619 2571 Pausan.

959 2591 1055 2621 Phoc.
1080 2603 1110 2633 p.
1132 2593 1191 2622 807
1213 2602 1281 2633 sqq.
1330 2590 1449 2629 Templa
1470 2590 1618 2619 Parnasia

959 2651 1070 2682 nempe
1096 2640 1251 2682 Apollinis
1275 2646 1306 2670 et
1337 2638 1468 2675 Bacchi,
1492 2638 1546 2680 qui
1574 2637 1617 2669 ibi

959 2689 1150 2720 colebantur.
