1763 3181
411 168 1032 212 METAMORPHOSEON
1067 172 1186 213 LIB.
1217 174 1327 215 VII.
1463 178 1548 218 455

157 283 214 330 In
237 283 464 332 manibus
485 285 660 331 vestris
682 284 784 331 vita
808 292 900 341 est,
922 292 1145 349 aetasque
1171 290 1406 351 parentis.
1446 293 1542 338 335

156 361 207 407 Si
234 361 394 424 pietas
421 361 520 408 ulla
539 369 632 416 est,
661 377 752 409 nec
779 378 894 425 spes
921 363 1119 424 agitatis
1139 364 1329 421 inanes,

154 437 385 485 Officium
407 446 641 502 praestate
667 440 821 502 patri3
863 440 1077 502 telisque
1103 450 1358 489 senectam

153 513 371 577 Exigste,
398 522 449 562 et
473 515 662 563 saniem
688 516 917 578 conjecto
944 516 1154 564 emittite
1179 518 1356 565 ferro.'’

153 590 261 648 His,
280 599 335 639 ut
354 608 568 655 quaeque
589 593 671 655 pia
692 600 782 648 est,
802 593 1080 640 hortatibus
1098 593 1250 658 impia
1264 596 1423 658 prima
1438 603 1538 654 est;

153 667 219 715 Et
243 685 305 716 ne
326 670 390 717 sit
414 671 671 725 scelerata,
694 670 813 717 facit
839 659 1027 717 scelus:
1062 670 1196 717 haud
1221 679 1388 719 tamen
1413 672 1543 719 ictus

153 745 269 793 Ulla
294 763 408 793 suos
436 754 664 811 spectare
690 754 884 811 potest3
927 749 1201 811 oculosque
1227 750 1516 806 reflectunt;

152 823 403 887 Caecaque
423 825 544 873 dant
568 826 711 873 saevis
733 842 917 873 aversae
943 826 1147 873 vulnera
1170 827 1378 874 dextris.

1445 830 1540 874 342

150 901 258 958 Ille,
281 918 453 949 cruore
477 903 653 959 fluens,
682 904 851 951 cubito
877 912 1042 951 tamen
1068 905 1248 951 allevat
1273 912 1434 962 artus3

153 978 526 1042 Semilacerque
547 988 655 1027 toro
681 997 979 1044 consurgere
1005 988 1195 1038 tentat3
1237 989 1287 1028 et
1311 981 1439 1029 inter

149 1054 245 1102 Tot
267 1056 462 1103 medius
482 1057 674 1119 gladios
696 1058 934 1120 pallentia
954 1058 1157 1105 brachia
1178 1058 1406 1113 tendenS‚

150 1137 181 1155 “
205 1131 336 1186 Quid
363 1133 541 1190 facitis,
569 1135 767 1196 gnatae?
806 1135 928 1198 quid
953 1152 1039 1182 vos
1065 1136 1115 1182 in
1137 1135 1239 1182 fata
1264 1136 1484 1198 parentis

149 1208 324 1257 Armat
338 1210 387 1257 ?''
410 1210 494 1258 ait.

569 1211 812 1259 Cecidere
838 1212 933 1259 illis
953 1212 1221 1274 animique,
1242 1228 1538 1274 manusque.

150 1285 304 1334 Plura
322 1288 590 1351 loquuturo
615 1305 730 1336 cum
754 1289 918 1336 verbis
944 1296 1145 1350 guttura
1171 1288 1375 1336 Colchis

148 1362 389 1420 Abstulit,
416 1372 467 1413 et
491 1366 663 1413 calidis
688 1366 928 1413 laniatum
953 1366 1126 1414 mersit
1150 1366 1338 1414 ahenis.

1446 1368 1541 1413 349

214 1441 275 1488 V.
306 1440 456 1496 Quod·
474 1442 568 1490 nisi
588 1444 820 1507 pennatis
841 1444 1155 1508 serpentibus
1171 1446 1293 1491 isset
1314 1444 1362 1489 in
1379 1460 1540 1498 auras,

189 1588 263 1619 335.
288 1587 328 1618 In
350 1590 497 1624 manibus,
513 1589 592 1630 etc.]
620 1590 681 1620 Hic
705 1600 812 1621 versus

147 1647 216 1667 meo
244 1636 368 1668 calculo
397 1637 477 1668 inter
505 1637 704 1669 Nasonianos
739 1649 810 1669 cum

146 1686 276 1717 Heinsio
302 1697 363 1717 non
388 1686 618 1718 admittendum
643 1693 729 1729 puto,
754 1688 811 1719 eti-

146 1735 223 1766 amsi
237 1735 269 1766 in
287 1735 457 1767 Codicibus
472 1737 582 1767 nostris
597 1737 730 1778 legatur.

190 1785 263 1816 336.
288 1786 433 1826 Agitatis,
446 1785 478 1815 in
494 1787 597 1817 animo
614 1786 708 1817 alitis,
738 1787 811 1817 Eii-

143 1835 219 1875 gite,
238 1834 398 1876 expellite.
443 1835 560 1871 Sanies,
578 1834 678 1865 omnis
701 1835 812 1866 liumor

145 1890 317 1924 corruptuS.
362 1883 456 1914 Nunc
479 1883 631 1915 invidiose
654 1883 698 1914 ita
721 1892 812 1915 vocat

144 1932 328 1973 sanguinem
341 1932 424 1963 senis
436 1933 598 1974 decrepiti,
611 1944 703 1974 quem
716 1934 810 1974 paulo

146 1988 218 2012 ante
230 1988 357 2012 veterem
371 1993 508 2012 cruorem
524 1981 709 2023 appellavit.

189 2032 266 2062 339.
292 2032 361 2067 His,
383 2039 432 2067 ut,
460 2031 539 2072 etc.]
573 2031 668 2062 Ludit
692 2031 809 2073 duplici

146 2090 304 2122 oxymorO.
351 2081 448 2116 Cerea,
467 2090 486 2111 a
501 2080 616 2122 quibus
636 2079 710 2123 ipsae
724 2092 810 2111 aver-

146 2134 216 2161 tunt
231 2130 345 2160 oculos.
393 2130 448 2160 Tot
461 2131 590 2172 gladios,
605 2140 718 2171 nempe
733 2141 810 2172 qua-

147 2185 216 2210 tuor
230 2191 238 2217 ;
261 2184 307 2210 tot
322 2178 405 2210 enim
419 2179 448 2211 ei
459 2185 548 2210 erant
563 2179 647 2211 filiae.

191 2230 266 2260 348.
294 2229 370 2259 Cum
388 2230 482 2260 verbis
494 2235 627 2271 guttura
648 2230 770 2259 abstulit
782 2229 809 2270 5]

148 2278 281 2309 resoluto
307 2283 432 2319 gutture
457 2279 587 2308 abstulit
601 2278 708 2308 verba.
749 2279 811 2308 La-

148 2329 278 2363 m‘atum,
297 2334 358 2359 etc.
371 2356 376 2358 .
390 2327 575 2363 Pausanias,
592 2327 809 2369 κατακόψασα

147 2377 279 2419 ἑψῆσαι.
323 2377 402 2408 Inde
423 2377 574 2408 remansit
592 2389 630 2408 ne
652 2378 809 2410 tantillum

146 2426 287 2468 quidem,
303 2426 388 2468 quod
404 2427 571 2468 sepulturae
596 2426 676 2457 tradi
691 2433 807 2469 posset.

149 2476 264 2507 Noster
278 2476 409 2518 abrupte
424 2475 493 2506 finit
509 2475 659 2507 fabulam.

193 2525 375 2556 350—-397,
394 2524 487 2555 Jason
508 2535 580 2555 cum
601 2524 709 2555 Medea
724 2524 810 2556 Iolco

147 2578 279 2605 exactus
300 2574 479 2604 Corinthum
504 2573 594 2614 fugit.
640 2573 689 2603 lbi
714 2584 809 2614 quum

149 2622 261 2652 decem
283 2632 378 2654 annos
394 2622 531 2657 vixisset,
545 2621 690 2653 Glaucen
712 2621 810 2657 ducit,

149 2671 294 2702 Creontis
316 2671 398 2712 regis
411 2671 507 2701 filiam
521 2682 529 2709 ;
554 2682 615 2712 quo
632 2671 749 2701 Medea
764 2671 810 2700 of-

147 2720 237 2750 {ensa
253 2731 372 2751 veneno
388 2721 532 2751 Glaucen
549 2720 708 2757 interimit,
726 2731 811 2750 suos-

880 1600 940 1631 que
958 1589 1037 1620 filios
1048 1589 1197 1620 trucidat.
1237 1590 1315 1619 Eam
1333 1594 1436 1619 autem
1452 1588 1542 1619 fabu-

879 1638 940 1668 lam
966 1639 1081 1668 Noster
1100 1637 1234 1668 breviter
1260 1643 1381 1668 tantum
1407 1636 1543 1678 attingit.

880 1688 994 1718 Confer
1010 1687 1158 1729 Apollod.
1174 1687 1203 1717 I.
1221 1687 1263 1718 ix.
1279 1687 1331 1717 28.
1356 1687 1407 1717 ubi
1430 1686 1476 1716 illi
1501 1687 1541 1717 ab

881 1737 997 1768 Acasto
1012 1742 1044 1767 et
1059 1736 1255 1767 Iolcensibus
1269 1736 1469 1778 expelluntur
1482 1748 1489 1774 ;
1511 1743 1542 1767 et

878 1788 1035 1829 Hyginus,
1052 1787 1116 1818 fab.
1131 1787 1183 1822 25,
1199 1787 1253 1817 26.
1268 1797 1330 1827 quo
1346 1791 1470 1816 auctore
1484 1787 1540 1818 Ja—

878 1846 934 1867 son
954 1841 1063 1878 sponte
1079 1836 1197 1866 Acasto
1216 1834 1313 1877 patris
1332 1845 1461 1876 regnum
1477 1840 1538 1866 tra—

878 1885 934 1916 dit.
980 1885 1096 1916 Confer
1112 1885 1268 1915 Diodorus
1282 1884 1417 1920 Siculus,
1430 1883 1472 1914 iv.
1488 1886 1541 1915 34.

878 1935 1017 1965 Pausan.
1033 1934 1068 1964 ii.
1091 1935 1122 1964 3.
1144 1933 1308 1964 Tractarat
1330 1933 1397 1963 haec
1421 1933 1539 1974 Sopho-

879 1984 943 2014 cles
967 1982 998 2014 in
1019 1982 1238 2015 Colchidibus.
1280 1983 1393 2013 Restat
1417 1982 1540 2024 Euripi-

878 2032 927 2063 dis
945 2033 1073 2063 Medea.
1120 2032 1158 2062 ln
1181 2031 1291 2062 itinere
1317 2031 1447 2072 despicit
1469 2031 1540 2062 loca

879 2082 991 2118 multa,
1007 2081 1307 2123 metamorphosibus
1322 2081 1448 2111 nobilia.
1480 2081 1542 2111 Sed

880 2137 962 2162 totus
989 2132 1038 2162 liic
1063 2131 1151 2162 locus
1175 2130 1267 2161 valde
1293 2129 1418 2160 vexavit
1440 2130 1542 2160 Inter·

879 2186 993 2222 pretes,
1010 2178 1267 2221 quandoquidem
1284 2179 1397 2209 fabulae
1413 2178 1475 2208 illae
1491 2189 1540 2209 sa-

877 2228 918 2259 tis
933 2230 1073 2260 obscurae
1087 2234 1172 2259 sunt.
1200 2229 1314 2269 Neque
1326 2227 1443 2258 Medea
1455 2234 1542 2258 recta

880 2278 931 2309 via
959 2279 1055 2314 volat,
1086 2278 1140 2308 sed
1170 2277 1258 2308 milvi
1288 2277 1384 2307 instar
1411 2276 1542 2308 circinat

879 2338 989 2366 auras;
1019 2327 1078 2358 nisi
1106 2327 1145 2358 ad
1174 2326 1387 2357 excusandum
1417 2331 1539 2367 poetam

878 2377 967 2408 malis
983 2377 1099 2413 dicere,
1119 2376 1270 2407 Medeam
1285 2387 1322 2406 ex
1340 2375 1403 2406 alto
1418 2381 1539 2406 tantum

877 2427 984 2467 procul
1007 2425 1188 2467 despexisse
1216 2425 1271 2456 illa
1296 2425 1379 2456 loca.
1420 2425 1540 2455 Penna-

878 2477 936 2512 tis,·
971 2474 1140 2506 Claudian.
1167 2473 1276 2504 xxxvi.
1306 2475 1377 2504 139.
1405 2473 1541 2504 Cibebes

877 2524 1074 2566 serpentibus
1101 2523 1209 2554 tribuit
1235 2526 1354 2562 pinnas,
1379 2522 1432 2552 ubi
1458 2522 1538 2553 Ges-

878 2584 970 2604 nerus
986 2579 1103 2608 monet,
1122 2572 1179 2602 hoc
1195 2582 1307 2603 nomen
1327 2582 1345 2601 a
1358 2572 1464 2610 pennis
1478 2569 1536 2600 ori—

877 2623 947 2663 gine
977 2629 1008 2654 et
1036 2633 1094 2652 usu
1131 2620 1345 2661 antiquissimo
1375 2619 1450 2649 forte
1476 2629 1537 2649 non

878 2671 1011 2706 differre,
1036 2670 1090 2700 sed
1112 2668 1299 2707 Quintiliani
1322 2673 1413 2699 aetate
1437 2677 1536 2708 gram-

879 2719 1008 2750 maticos
1019 2719 1184 2750 discrimen
1202 2718 1301 2748 facere
1313 2716 1456 2758 coepisse,
1467 2717 1535 2755 pin—
