1763 3181
227 163 315 206 392

621 165 673 206 Ρ.
706 165 919 207 OVIDII
952 164 1231 208 NASONIS

235 279 342 326 Sub
367 279 568 327 domina
592 286 696 338 est;
736 280 1020 343 fidibusque
1044 282 1140 329 mei
1166 282 1433 329 commissa
1456 282 1618 330 mariti

233 355 423 403 Moenia
445 372 559 404 cum
583 357 780 421 populis
805 373 834 404 a
858 373 1038 420 meque
1063 358 1266 421 viroque
1291 366 1545 421 reguntur.

231 431 291 479 In
316 449 668 497 quamcunque
692 434 868 482 domus
889 434 1091 481 adverto
1115 434 1302 482 lumina
1325 443 1532 499 partem,

233 508 496 558 Immensae
522 518 813 575 spectantur
837 528 957 575 opes
977 528 987 559 :
1027 511 1222 559 accedit
1246 513 1422 560 eodem

1529 517 1614 561 181

236 585 402 648 Digna
428 587 549 635 Deae
573 587 754 636 facies:
795 588 893 635 huc
919 595 1060 635 natas
1086 588 1245 651 adjice
1270 596 1480 653 septem,

233 662 300 710 Et
325 664 533 712 totidem
552 666 778 729 juveneS,
799 673 850 713 et
867 682 983 713 mox
1009 682 1318 730 generosque
1344 682 1615 730 nurusque.

233 739 453 794 Quaerite
478 758 626 798 nunc,
652 743 835 790 habeat
860 758 1010 806 quam
1043 749 1213 790 nostra
1245 743 1478 806 superbia
1503 759 1619 791 cau—

233 817 419 866 Nescio
445 834 647 883 quoque
673 821 854 868 audete
881 828 1038 868 satam
1056 820 1286 868 Titanida
1307 820 1428 868 Coeo
1466 822 1618 882 [samz

233 893 473 943 Latonam
494 896 724 960 praeferre
743 897 886 955 mihi3
914 897 994 944 cui
1014 897 1232 944 maxima
1247 897 1498 960 quondam
1529 901 1620 945 186

230 1048 354 1081 dedisse
377 1049 472 1081 muris
494 1051 622 1092 (Horat.
638 1052 679 1082 A.
696 1053 734 1085 P.
752 1053 844 1093 394.)
860 1053 892 1084 id

231 1104 291 1135 est,
317 1099 451 1130 musices
473 1101 629 1132 suavitate
652 1103 695 1132 ita
720 1101 893 1134 oblectasse

230 1148 407 1185 Thebanos,
433 1154 468 1180 ut
490 1150 585 1181 muris
607 1151 788 1182 extruendis
817 1163 892 1194 ope—

232 1208 298 1229 ram
321 1209 435 1230 navare
458 1209 519 1229 non
545 1208 747 1241 gravarentur
770 1200 893 1242 (Maxi-

232 1257 301 1278 mus
328 1248 402 1289 Tyr.
425 1248 557 1280 Dissert.
580 1250 633 1281 21.
659 1250 799 1292 Palaeph.
824 1250 893 1290 42.)

230 1302 362 1328 constat.
407 1297 492 1328 Hinc
528 1298 622 1340 igitur
650 1303 757 1331 ma‘nia
777 1301 894 1341 fidibus

231 1348 335 1376 mariti
344 1349 400 1377 mei
412 1349 571 1384 commissa,
582 1354 772 1380 constructa.
798 1350 894 1392 Apud

231 1395 373 1437 Propert.
396 1396 416 1426 i.
440 1397 560 1427 9—-10,
579 1398 762 1438 Amphioniae
788 1401 894 1430 maulia

231 1446 317 1485 lyrae.
364 1445 459 1476 Plura
474 1446 512 1477 de
527 1446 594 1488 ejus
610 1453 675 1478 arte
700 1447 819 1479 musica
840 1449 895 1480 ha-

231 1494 284 1524 bet
298 1494 437 1525 Pausan.
450 1496 554 1525 Boeot.
569 1507 601 1537 p.
617 1497 690 1527 720.
735 1497 786 1527 De
801 1497 896 1528 muris

231 1543 300 1582 ejus
316 1543 381 1575 vid.
393 1544 523 1575 Homer,
535 1545 598 1576 Od.
611 1549 650 1577 A.
661 1547 735 1578 261.
775 1548 894 1588 Populi,

233 1592 330 1624 cives.

278 1644 351 1674 182.
378 1643 483 1685 Digna
506 1644 607 1685 Deae.]
634 1645 749 1676 Confer
772 1657 801 1677 v.
821 1648 894 1678 182.

233 1691 284 1722 De
301 1702 429 1723 numero
444 1693 611 1724 liberorum
623 1694 742 1726 Niobes
757 1695 893 1728 studiose

232 1740 441 1781 quaesiverunt
464 1742 606 1779 Veteres,
628 1743 693 1774 AEl.
715 1744 755 1775 V.
776 1745 818 1776 H.
840 1746 893 1777 xii.

232 1790 293 1827 363
317 1790 440 1822 Gellius
455 1792 499 1823 N.
513 1792 556 1823 A.
571 1804 624 1823 xx.
640 1793 680 1831 73
703 1794 806 1825 Schol.
826 1796 891 1826 Eu-

232 1837 294 1879 rip.
309 1839 349 1869 ad
366 1839 479 1871 Phoen.
501 1841 569 1871 162.
585 1848 616 1872 et
635 1852 652 1873 e
671 1843 893 1876 recentioribus

231 1886 349 1928 Cuper.
367 1888 445 1919 Obs.
466 1888 513 1920 iii.
531 1890 561 1920 7.
606 1891 719 1922 Noster
742 1899 893 1934 sequutus

230 1940 277 1965 est
299 1936 410 1978 Eurip.
435 1938 546 1969 AEsch.
569 1939 729 1981 Aristoph.
754 1941 892 1979 Lasium,

230 1983 285 2025 qui
322 1990 443 2026 septem
479 1987 557 2018 filios
592 1987 784 2030 totidemque
815 1991 894 2023 filias

231 2032 343 2064 Niobae
359 2034 487 2067 dabant.
515 2037 566 2068 Sic
582 2042 613 2068 et
628 2038 784 2080 Hyginus,
796 2039 892 2081 Apol-

229 2081 364 2118 lodorus,
395 2089 427 2114 et
460 2085 651 2117 Scholiastes
678 2087 846 2129 Euripidis,
877 2100 895 2120 e

232 2131 434 2173 Cresphonte.
480 2134 635 2166 Homerus
664 2147 724 2167 non
754 2138 812 2168 nisi
841 2149 893 2169 sex

230 2180 391 2223 utriusque
407 2193 500 2214 sexus
521 2191 675 2222 numerat,
693 2186 848 2218 Hesiodus
864 2193 895 2218 et

230 2230 378 2262 AElianus
414 2233 539 2265 omnino
567 2234 689 2276 viginti,
716 2237 895 2269 Herodotus

231 2279 309 2311 duos
322 2281 412 2318 filios,
429 2288 490 2314 tres
505 2284 597 2315 filias.

276 2330 350 2361 185.
391 2331 497 2362 Nescio
526 2344 650 2373 qaoque,
682 2335 764 2376 etc.]
812 2336 892 2367 Cum

231 2377 396 2420 splendida
411 2390 468 2410 sua
484 2380 608 2412 fortuna
624 2390 783 2425 comparat
799 2384 891 2416 mise-

229 2437 295 2457 ram
320 2427 445 2459 Latonae
469 2435 592 2467 sortem,
618 2432 656 2463 de
680 2443 742 2474 qua
765 2434 891 2465 Homer.

230 2474 261 2505 h.
277 2476 384 2517 Apoll.
400 2482 431 2508 et
446 2478 661 2512 Callimachus
680 2481 711 2513 h.
726 2481 758 2512 in
775 2483 892 2525 Delph.

231 2523 380 2556 adeundi.
438 2527 544 2559 Nescio
564 2541 676 2570 quoque
690 2532 798 2561 audete
811 2535 895 2574 geni-

232 2579 304 2610 tam,
316 2574 399 2615 quod
417 2575 527 2607 habuit
541 2577 585 2609 vir
603 2579 651 2609 Cl.
667 2581 785 2621 (herig,
801 2591 895 2622 grave

229 2623 378 2655 mendum
390 2630 454 2661 est;
470 2626 528 2657 hoc
538 2628 783 2665 emendavimus,
796 2631 892 2661 Hein-

231 2671 276 2702 sio
291 2672 379 2703 sreti:
403 2684 471 2705 raro
492 2675 619 2717 quidem
644 2678 768 2719 ponitur
789 2679 824 2710 τὸ
839 2692 895 2719 quc

230 2727 300 2762 post
327 2724 423 2753 nescio
448 2727 532 2764 quis:
565 2731 671 2757 tamen
701 2737 798 2769 quum
830 2739 892 2759 uuo

962 1058 1062 1084 tractu
1079 1054 1199 1094 legatur
1215 1054 1310 1083 nescio
1324 1054 1397 1093 quis,
1414 1053 1502 1094 quasi
1517 1053 1623 1094 adjec-

961 1102 1055 1139 tivus,
1083 1102 1126 1133 nil
1157 1103 1260 1133 obstat
1289 1102 1454 1143 quominus
1482 1102 1627 1134 admittat

960 1158 1028 1194 post
1061 1155 1125 1193 quis
1161 1153 1211 1183 vel
1247 1164 1302 1192 qno
1337 1151 1522 1194 particulam
1559 1163 1626 1192 que.

961 1201 1082 1243 Tanaq.
1106 1202 1215 1237 Faber,
1242 1201 1292 1232 cui
1318 1212 1408 1232 suum
1435 1206 1542 1243 caput,
1569 1212 1626 1233 sua

961 1251 1057 1282 libido
1074 1257 1133 1287 est,
1152 1262 1214 1281 non
1229 1251 1333 1281 timuit
1354 1256 1474 1282 mutare
1492 1257 1624 1287 textum,

962 1311 1023 1331 non
1051 1300 1229 1336 infeliciter,
1257 1300 1313 1330 sed
1337 1300 1403 1331 sine
1429 1300 1625 1335 auctoritate.

961 1348 1008 1379 his
1020 1349 1139 1380 verbis:
1160 1350 1200 1379 Et
1215 1360 1295 1380 nunc
1312 1352 1406 1380 nescio
1421 1360 1477 1390 quo
1487 1352 1623 1390 genitam

964 1397 1108 1428 Titanida
1126 1400 1191 1429 Coeo
1211 1399 1356 1428 Latonam
1375 1400 1516 1442 praeferte
1530 1399 1626 1429 mihi!

961 1447 1034 1477 Fuit
1056 1453 1162 1478 autem
1188 1448 1273 1479 Coeus
1296 1458 1376 1478 unus
1395 1458 1433 1478 ex
1448 1447 1624 1485 Titanibus,

963 1497 1052 1538 cujus
1074 1497 1139 1527 filia
1162 1498 1286 1528 Latona
1307 1507 1326 1527 a
1347 1497 1427 1528 Jove
1449 1507 1627 1539 compressa

962 1545 1143 1587 Apollinem
1160 1546 1252 1576 simul
1268 1552 1300 1576 et
1312 1546 1449 1576 Dianam
1466 1546 1622 1588 concepit.

1010 1596 1079 1626 186.
1106 1595 1164 1625 Cui
1185 1598 1439 1626 marium—terra
1455 1597 1576 1637 negavit
1589 1596 1619 1637 ς]

962 1645 981 1676 J
988 1644 1171 1686 urejurando
1193 1645 1400 1675 obstrinxerat
1415 1645 1433 1675 J
1438 1655 1498 1675 uno
1518 1655 1625 1676 omnes

964 1700 1059 1724 terras
1088 1704 1127 1725 ne
1156 1694 1339 1736 parturienti
1363 1695 1491 1725 Latonae
1521 1694 1624 1726 locum

961 1743 1168 1775 concederent
1185 1756 1191 1773 :
1215 1743 1308 1774 latuit
1342 1749 1408 1775 tum
1443 1745 1500 1775 sub
1535 1744 1625 1786 aquis

961 1793 1060 1824 Delos
1088 1793 1201 1830 insula,
1230 1805 1324 1836 quam
1352 1805 1508 1836 emergere
1530 1794 1624 1837 jussit

961 1843 1129 1885 Neptunus
1153 1850 1185 1874 et
1208 1844 1312 1874 locum
1336 1844 1519 1885 parturienti
1543 1855 1625 1886 prae-

960 1892 1053 1924 bere:
1078 1893 1149 1924 vide
1169 1893 1249 1924 infra
1265 1904 1333 1935 quae
1350 1892 1438 1923 addit
1454 1893 1563 1935 Gierig
1585 1893 1624 1925 de

959 1942 1062 1973 insula
1092 1942 1184 1974 Delo.
1228 1944 1279 1974 De
1311 1943 1463 1973 erroribus
1494 1943 1621 1974 Latonae

960 1991 1170 2031 parturientis,
1182 1991 1245 2024 vid.
1259 1992 1385 2023 Homer.
1399 1991 1433 2022 h.
1444 1991 1552 2033 Apoll.
1569 1993 1622 2024 30.

961 2045 992 2070 et
1007 2040 1045 2071 de
1062 2041 1143 2072 Delo
1156 2043 1297 2072 miserata
1319 2048 1488 2083 vagantem,
1503 2052 1567 2072 ver.
1582 2042 1621 2072 61

960 2100 1029 2131 sqq.
1042 2096 1073 2120 et
1086 2089 1213 2121 Callim.
1226 2090 1256 2120 h.
1268 2091 1343 2121 Del.
1355 2092 1415 2121 201
1433 2101 1502 2132 sqq.
1541 2091 1623 2122 Exul

961 2141 1067 2169 mundi
1082 2139 1191 2170 eadem
1217 2139 1353 2181 syntaxi,
1370 2150 1433 2181 qua
1452 2141 1521 2170 eaul
1543 2151 1623 2170 men-

962 2190 1011 2224 tis,
1029 2189 1189 2230 fugitiuus
1214 2191 1310 2230 regni,
1334 2195 1394 2221 etc.
1418 2188 1489 2219 vide
1512 2191 1623 2221 Burm-

962 2237 1107 2268 Graviter
1127 2240 1196 2268 exul
1221 2240 1339 2273 muudi,
1358 2249 1455 2279 quum
1478 2238 1531 2268 alii
1553 2244 1621 2270 tan-

961 2292 1027 2317 tum
1042 2287 1102 2318 sint
1119 2290 1216 2318 enices
1231 2291 1346 2328 putria.
1393 2288 1457 2328 Ego
1475 2289 1506 2318 in
1523 2290 1624 2319 undis.

961 2335 1060 2367 Delos
1083 2336 1156 2367 olim
1179 2337 1333 2368 instabilis
1357 2337 1453 2378 (Stat.
1470 2337 1578 2368 Achil.
1601 2337 1622 2369 i.

960 2386 1053 2420 388.)
1067 2393 1098 2417 et
1110 2398 1214 2418 errans
1227 2386 1258 2417 in
1272 2387 1358 2423 mari,
1371 2387 1425 2417 sed
1443 2393 1515 2417 nato
1526 2386 1622 2428 Apol-

959 2434 1021 2466 line
1034 2437 1138 2466 statim
1153 2436 1280 2466 immota
1292 2436 1376 2467 facta
1388 2442 1434 2466 est
1445 2442 1476 2466 et
1487 2435 1622 2472 incussa,

963 2483 1113 2525 haesitque
1147 2484 1226 2516 inter
1259 2486 1400 2526 Gyarum
1433 2486 1622 2526 Myconum-

963 2543 1023 2574 que
1054 2533 1226 2574 Cyclades;
1252 2533 1378 2564 AEneid.
1407 2532 1453 2564 iii.
1483 2534 1523 2565 75
1552 2544 1622 2576 sqq.

963 2582 1032 2612 ubi:
1070 2594 1136 2613 oras
1158 2590 1185 2613 et
1210 2585 1298 2614 litora
1321 2586 1434 2614 circum
1461 2584 1622 2614 Errantem

964 2632 1090 2672 Myle-one
1104 2635 1178 2663 celsa
1198 2634 1357 2674 Gyaroque
1372 2635 1512 2664 revinxit.
1540 2633 1621 2665 Vide

959 2680 1117 2723 dialogum
1134 2681 1226 2713 Iridis
1241 2688 1272 2713 et
1287 2683 1438 2723 Neptuni,
1454 2682 1536 2724 apud
1556 2683 1619 2713 Lu-

959 2730 1095 2767 cianum,
1114 2738 1144 2762 et
1169 2742 1247 2772 quos
1271 2732 1380 2763 laudat
1398 2731 1565 2773 Spanhem.
1579 2731 1619 2763 ad
