1763 3181
241 181 327 223 448

626 183 676 223 Ρ.
709 181 921 224 OVIDII
953 181 1230 224 NASONIS

244 297 290 344 N
296 313 491 360 onaque
515 313 613 344 nox
638 312 808 344 omnes
833 297 1125 345 lustrantem
1149 298 1338 345 viderat
1362 313 1504 360 agros
1526 317 1536 354 ;

243 373 409 428 Quum
429 374 602 421 rediit:
631 390 722 421 nec
743 382 881 422 erant
900 375 1035 430 tacti,
1058 374 1151 421 nisi
1172 375 1336 430 odore,
1354 375 1616 432 dracones;

244 449 309 497 Et
334 457 500 498 tamen
527 466 725 498 annosae
752 451 933 514 pellem
958 467 1169 514 posuere
1199 459 1430 499 senectae.

1525 455 1618 498 237

311 527 551 574 Constitit
576 527 842 575 adveniens
868 527 993 574 citra
1017 527 1283 591 limenque,
1310 527 1568 591 foresque;

240 602 308 650 Et
331 611 522 651 tantum
548 605 672 652 coelo
699 604 909 666 tegitur;
949 604 1230 667 refugitque
1253 603 1417 651 viriles

242 681 545 739 Contactus3
587 681 861 745 statuitque
887 697 996 729 aras
1022 698 1049 729 e
1074 682 1264 745 cespite
1288 681 1447 738 binas,

240 757 536 805 Dexteriore
562 757 797 814 HecateS,
825 765 876 805 at
900 758 1024 806 laeva
1046 752 1186 822 parte
1210 757 1239 805 J
1246 764 1453 805 uventae.

239 835 375 889 Quas
401 836 486 883 ubi
510 836 753 893 verbeniS,
781 836 1003 899 silvaque
1028 836 1237 883 incinxit
1262 836 1471 899 agresti3
1524 838 1619 882 242

239 911 388 960 Haud
414 914 586 976 procul
611 920 784 976 egesta
808 913 1067 961 scrobibus
1093 913 1269 960 tellure
1295 913 1487 960 duabus

241 989 394 1037 Sacra
418 989 562 1048 facit;
603 990 892 1053 cultrosque
917 990 966 1036 in
992 995 1193 1052 guttura
1216 990 1411 1037 velleris
1437 989 1526 1036 atri

239 1066 485 1129 Conjicit3
527 1075 577 1115 et
600 1068 796 1131 patulas
823 1067 1076 1131 perfundit
1101 1068 1340 1130 sanguine
1366 1067 1540 1114 fossas.

237 1142 365 1191 Tum
390 1160 539 1208 super
563 1143 823 1206 invergens
848 1143 1024 1207 liquidi
1050 1144 1304 1192 carchesia
1330 1143 1534 1199 Bacchi,

234 1219 493 1284 AEneaque
518 1221 778 1285 invergens
804 1221 961 1285 tepidi
987 1221 1241 1270 carchesia
1262 1221 1422 1277 lactis,

1523 1222 1618 1267 247

234 1296 402 1345 Verba
426 1298 573 1345 simul
598 1299 775 1354 fundit,
803 1306 1102 1363 terrenaque
1126 1300 1329 1347 numina
1351 1298 1540 1363 poscit;

235 1373 637 1438 Umbrarumque
659 1383 799 1438 rogat
823 1384 966 1439 rapta
989 1392 1102 1423 cum
1128 1377 1339 1439 conjuge
1364 1391 1547 1437 regem,

234 1450 314 1498 Ne
339 1459 605 1515 properent
630 1460 764 1500 artus
790 1453 954 1500 anima
971 1453 1196 1501 fraudare
1222 1453 1419 1500 seniles.

233 1526 370 1582 Quos
395 1528 480 1576 ubi
505 1529 719 1593 placavit
738 1529 1090 1595 precibusque,
1112 1537 1162 1578 et
1180 1546 1429 1578 murmure
1454 1530 1617 1594 longo,

230 1656 374 1688 clararet.
417 1658 458 1689 Et
474 1658 574 1700 posita
588 1659 680 1689 certis
702 1658 891 1701 temporibus

226 1708 305 1746 pelle
318 1707 421 1738 solent
444 1714 605 1750 serpentes
629 1709 719 1750 quasi
739 1708 892 1750 juvenes-

230 1767 300 1788 cere
313 1768 318 1786 :
344 1757 416 1789 Art.
427 1758 534 1789 Amat.
547 1757 591 1789 iii.
602 1759 654 1789 77.
668 1759 828 1800 Anguibus
843 1770 891 1790 ex-

229 1808 317 1836 uitur
333 1809 418 1838 tenui
433 1819 499 1838 cum
513 1808 592 1847 pelle
606 1814 748 1838 vetustas.

272 1857 346 1887 238.
372 1856 513 1887 Constitit
534 1859 704 1892 adveniens,
719 1856 798 1897 etc.]
834 1856 891 1888 Sa-

229 1915 282 1936 cra
305 1905 442 1937 Medeae.
467 1906 563 1942 Citra,
581 1911 664 1941 ante,
679 1912 714 1937 ut
734 1917 764 1936 x.
783 1907 836 1937 84.
853 1905 892 1937 de

227 1959 377 1996 tempore.
427 1955 534 1986 Vir-iles
562 1962 726 1986 contactus.
770 1955 892 1986 Aderat

229 2003 312 2035 enirn
330 2004 421 2035 Iason
435 1998 507 2035 cuin
523 2003 683 2035 ministris.

271 2054 347 2084 242.
372 2053 456 2084 Silva
479 2056 613 2095 agrestis,
628 2053 751 2085 frondes
776 2064 792 2084 e
812 2053 892 2085 silva

228 2102 354 2144 agresti.
398 2103 560 2145 Ejusmodi
584 2103 671 2134 sertis
695 2103 834 2135 coronari
857 2104 890 2135 in

227 2152 323 2183 sacris
336 2151 468 2193 magicis
479 2162 538 2182 arae
552 2152 703 2184 solebant.
727 2151 888 2193 Virgilius,

228 2201 338 2240 Eclog.
364 2200 428 2231 viii.
455 2201 506 2231 64.
533 2201 586 2231 ubi
615 2207 647 2232 et
673 2201 713 2232 de
742 2202 888 2238 verbena,-

228 2249 356 2282 AEneid.
379 2249 422 2280 iv.
440 2250 513 2280 506.
560 2249 683 2292 Egesta.
708 2250 800 2281 MSS.
826 2250 889 2282 sere

228 2308 335 2329 omnes
350 2301 453 2338 ejecta,
467 2298 569 2339 qualis
583 2299 716 2330 varietas
731 2305 762 2330 et
773 2310 802 2329 x.
818 2300 888 2331 136.

226 2347 288 2378 Sed
305 2358 421 2389 egerere
435 2352 489 2378 aut
504 2358 638 2389 regerere
650 2349 728 2379 solet
743 2348 782 2379 de
795 2349 889 2379 humo

226 2396 299 2428 dici.
359 2397 513 2427 Scrobibus
545 2407 599 2439 pro
631 2400 693 2428 aris
721 2399 889 2430 utebantur

226 2456 337 2487 magae.
395 2446 498 2476 Fovea
534 2445 566 2476 in
603 2457 672 2477 eam
706 2457 770 2478 rem
806 2447 889 2479 sacta

227 2495 338 2526 Graece
372 2493 504 2536 βόθρος,
537 2495 676 2533 λάκκοςε
723 2496 888 2533 Homerus,

228 2543 290 2574 Od.
317 2547 356 2574 A.
385 2545 426 2575 25
452 2555 543 2586 sqq.;
584 2545 683 2587 Orph.
712 2545 788 2587 Arg.
814 2547 888 2578 948.

225 2593 319 2634 Apud
345 2594 455 2624 Horat.
470 2595 497 2624 I.
522 2595 587 2625 Sat.
600 2594 664 2625 viii.
680 2595 732 2625 26.
756 2595 889 2626 Canidia

227 2642 382 2682 unguibus
410 2643 518 2674 effodit
554 2644 705 2675 scrobem.
764 2644 888 2675 Ibidem

225 2693 313 2730 pulla
327 2703 408 2733 agna
421 2691 557 2728 offertur,
574 2699 608 2724 ut
624 2693 680 2724 hoc
696 2694 776 2730 loco,
792 2695 888 2725 vellus

226 2745 325 2770 atrum
338 2752 349 2778 ;
365 2740 495 2781 magicis
505 2741 587 2773 enim
602 2742 722 2781 legibus
735 2749 807 2773 atrae
822 2743 884 2773 vie-

958 1661 1041 1692 timae
1056 1661 1231 1693 constitutae
1247 1666 1345 1692 erant.
1393 1661 1500 1691 Culter
1522 1671 1619 1702 quum

958 1710 1105 1752 adigitur,
1134 1709 1256 1752 proprie
1291 1709 1405 1741 dicitur
1438 1711 1557 1750 conjici,
1586 1714 1620 1739 ut

957 1769 1028 1790 mox
1045 1770 1107 1790 ver.
1123 1760 1185 1790 338
1199 1771 1207 1798 ;
1230 1758 1294 1790 xiii.
1308 1759 1391 1797 476;
1414 1769 1465 1790 xv.
1482 1759 1556 1790 735.

1000 1809 1075 1839 246.
1102 1808 1303 1844 Carchesium,
1318 1807 1424 1850 poculi
1446 1818 1544 1849 genus
1563 1807 1617 1838 ob-

959 1857 1085 1899 longum
1100 1863 1131 1888 et
1146 1863 1299 1894 ansatum,
1316 1868 1378 1898 quo
1400 1857 1566 1888 utebantur
1587 1857 1620 1888 in

958 1906 1171 1938 libationibus.
1194 1906 1312 1937 Athen.
1328 1905 1370 1937 xi.
1390 1917 1422 1948 p.
1434 1907 1516 1944 474;
1545 1907 1619 1937 Ma-

959 1956 1042 1987 crob.
1057 1957 1122 1987 Sat.
1138 1955 1190 1986 vii.
1206 1956 1259 1986 20.
1304 1955 1464 1997 Invergere
1479 1965 1534 1997 pro
1550 1955 1618 1986 vul-

957 2005 1022 2047 gari
1047 2005 1247 2047 infundere„
1274 2004 1376 2035 Verba*
1385 2004 1514 2044 fundit.
1567 2004 1619 2035 De

957 2054 1102 2096 precibus
1135 2053 1214 2085 inter
1243 2064 1331 2085 sacra
1360 2053 1508 2085 adhibitis
1535 2052 1619 2085 idem

957 2104 1086 2135 verbum
1101 2103 1236 2145 ponitur,
1252 2103 1336 2145 quod
1359 2103 1400 2134 de
1420 2102 1516 2134 sacris
1533 2103 1620 2146 ipsis.

957 2153 1039 2184 Vide
1055 2153 1094 2184 ad
1107 2152 1152 2183 ix.
1171 2153 1242 2184 159.

999 2202 1074 2233 248.
1100 2202 1232 2232 Terrena
1247 2211 1301 2243 pro
1330 2201 1469 2236 infernis,
1498 2201 1619 2232 subter-

956 2251 1068 2288 raneis,
1082 2251 1196 2293 passim
1213 2250 1295 2290 apud
1308 2252 1470 2281 Nostrum.
1505 2251 1617 2288 Pascit,

957 2300 1028 2336 ciet,
1045 2306 1163 2331 evocat.
1213 2300 1393 2330 Umbrarum
1413 2310 1523 2340 regem,
1540 2299 1616 2330 Plu-

956 2355 1070 2381 tonem.
1116 2350 1217 2389 Rapta
1233 2361 1299 2380 cum
1320 2350 1446 2390 conjuge
1459 2360 1468 2385 ,·
1492 2349 1616 2379 Proser-

955 2399 1029 2441 pina
1045 2410 1063 2430 a
1079 2399 1212 2430 Plutone
1228 2404 1328 2440 rapta.
1376 2398 1423 2428 Ne
1436 2404 1593 2438 properent
1606 2410 1616 2435 ;

956 2458 995 2478 ne
1011 2448 1115 2479 anima
1129 2447 1211 2478 senis
1225 2447 1449 2488 intercipiatur,
1468 2457 1506 2477 ne
1521 2453 1616 2489 caput

956 2497 1006 2527 cui
1023 2496 1243 2528 diuturniorem
1259 2496 1330 2527 vitoe
1347 2507 1434 2527 usum
1449 2495 1617 2527 destinavit

955 2546 1082 2582 Medea,
1098 2551 1152 2576 aut
1176 2547 1259 2577 Orco
1280 2545 1409 2576 damnet
1433 2545 1537 2581 Pluto,
1562 2550 1615 2575 aut

955 2594 1084 2626 tondeat
1112 2595 1308 2637 Proserpina.
1353 2595 1524 2629 Eranam-2,
1552 2593 1615 2635 pri-

953 2654 1043 2675 vare:
1083 2650 1180 2686 rogat,
1208 2654 1246 2674 ne
1277 2643 1309 2674 id
1340 2643 1456 2675 saciant
1484 2642 1613 2679 interea,

953 2692 1026 2723 dum
1043 2698 1124 2724 artes
1140 2703 1211 2724 suas
1227 2698 1381 2723 exerceat.

995 2744 1069 2773 251.
1107 2743 1259 2778 Murmur,
1288 2752 1411 2773 carmen
1440 2751 1611 2782 magarurn.
