1763 3181
222 193 307 236 322

614 197 663 236 P.
699 196 913 238 OVIDII
949 196 1224 240 NASONIS

225 312 322 361 Ter
346 319 522 376 quater
547 312 715 375 exegit
739 312 950 376 repetita
974 329 1061 377 per
1085 314 1170 361 ilia
1192 314 1390 363 ferrum.

226 391 392 438 Litora
416 406 529 437 cum
553 389 729 452 plausu
755 390 941 436 clamor
966 406 1270 453 superasque
1298 391 1517 439 Deorum

226 468 501 532 [inplevere
525 466 723 512 domos:
753 466 987 527 gaudent,
1011 482 1347 531 generumque
1374 470 1607 525 salutant,

150 567 154 569 “
222 544 579 607 Auxiliumque
603 543 780 590 domus
805 550 1205 608 servatoremque
1227 545 1443 593 fatentur

1512 550 1606 594 736

224 622 483 686 Cassiope,
513 620 851 684 Cepheusque
876 628 1043 684 pater:
1085 623 1301 670 resoluta
1325 624 1514 671 catenis

223 699 421 747 Incedit
442 699 595 761 virgo,
619 697 935 761 pretiumque
961 705 1012 745 et
1035 715 1187 747 causa
1210 701 1408 748 laboris.

223 776 339 841 Ipse
364 792 539 824 manus
565 776 743 823 hausta
766 775 994 823 victrices
1019 776 1177 823 abluit
1200 778 1360 835 unda;

222 853 646 916 Anguiferumque
672 860 825 917 caput
848 853 971 900 dura
995 870 1057 901 ne
1081 854 1231 901 laedat
1256 870 1419 910 arena,

1514 858 1609 902 740

224 931 389 978 Mollit
412 931 617 977 humum
642 929 800 988 foliis;
843 938 1087 994 natasque
1112 932 1204 979 sub
1231 948 1428 995 aequore
1447 932 1608 995 virgas

223 1008 425 1063 Sternit,
453 1015 504 1055 et
528 1007 738 1070 imponit
763 1007 1108 1071 Phorcynidos
1134 1025 1219 1056 ora
1244 1008 1487 1056 Medusae.

222 1085 374 1148 Virga
398 1100 585 1140 recens,
610 1084 882 1147 bibulaque
907 1085 1179 1132 etiamnum
1203 1086 1312 1132 viva
1337 1086 1571 1142 medulla,

225 1163 335 1209 Vim
360 1162 524 1226 rapuit
549 1161 772 1218 monstri,
799 1168 1041 1225 tactuque
1065 1162 1284 1210 induruit
1307 1163 1484 1227 hujus3

221 1240 557 1303 Percepitque
583 1255 763 1286 novum
784 1239 933 1286 ramis
959 1247 1009 1287 et
1028 1239 1201 1287 fronde
1226 1241 1453 1303 rigorem.
1511 1244 1605 1288 745

220 1317 290 1364 At
312 1316 475 1381 pelagi
498 1315 750 1379 Nymphae
775 1315 962 1363 factum
987 1316 1210 1363 mirabile
1235 1323 1431 1364 tentant

220 1393 455 1440 Pluribus
481 1393 531 1439 in
554 1392 719 1455 virgis,
744 1399 794 1440 et
817 1392 950 1439 idem
975 1393 1261 1455 contingere
1287 1394 1536 1456 gaudent3

223 1471 525 1533 Seminaque
550 1487 614 1518 ex
639 1469 734 1516 illis
759 1470 942 1518 iterant
960 1471 1152 1533 jactata
1176 1486 1264 1534 per
1287 1471 1461 1518 undas,

222 1548 369 1596 Nunc
396 1564 598 1612 quoque
623 1548 822 1596 curaliis
847 1548 1024 1596 eadem
1051 1554 1229 1595 natura
1252 1548 1507 1604 remansit,

261 1722 335 1753 733.
358 1721 462 1763 Exigit
476 1722 614 1763 ferrum,
630 1723 684 1763 qui
699 1722 731 1752 id
751 1723 879 1754 summis

217 1770 333 1801 viribus
344 1770 506 1812 transigit:
524 1770 595 1801 vide
609 1771 686 1802 Intt.
701 1771 740 1802 ad
756 1771 878 1808 Silium,

216 1820 237 1850 i.
253 1821 327 1851 642.
373 1820 523 1860 Repetit&
548 1820 661 1862 saepius
685 1820 795 1862 petita.
827 1821 878 1851 Sic

217 1869 396 1910 frequenter
424 1867 568 1904 Ovidius,
596 1880 626 1899 ν.
653 1870 727 1899 473.
752 1872 878 1909 repetita

216 1920 361 1958 percussit
378 1924 498 1957 pectora
519 1919 647 1957 palmis,·
666 1917 706 1949 vi.
721 1920 774 1949 20.
796 1930 879 1958 repe-

217 1970 275 1998 teta
288 1968 399 1998 vellera
413 1968 568 2004 mollibat5
584 1967 648 1998 viii.
660 1968 735 1998 770.
752 1970 877 2008 repetita

215 2018 317 2048 robora
333 2018 471 2047 caedebat.
515 2017 644 2056 Superas
657 2019 764 2047 domos.
801 2017 876 2048 Cla-

217 2077 283 2097 mor
304 2066 445 2097 ascendit
460 2066 500 2097 ad
516 2066 644 2098 coelum.
672 2067 761 2097 Nihil
779 2067 875 2099 aliud.

218 2116 370 2146 Generum
393 2117 529 2146 salutant
548 2127 564 2147 e
581 2116 714 2147 formula
734 2116 873 2147 solenni:

216 2165 307 2196 Salve
322 2175 430 2207 gener·
459 2165 511 2196 Sic
526 2177 636 2207 regem,
652 2173 777 2207 poetam,
792 2168 873 2197 salu-

216 2222 291 2245 tare.
338 2214 488 2250 Pretium,
503 2214 676 2257 praemium.

260 2264 333 2294 739.
357 2262 421 2303 Ipse
436 2275 554 2300 manus,
568 2264 647 2305 etc.]
683 2264 784 2306 Prope
799 2265 874 2307 Jop-

214 2323 276 2355 pen
304 2312 525 2343 ostendebatur
554 2323 637 2354 aqua
665 2313 769 2349 rutila,
798 2324 873 2355 qua,

215 2362 399 2403 interempto
409 2367 489 2398 ceto,
501 2372 641 2393 cruorem
653 2361 789 2393 abluisse
801 2363 875 2394 Per-

213 2422 285 2441 seus
305 2410 503 2441 credebatur.
537 2411 675 2441 Pausan.
693 2412 831 2442 Messen.
843 2423 875 2452 p.

214 2461 291 2490 370.
338 2460 472 2495 Mollire,
488 2460 685 2502 exquisitius,
703 2471 811 2502 quam,
829 2466 875 2492 te-

214 2519 299 2549 gere.
340 2508 469 2548 Imponit
484 2520 550 2540 ora.
596 2508 634 2539 In
658 2509 776 2551 Orphei
792 2509 875 2541 Lith.

213 2558 344 2588 Perseus
360 2557 503 2588 Medusae
519 2557 605 2588 caede
621 2558 759 2600 pollutus
774 2559 813 2589 ad
835 2558 873 2589 li-

214 2612 263 2637 tus
278 2605 411 2643 accedit,
427 2612 461 2637 ut
475 2612 506 2636 et
528 2605 687 2648 piaculum
707 2607 827 2643 abluat,
843 2615 874 2639 et

212 2667 246 2686 se
262 2654 430 2696 refrigeret.
475 2655 600 2686 Interea
616 2656 754 2686 calidum
770 2657 872 2688 adhuc

213 2709 307 2745 caput
332 2702 463 2746 imponit
487 2704 590 2745 virgis,
615 2715 686 2746 quae
722 2706 873 2747 sanguine

210 2758 397 2784 saturantur.
444 2753 659 2794 Phorcynidos,
675 2754 764 2796 cujus
787 2761 874 2796 pater

945 1721 1096 1753 Phorcus.
1131 1720 1260 1752 Hesiod.
1280 1720 1338 1751 Th.
1351 1721 1425 1751 270.
1470 1720 1606 1751 Diceba-

945 1778 995 1803 tur
1015 1782 1140 1814 quoque
1166 1772 1310 1812 Phorcys,
1329 1771 1511 1808 Phorcidos‚·
1537 1770 1606 1801 vide

946 1832 1009 1852 ver.
1025 1822 1098 1851 774.

990 1872 1062 1902 743.
1091 1870 1163 1900 Viva
1184 1869 1294 1901 eadem
1317 1880 1386 1911 quae
1402 1881 1513 1903 recens.
1531 1880 1607 1900 non-

947 1920 1020 1951 dum
1036 1920 1187 1955 marcida,
1203 1919 1235 1950 in
1251 1919 1340 1961 cujus
1355 1920 1497 1955 medulla,
1513 1919 1607 1955 vasis,

946 1969 1031 2000 succi
1053 1969 1168 2000 adhuc.
1215 1969 1330 2008 Rapuit
1356 1970 1425 2004 rim,
1440 1968 1524 1999 illico
1550 1978 1604 1998 ex-

943 2024 1032 2060 perta
1044 2025 1090 2049 est
1106 2018 1167 2048 vim
1183 2018 1283 2049 illam.
1309 2017 1469 2053 Indurnit,
1481 2028 1606 2048 saxeam

943 2073 1086 2098 naturam
1109 2067 1251 2109 accepit3
1275 2066 1330 2098 sed
1352 2066 1497 2097 duritiem
1517 2066 1605 2097 Schi-

942 2116 1027 2147 rach.
1043 2124 1128 2147 creat
1144 2128 1181 2147 το
1197 2117 1297 2155 hujus.

986 2166 1061 2196 746.
1087 2166 1196 2208 Pelagi
1210 2166 1364 2206 Nymphas
1375 2176 1437 2196 non
1451 2165 1516 2207 ipse
1529 2165 1604 2196 Ovi-

942 2213 1012 2245 dius
1028 2214 1169 2253 ad<lidit3
1192 2214 1245 2245 sed
1262 2220 1293 2245 et
1309 2213 1455 2255 Orpheus
1469 2213 1502 2244 in
1517 2213 1604 2245 Lith.

943 2263 1051 2300 habet,
1063 2274 1242 2305 quanquam
1252 2262 1295 2293 ibi
1308 2262 1371 2293 alia
1382 2273 1487 2293 earum
1500 2272 1605 2304 opera.

943 2312 1134 2354 Sanguinem
1148 2312 1243 2348 enim,
1260 2322 1321 2354 quo
1336 2311 1429 2352 virgae
1445 2317 1606 2348 saturatae,

942 2360 988 2391 ita
1003 2361 1216 2403 compingunt,
1229 2366 1262 2391 ut
1278 2359 1358 2402 lapis
1373 2370 1440 2391 esse
1454 2359 1606 2391 videatur.

946 2410 1039 2442 Teuta
1045 2418 1088 2447 nt,
1100 2410 1234 2442 admotis
1244 2410 1385 2452 pluribus
1395 2410 1489 2451 virgis
1497 2409 1606 2452 capiti.

944 2459 1063 2490 Iterant
1075 2463 1212 2500 jactata,
1228 2459 1369 2502 repetitis
1384 2458 1504 2490 vicibus
1519 2469 1605 2501 spas-

942 2516 1035 2551 gunt.
1081 2510 1219 2546 Jactare,
1234 2519 1346 2545 serere,
1363 2519 1518 2551 spargere.

985 2560 1058 2590 749.
1084 2560 1218 2590 Curaliis
1233 2558 1321 2590 dedit
1336 2557 1485 2589 Heinsius
1500 2568 1516 2588 e
1533 2557 1604 2588 Flo-

942 2608 1062 2640 rentino
1074 2610 1105 2639 S.
1115 2608 1216 2639 Marci
1228 2614 1258 2639 et
1270 2606 1481 2649 Neapolitano
1491 2617 1546 2648 pro
1556 2618 1602 2636 cu·-

940 2658 1037 2694 raliis,
1047 2657 1122 2698 quia
1133 2656 1316 2688 vetustiores
1328 2654 1433 2687 Graeci
1445 2654 1603 2697 κουράλια

941 2713 973 2736 et
987 2706 1156 2747 κούραλλα
1171 2706 1369 2748 seripserunt.
1398 2704 1492 2744 Regii
1509 2704 1603 2734 nostri

942 2755 1059 2787 liabent
1083 2758 1212 2787 cmuliis.
1267 2755 1399 2786 Minime
1424 2755 1524 2785 eadem
1548 2765 1603 2784 na-
