1763 3181
386 170 1004 215 METAMORPHOSEON
1037 171 1155 213 LIB.
1187 171 1269 213 VI.

1416 174 1500 214 427

124 289 305 336 Afflata
328 295 406 336 est
428 288 593 343 tellus,
615 287 872 350 latumque
897 287 1177 351 perhorruit
1201 303 1396 351 aequor3

125 365 521 428 Pulvereamque
543 364 746 411 trahens
783 380 870 427 per
902 380 1095 411 summa
1118 365 1376 412 cacumina
1399 365 1505 428 pal-

323 443 439 498 lam,

1411 445 1506 488 705

124 520 289 568 Verrit
310 520 544 576 humum3
585 519 918 583 pavidamque
944 526 1079 566 metu
1105 519 1314 581 caligine
1347 526 1508 566 tectus

128 596 392 660 Orithyian
418 612 587 643 amans
613 596 758 643 fulvis
785 597 1105 664 amplectitur
1130 598 1236 644 alis.

127 673 261 720 Dum
285 673 431 729 volat,
459 681 685 721 arserunt
710 674 883 736 agitati
909 673 1080 721 fortius
1105 674 1272 736 ignes;

129 749 237 797 Nec
261 750 396 813 prius
422 750 539 796 aerii
565 766 736 797 cursus
763 751 1038 814 suppressit
1060 751 1296 808 habenas,

129 827 290 881 Quam
308 826 552 874 Ciconum
573 827 731 874 tenuit
752 827 980 890 populos,
999 843 1088 874 sua
1106 827 1302 884 moenia,
1325 834 1507 892 raptor.

129 903 238 951 Illic
264 910 314 951 et
339 904 488 966 gelidi
515 905 697 966 conjux
723 903 895 950 Actaea
919 904 1132 967 tyranni,

1415 909 1506 952 711

130 980 196 1028 Et
220 981 446 1044 genetrix
471 981 602 1028 facta
627 988 730 1039 est3
771 989 942 1044 partus
969 981 1117 1028 enixa
1141 982 1396 1043 gemellos,

132 1057 328 1105 Caetera
351 1058 436 1121 qui
458 1058 645 1114 matris,
671 1075 859 1122 pennas
885 1058 1120 1120 genitoris
1145 1059 1401 1106 haberent.

127 1218 197 1248 quae
223 1213 254 1238 et
278 1207 347 1249 ipsa
371 1219 489 1238 verrere
513 1208 635 1238 humum
663 1208 787 1244 dicitur,

128 1257 170 1287 xi.
189 1257 259 1288 166.
298 1257 445 1287 Pavidum
461 1264 551 1288 metu.
575 1258 714 1299 Propert.
726 1258 789 1288 111.

128 1317 158 1337 v.
176 1306 242 1344 293
266 1306 375 1346 Aquilo
397 1313 490 1346 rapta>
520 1309 606 1336 timor
634 1307 789 1347 Orithyiae.

131 1355 237 1385 Pulvis
255 1355 321 1385 alis.
344 1355 448 1391 Silius,
465 1355 517 1385 xii.
533 1356 608 1387 617.
624 1356 725 1396 fuscis
747 1357 789 1386 A·

120 1405 225 1445 fricas
238 1405 304 1440 alis,
320 1404 373 1435 ubi
389 1404 459 1435 vide
476 1405 639 1435 Drakenb.
673 1405 792 1447 Rapuit

130 1453 295 1495 Orithyian
319 1453 359 1484 ad
382 1454 506 1485 Ilissum
531 1454 711 1485 ludentem:
747 1455 791 1485 sic

131 1503 314 1539 Pausanias,
343 1503 446 1534 Attic.
471 1514 503 1545 p.
527 1505 588 1542 453
626 1503 680 1534 sed
710 1504 793 1545 apud

131 1551 334 1593 Apollonium
350 1551 432 1593 rapit
447 1551 671 1594 κεκροπίηθεν.

175 1600 249 1630 708.
272 1601 433 1636 Arserunt,
458 1607 519 1632 etc.
543 1601 689 1642 quoniam
712 1603 793 1642 ignes

132 1648 185 1690 qui
200 1659 246 1690 pr.
258 1649 404 1680 dicuntur
415 1655 502 1680 motu
517 1649 609 1681 celeri
625 1650 725 1690 magis
739 1661 792 1681 ex-

132 1697 278 1728 citantur.
323 1697 419 1729 Ludit
439 1698 599 1739 ingenium
615 1699 733 1734 Ovidii,
750 1698 791 1729 is-

133 1757 193 1788 que
219 1747 305 1777 lusus
326 1747 460 1788 ineptus.
484 1747 613 1778 Heroid.
637 1747 721 1778 xviii.
738 1749 790 1778 41.

132 1796 172 1827 de
188 1797 308 1827 Borea:
337 1796 409 1826 Tam
421 1797 541 1838 gelidus
557 1809 647 1837 quum
671 1800 718 1833 sis,
735 1809 794 1828 non

133 1853 162 1876 te
188 1852 297 1882 tamen,
325 1847 463 1885 improbe,
496 1848 645 1886 quondam
669 1847 794 1889 Ignibus

135 1895 243 1925 Actoeis
258 1895 415 1925 incaluisse
430 1906 531 1937 negas.

179 1944 252 1975 709.
270 1944 382 1974 Cursus
393 1945 519 1974 habenas
534 1944 794 1985 ποιητικώτερον,

137 2003 232 2034 quam
260 2004 369 2023 currus
398 1994 536 2028 habenas,
568 1992 651 2034 quod
679 1992 796 2023 habent

136 2042 201 2078 alii,
219 2041 300 2072 inter
324 2052 401 2083 quos
425 2053 504 2073 unus
528 2042 659 2078 Heinsii,
676 2049 707 2072 et
727 2042 797 2073 huic

138 2091 198 2133 ipsi
223 2101 285 2121 non
312 2091 509 2133 displicebat.
555 2091 596 2121 Et
617 2103 736 2127 currus,
761 2102 798 2122 ne

136 2140 240 2170 locum
260 2139 386 2181 quidem
408 2150 492 2171 nunc
515 2139 621 2176 habet,
640 2139 714 2180 quia
737 2140 798 2170 Bo-

136 2200 205 2220 reas
220 2199 279 2219 non
298 2199 389 2220 curru
406 2189 538 2225 vehitur,
555 2189 609 2220 sed
632 2189 690 2220 alis
706 2190 799 2222 volat.

138 2239 338 2278 Supprimere,
367 2238 543 2277 retrahere;
580 2238 652 2269 hinc
681 2242 797 2279 suppri-

138 2298 216 2317 mere
231 2288 357 2318 habenas
382 2299 487 2318 cursus
501 2290 577 2318 aerii
592 2287 685 2329 paulo
701 2287 797 2318 auda-

140 2335 217 2372 cius,
233 2336 380 2367 desistere
395 2347 516 2368 currere
529 2348 584 2379 per
599 2347 714 2368 aerem.
748 2337 797 2367 Ci-

139 2396 233 2421 cones,
249 2396 325 2426 gens
338 2385 495 2417 Thraciae.
538 2386 672 2416 Thracia
695 2392 799 2416 autem

140 2434 312 2465 habebatur
327 2440 499 2471 ventorum,
514 2436 622 2466 Boreae
638 2434 799 2476 imprimis,

140 2482 365 2519 habitaculum,
390 2483 479 2524 isque
504 2484 537 2514 in
560 2489 664 2514 monte
690 2484 800 2513 Haemo

141 2532 323 2573 speluncam
355 2532 514 2573 quandam
534 2532 669 2563 incolere
693 2531 799 2562 crede-

139 2580 242 2611 batur.
264 2580 347 2611 Vide
361 2580 619 2622 Theophrastum,
636 2580 674 2610 de
688 2580 799 2610 Causs.

141 2628 247 2659 Plant.
271 2640 301 2659 v.
324 2630 374 2660 17.
400 2635 431 2659 et
455 2628 493 2659 de
518 2629 641 2665 Ventis,
668 2640 701 2671 p.
724 2630 799 2660 409.

143 2676 226 2708 Hinc
256 2677 406 2718 θρηῒκιος
432 2684 463 2708 et
491 2678 690 2720 Στρυμόνιος
710 2688 802 2708 voca-

143 2730 203 2756 tur.
254 2726 367 2757 Moenia
382 2726 505 2766 dignius
526 2737 620 2768 quarn
642 2726 801 2768 spelunca.

857 1209 995 1247 Raptor,-
1025 1211 1103 1248 rapi,
1129 1208 1250 1250 proprie
1272 1208 1311 1239 de
1337 1208 1517 1250 virginibus.

900 1258 974 1287 711.
1014 1257 1055 1287 Et
1081 1259 1196 1298 gelidi;
1234 1257 1362 1298 quidam
1396 1261 1516 1299 egelizli,

857 1307 939 1347 quod
954 1306 1077 1348 praefert
1092 1307 1174 1336 Mar.
1189 1306 1370 1342 Accursius,
1383 1307 1436 1348 qui
1451 1318 1517 1338 mo·

859 1362 911 1385 net
934 1355 992 1386 hoc
1013 1355 1200 1385 vocabulum
1223 1360 1255 1385 et
1269 1355 1466 1387 vehementer
1487 1363 1518 1388 et

858 1403 1053 1435 mediocriter
1076 1403 1220 1444 frigidum
1247 1409 1364 1435 notare.
1423 1405 1519 1447 Regii

860 1453 966 1489 nostri,
996 1460 1023 1483 et
1057 1454 1166 1495 gelidi.
1229 1453 1331 1484 Gelidi
1367 1457 1518 1494 tyranni;

859 1502 978 1537 Boreae,
994 1502 1047 1543 qui
1063 1501 1280 1542 frigidissimus
1295 1503 1432 1533 omnium
1443 1514 1518 1534 ven-

858 1556 970 1581 torum.
1025 1552 1136 1586 Actaea,
1164 1550 1290 1581 Attica:
1330 1551 1401 1582 vide
1428 1552 1467 1582 ad
1496 1552 1519 1584 i.

859 1601 941 1630 313:
981 1601 1083 1631 Actias
1127 1600 1280 1640 Orithyia,
1314 1601 1397 1642 apud
1430 1601 1519 1643 Virg.

859 1649 973 1689 Georg.
1002 1648 1044 1679 iv.
1074 1649 1150 1679 463.
1208 1649 1322 1679 Partus
1352 1650 1391 1680 de
1419 1651 1518 1692 prole.

859 1697 919 1728 Sed
940 1698 972 1728 in
993 1708 1056 1739 qua
1074 1697 1208 1740 corporis
1231 1705 1319 1740 parte
1344 1698 1389 1729 illi
1407 1711 1520 1739 pennas

860 1746 1037 1782 habuerint,
1053 1746 1092 1777 de
1115 1757 1151 1777 eo
1174 1757 1235 1777 non
1251 1748 1448 1779 consentiunt
1464 1761 1518 1791 po-

859 1802 930 1827 etae.
975 1795 1129 1837 Hyginus,
1146 1796 1253 1827 fabula
1270 1798 1330 1826 14:
1355 1797 1399 1827 Hi
1421 1801 1521 1838 capita

857 1848 999 1886 pedesque
1023 1852 1165 1885 pennatos
1191 1847 1324 1876 habuisse
1342 1847 1520 1887 feruntur,-

861 1895 944 1936 apud
955 1895 1115 1936 Orpheum
1123 1895 1230 1925 volant
1242 1897 1410 1936 ταρσοῖσιν
1422 1896 1524 1927 ὑπου-

861 1944 970 1981 ατίοις,
987 1946 1043 1974 alis
1057 1945 1109 1973 sub
1127 1955 1214 1974 aures
1229 1946 1336 1980 enatis,
1353 1945 1415 1975 vid.
1430 1946 1523 1976 &Ves-

865 1992 976 2034 seling.
1001 1993 1135 2023 Probab.
1152 1993 1196 2023 ix.
1211 2004 1240 2034 p.
1258 1993 1309 2024 78.
1326 1993 1377 2023 ubi
1399 1995 1522 2035 copiose

866 2041 904 2072 de
939 2042 996 2072 hoe
1024 2046 1186 2083 poetarum
1215 2042 1362 2082 figmento
1389 2042 1463 2083 agit,
1493 2050 1525 2075 et

866 2100 1027 2120 nummum
1051 2090 1214 2131 antiquum
1239 2097 1468 2127 commemorat,
1492 2092 1525 2123 in

866 2150 927 2181 quo
943 2139 1060 2170 alatum
1072 2139 1178 2170 Calais
1189 2145 1295 2181 caput.
1338 2140 1379 2170 Et
1391 2140 1524 2182 Antiqui

868 2194 974 2219 ventos
1011 2188 1200 2229 temporibus
1234 2189 1325 2219 alatis
1360 2189 1525 2221 finxerunt.

866 2237 1027 2267 Drakenb.
1042 2236 1080 2266 ad
1095 2237 1150 2267 Sil.
1165 2236 1216 2267 vii.
1231 2238 1305 2267 257.
1355 2238 1454 2268 Calais
1469 2248 1524 2268 au-

867 2293 928 2316 tem
945 2291 976 2316 et
999 2285 1081 2315 Zetes
1108 2285 1248 2327 expressi
1270 2286 1365 2316 etiam
1390 2286 1421 2317 in
1449 2286 1526 2317 solio

867 2333 1041 2375 Amyclaei:
1073 2333 1138 2364 vid.
1162 2334 1279 2375 Heynii
1305 2335 1382 2365 Exc.
1407 2335 1459 2365 vii.
1486 2336 1525 2366 ad

867 2385 942 2413 33η.
959 2382 1002 2413 iii.
1027 2389 1057 2413 et
1082 2383 1114 2412 in
1137 2382 1214 2413 libro
1238 2384 1341 2424 Antiq.
1358 2385 1527 2425 Aufsaetze.

867 2432 899 2462 Is
927 2438 1042 2467 monet,
1075 2431 1214 2462 turbines
1247 2433 1328 2463 inter
1357 2433 1464 2463 Asiam
1494 2440 1526 2464 et

869 2481 1024 2511 Graeciam
1053 2480 1233 2521 frequentes
1269 2481 1418 2522 originem
1455 2482 1525 2513 huic

868 2530 933 2560 fab.
949 2528 1082 2560 dedisse.
1118 2530 1263 2560 Submissa
1279 2531 1386 2566 barba,
1402 2536 1436 2561 ut
1451 2531 1528 2562 alibi

866 2581 1018 2619 promissa.
1075 2578 1170 2609 Zetes.
1216 2580 1254 2610 In
1283 2579 1406 2610 Ciofani
1434 2580 1527 2612 MSS.

869 2628 1013 2658 omnibus
1026 2627 1139 2668 legitur
1155 2628 1284 2658 Zethus.-
1301 2628 1344 2658 sic
1359 2628 1451 2659 etiam
1466 2629 1524 2660 Pa-

869 2676 1034 2718 laephatus,
1049 2677 1105 2707 23.
1143 2676 1225 2708 Vide
1241 2678 1387 2709 Munker.
1403 2677 1442 2708 ad
1458 2678 1526 2720 115-

869 2725 932 2766 gini
949 2725 1086 2756 fabulam
1103 2726 1152 2756 14.
