1729 3207
198 202 283 242 144

583 201 634 242 Ρ.
668 199 879 241 OVIDII
914 197 1190 239 NASONIS

203 315 425 362 Lumina.
487 315 745 378 Purpurea
767 314 956 361 velatus
980 319 1117 360 veste
1141 312 1345 359 sedebat

202 392 261 438 In
286 392 406 439 solio
432 391 667 446 Phoebus,
694 390 838 437 claris
865 391 1062 436 lucente
1085 389 1377 451 zmaragdis.

200 468 246 514 A
271 469 447 515 dextra
468 469 709 530 laevaque,
738 467 876 522 Dies,
904 474 954 513 et
979 466 1187 522 Mensis,
1215 474 1264 512 et
1283 465 1472 519 Annus,
1511 466 1573 510 25

204 545 502 607 Seculaque,
529 551 578 591 et
603 543 778 607 positae
803 542 976 606 spatiis
1002 542 1277 606 aequalibus
1303 541 1450 588 Horae
1472 557 1482 587 :

200 621 401 684 Verque
425 637 605 667 novum
630 622 812 676 stabat,
841 621 1058 667 cinctum
1083 620 1288 667 florente
1313 633 1522 666 corona:

204 697 379 744 Stabat
404 697 535 744 nuda
559 696 740 753 AEstas,
763 704 814 743 et
839 698 1007 760 spicea
1031 704 1162 744 serta
1185 696 1388 758 gerebat
1409 711 1419 742 ε

205 774 383 821 Stabat
401 781 451 821 et
474 773 775 829 Autumnus,
802 774 1007 820 calcatis
1033 773 1260 820 sordidus
1286 772 1420 828 uvis3

203 850 268 896 Et
292 849 513 912 glacialis
541 849 732 906 Hiems,
760 865 910 897 canos
935 850 1126 901 hirsuta
1149 849 1371 912 capillos.

1515 850 1578 893 30

202 926 325 973 Inde
349 927 457 974 loco
482 926 691 983 medius,
718 943 881 974 rerum
905 927 1121 974 novitate
1146 933 1408 990 paventem

202 1003 286 1050 Sol
311 1003 466 1050 oculis
486 1004 734 1066 juvenem,
757 1004 937 1067 quibus
963 1003 1141 1067 aspicit
1165 1002 1347 1057 omnia,
1366 1000 1505 1047 vidit.

206 1085 235 1103 “
254 1079 480 1143 Quaeque
494 1080 583 1126 viae
600 1080 689 1127 tibi
705 1081 883 1128 causa?
904 1080 1025 1143 quid
1040 1081 1148 1136 hac,
1162 1079 1246 1134 ait,
1265 1094 1375 1126 arce
1391 1077 1578 1140 petisti,

203 1156 490 1218 Progenies,
519 1156 796 1213 Phaethon,
824 1157 956 1204 haud
981 1156 1246 1203 inficianda
1264 1154 1455 1219 parenti
1474 1153 1522 1200 ?'’

204 1232 296 1279 Ille
321 1231 494 1280 refert:
526 1238 556 1256 “
581 1233 623 1279 O
652 1234 739 1280 lux
763 1234 989 1284 immensi
1014 1234 1216 1296 publica
1239 1232 1426 1286 mundi,

1515 1232 1577 1277 35

204 1308 394 1356 Phoebe
419 1316 574 1372 pater,
601 1310 641 1356 si
667 1310 755 1358 das
781 1311 926 1374 hujus
953 1310 1070 1357 mihi
1095 1309 1307 1357 nominis
1331 1324 1492 1363 usum,

199 1518 398 1550 inducuntur.
425 1521 579 1553 Praeterea
591 1533 778 1562 purpureum
792 1534 857 1554 om-

202 1568 274 1598 nino
298 1568 435 1600 lucidum
456 1575 488 1601 et
506 1571 703 1612 splendidum
726 1573 858 1604 colorem

202 1617 373 1658 significat:
398 1619 480 1650 unde
499 1631 685 1660 purpureum
708 1622 787 1653 Solis
810 1624 857 1653 lu-

201 1677 267 1696 men
284 1666 372 1707 Virg.
387 1669 463 1698 [En.
480 1668 521 1698 vi.
536 1669 609 1699 641.
625 1675 656 1700 et
671 1670 756 1701 alibi.

244 1716 296 1746 23.
314 1716 472 1757 Lamiam]
496 1717 628 1748 Lumina
642 1718 781 1760 propiora
797 1729 858 1750 non

203 1764 329 1796 ferebat.
359 1765 408 1796 Cf.
424 1767 464 1797 40
479 1778 548 1808 sqq.
579 1767 764 1810 zmaragdis.
779 1769 858 1799 Scri-

203 1813 340 1844 bendum
361 1825 427 1846 esse
449 1819 637 1858 zmaragdus,
653 1828 713 1847 non
728 1829 859 1859 smarag-

203 1864 270 1898 dus,
295 1863 387 1893 docet
410 1864 566 1895 Brouckh.
591 1865 630 1895 ad
649 1866 789 1907 Propert.
814 1866 859 1897 ΙΙ.

204 1910 269 1941 xiii.
293 1912 347 1941 43.
393 1912 434 1942 Et
461 1912 492 1943 h.
514 1913 536 1943 l.
561 1913 605 1944 sic
634 1924 740 1945 omnes
768 1916 859 1946 MSS.

205 1960 373 2002 zmaragdo
396 1961 520 1992 tertium
547 1963 625 1994 inter
652 1974 790 2004 gemmas
814 1964 859 1995 lo-

206 2019 276 2039 cum
297 2009 403 2040 tribuit
418 2010 502 2041 Plin.
519 2011 600 2042 Hist.
617 2013 729 2043 Natur.
744 2013 860 2044 xxxvii.

205 2060 236 2089 5.
251 2058 366 2100 quippe
380 2060 467 2101 cujus
482 2060 612 2101 insignis
628 2061 767 2092 viriditas
783 2072 860 2093 nun-

206 2117 301 2148 quam
316 2108 408 2138 satiet
425 2109 539 2146 oculos,
555 2120 608 2141 eos
627 2110 731 2152 potius
750 2111 861 2153 gratis-

205 2166 282 2185 sime
299 2162 428 2188 recreet.

248 2206 300 2236 25.
319 2208 344 2237 A
360 2208 478 2242 dextra,
495 2208 573 2249 etc.]
592 2208 790 2250 Ingeniosum
805 2209 861 2251 fig-

205 2260 354 2292 mentum,
378 2267 439 2297 quo
459 2257 684 2288 vicissitudines
707 2259 861 2300 temporis,

205 2313 274 2344 quae
293 2304 467 2336 efficiuntur
482 2304 614 2337 decursu
628 2307 717 2343 Solis,
738 2313 861 2348 sumpta

205 2352 308 2392 specie
344 2363 544 2394 personarum
580 2354 792 2391 circumstant,
822 2366 860 2386 ex

206 2406 292 2441 parte
307 2411 378 2431 curn
394 2402 549 2434 attributis
565 2403 640 2440 suis,
656 2404 722 2445 ejus
735 2404 859 2435 solium.

249 2450 301 2480 26.
318 2450 435 2491 Horam]
458 2452 537 2482 Solis
551 2452 710 2489 ministrae,
727 2453 799 2484 eoeli
810 2454 860 2495 ja-

207 2497 343 2534 nitrices,
362 2501 509 2542 πυλωροὶ
529 2503 586 2533 τοῦ
607 2502 757 2544 οὐρανοῦ.
796 2503 860 2532 Ho-

207 2556 282 2578 mer.
297 2547 338 2579 11.
356 2552 392 2579 E.
409 2548 513 2581 πύλαι
529 2550 632 2592 μύκον
655 2552 806 2592 οὐρανοῦ,
822 2553 861 2588 ἃς

206 2595 284 2636 ἕχον
299 2595 385 2638 ὧραι,
399 2604 459 2629 etc.

249 2645 302 2676 27.
330 2646 546 2683 Ver—novum,
570 2647 692 2685 dicitur,
718 2648 792 2690 quia
816 2655 863 2679 est

206 2692 328 2724 initium
351 2695 423 2726 anni
446 2696 527 2727 novi.
575 2698 722 2735 Florente,
742 2709 759 2729 e
782 2698 862 2729 flori-

207 2742 276 2779 bus,
291 2750 439 2784 proventu
457 2756 558 2782 verno,
575 2757 665 2777 nexa.
703 2747 811 2778 Nudus
831 2754 862 2778 et

925 1526 1058 1567 γυμνὸς,
1073 1523 1186 1555 dieitur
1210 1522 1305 1553 etiam
1323 1521 1360 1557 is,
1377 1520 1431 1562 qui
1446 1529 1508 1550 non
1521 1519 1581 1550 nisi

925 1575 1033 1606 tunica
1052 1574 1180 1604 indutus
1199 1578 1256 1603 est.
1292 1570 1343 1601 Sic
1360 1572 1433 1600 nudi
1452 1570 1581 1600 arabant

925 1624 1011 1659 Itali,
1038 1623 1180 1654 serebant
1207 1623 1294 1656 nudi,
1315 1620 1403 1661 Virg.
1427 1620 1540 1659 Georg.
1560 1618 1582 1649 i.

925 1675 998 1705 299.
1038 1673 1170 1703 Calcatis
1191 1672 1268 1701 sord.
1291 1671 1357 1700 uris
1379 1669 1474 1699 etiam
1495 1670 1580 1700 Fast-

925 1722 967 1753 iv.
983 1723 1056 1753 892.
1094 1721 1298 1751 calcabantur
1313 1718 1394 1749 enim
1410 1728 1477 1748 uvae
1493 1717 1580 1759 pedi-

925 1772 994 1802 bus.
1034 1771 1172 1812 Propert.
1187 1769 1250 1799 III.
1263 1780 1314 1799 xv.
1333 1769 1368 1798 18
1383 1779 1389 1797 z
1406 1767 1492 1797 Nova
1505 1778 1580 1806 prae-

926 1827 1017 1852 sentes
1045 1821 1182 1860 inquinet
1209 1829 1264 1848 ιιυα
1287 1818 1385 1857 pedes.
1426 1815 1531 1847 Tibul.
1553 1816 1581 1846 Ι.

927 1870 978 1900 vii.
999 1871 1061 1900 35:
1087 1878 1200 1908 sapores
1218 1867 1358 1906 Expressa
1379 1866 1504 1896 incultis
1522 1876 1582 1895 uva

923 1921 1055 1960 pedibus.
1100 1916 1170 1947 Scio
1194 1915 1330 1958 quidem,
1347 1916 1497 1945 sordidum
1520 1924 1582 1944 non

926 1967 1126 2008 contemptim
1142 1965 1203 1996 dici
1224 1964 1313 2005 (vide
1339 1964 1378 1994 ad
1393 1963 1414 1994 i.
1429 1964 1491 1994 512
1503 1963 1528 2003 3)
1552 1963 1584 1993 in

924 2017 1010 2058 regia
1026 2021 1129 2046 tamen
1145 2020 1208 2045 tam
1220 2013 1385 2056 splendida
1395 2012 1494 2054 magis
1506 2012 1581 2043 mihi

926 2066 1063 2108 placeret
1084 2075 1155 2095 cum
1174 2064 1282 2094 Horat.
1296 2063 1396 2104 Epod.
1410 2062 1442 2093 ii.
1460 2062 1510 2092 17.
1529 2073 1580 2101 po-

925 2117 979 2145 mis
1005 2116 1141 2144 decorum
1170 2119 1260 2152 caput
1287 2112 1419 2143 efferens
1447 2110 1582 2141 Autum-

926 2174 994 2194 nus.
1027 2163 1169 2197 Hirsuta,
1184 2161 1360 2203 incompta:
1386 2162 1454 2191 cani
1477 2161 1582 2200 capilli

926 2212 1102 2243 tribuuntur
1138 2210 1231 2240 hiemi
1263 2215 1411 2251 tanquam
1445 2209 1522 2245 seni,
1551 2216 1582 2240 et

927 2266 1049 2302 propter
1064 2259 1160 2290 nives.
1204 2259 1254 2290 De
1275 2258 1322 2289 his
1341 2258 1414 2288 anni
1429 2258 1582 2290 vicissitu-

926 2310 1051 2341 dinibus
1075 2309 1116 2340 cf.
1135 2309 1196 2339 loc.
1219 2308 1309 2349 longe
1332 2307 1582 2350 elegantissimus

928 2370 980 2391 xv.
994 2359 1175 2389 201-213.

970 2408 1108 2438 31—52.
1120 2407 1195 2438 Inde
1209 2408 1267 2437 loco
1280 2410 1405 2443 medius,
1417 2407 1495 2447 etc.]
1512 2406 1579 2437 Pri—

928 2467 996 2488 mus
1009 2456 1105 2498 patris
1119 2462 1150 2487 et
1162 2456 1217 2487 filii
1231 2467 1422 2498 congressus.
1466 2457 1581 2487 Rerum

926 2508 1056 2536 nouitate
1068 2512 1233 2545 paventem,
1247 2511 1281 2536 ut
1290 2505 1441 2536 Aristaeus
1452 2505 1581 2536 humida

928 2554 1032 2585 matris
1058 2565 1153 2595 regna
1180 2554 1334 2595 ingressus
1359 2554 1441 2596 apud
1466 2554 1579 2595 virgil.

927 2604 1041 2644 Georg.
1051 2603 1091 2633 iv.
1102 2604 1164 2634 363
1176 2614 1244 2645 sqq.
1268 2604 1374 2635 Verba
1384 2605 1486 2644 quibus
1501 2605 1578 2643 aspi-

927 2654 967 2682 cit
992 2654 1091 2682 omnia
1114 2651 1138 2682 si
1164 2653 1316 2687 abessent,
1342 2663 1402 2683 non
1424 2651 1577 2683 desidera-

930 2706 1042 2731 rentur.
1071 2700 1121 2731 Sol
1139 2699 1394 2742 wavclkpxngjam
1410 2701 1500 2732 i.769
1513 2710 1577 2731 me—

930 2756 1073 2780 moratu&
