1763 3181
218 199 303 240 460

605 198 655 238 P.
690 198 729 239 Ο
739 197 904 239 VIDII
938 197 1220 240 NASONIS

215 311 465 359 Palladias
490 328 658 368 arces3
699 328 810 375 quae
834 320 900 368 te,
922 313 1201 375 justissima
1227 313 1390 368 Phini,

212 388 402 451 Teque,
423 404 579 436 senex
599 388 833 452 Peripha,
855 390 1040 452 pariter
1056 389 1222 436 videre
1237 390 1476 445 volantes,
1504 391 1603 435 400

213 463 545 527 Innixamque
571 466 709 512 novis
735 473 936 528 neptem
963 465 1323 528 Polypemonis
1349 465 1456 512 alis.

214 539 419 603 Excipit
443 541 570 587 hanc
595 541 798 603 AEgeus,
825 541 956 588 facto
978 542 1289 589 damnandus
1314 542 1362 588 in
1384 557 1510 588 uno:

213 615 321 663 Nec
360 616 482 662 satis
520 617 790 680 hospitium
828 625 919 673 est,
946 618 1151 665 thalami
1183 634 1387 681 quoque
1419 617 1603 664 foedere

404 693 588 755 jungit.

210 766 428 831 Jamque
454 770 624 817 aderat
648 769 890 826 Theseus,
917 770 1081 834 proles
1108 771 1278 833 ignara
1303 770 1512 835 parenti,

211 845 309 900 Qui
334 846 515 894 virtute
541 863 630 894 sua
654 847 893 895 bimarem
919 855 1184 912 pacaverat
1208 841 1442 895 isthmon.
1503 849 1600 894 405

211 922 374 985 Hujus
401 923 450 969 in
476 924 684 970 exitium
705 924 884 971 miscet
909 924 1108 980 Medea,
1137 924 1272 988 quod
1298 924 1415 971 olim

209 999 464 1046 Attulerat
489 1016 659 1047 secum
687 1000 940 1064 Scythicis
962 1001 1193 1048 aconiton
1219 1001 1281 1048 ab
1302 1001 1416 1048 oris,

210 1074 344 1122 Illud
371 1075 643 1123 Echidneae
670 1084 945 1125 memorant
968 1094 996 1125 e
1020 1078 1254 1125 dentibus
1279 1084 1441 1124 ortum

211 1151 338 1200 Esse
363 1153 500 1200 canis
523 1170 532 1201 :
563 1170 743 1217 specus
767 1163 844 1202 est
868 1156 1133 1202 tenebroso
1158 1170 1322 1202 caecus
1347 1154 1513 1210 hiatu;

210 1317 258 1343 est
276 1313 395 1352 pariter
416 1313 598 1349 volantibus,
618 1313 752 1345 Phineus
768 1321 873 1346 autem

211 1361 283 1402 (qui
298 1361 329 1391 in
342 1361 477 1392 lectione
491 1362 618 1403 vulgata
634 1363 785 1403 occurrit)
802 1365 872 1395 nul-

208 1410 258 1441 lus
280 1410 364 1452 apud
390 1411 520 1441 Veteres
544 1411 689 1447 occurrit,
713 1412 753 1442 ad
779 1424 873 1454 quem

209 1459 277 1490 haec
306 1459 496 1501 pertineant,
525 1460 694 1499 admodum
723 1462 873 1493 credibile

209 1514 267 1544 est,
294 1509 378 1549 quod
406 1509 573 1540 Schrader.
598 1509 637 1540 ad
665 1510 872 1548 Antoninum,

210 1557 354 1599 conjecit,
369 1568 425 1599 pro
436 1560 604 1597 justissime
620 1559 741 1590 Phineu
764 1560 872 1601 legen-

209 1604 283 1636 dum
297 1608 555 1645 esse,justissima
569 1607 686 1644 Phini,·
702 1618 773 1638 nam
789 1609 873 1650 φίνις

208 1653 292 1684 idem
318 1655 400 1696 quod
422 1655 521 1697 φὴνη.
570 1656 678 1687 Potuit
697 1656 781 1687 enirn
803 1668 871 1688 mu-

208 1702 266 1733 lier
285 1714 396 1734 nornen
413 1703 480 1734 avis
495 1704 622 1740 habere,
640 1704 673 1735 in
689 1715 783 1746 quarn
800 1716 870 1736 mu-

210 1757 277 1782 tata
298 1758 356 1789 est,
372 1759 407 1782 ut
422 1753 560 1795 Daphne
577 1754 706 1790 arboris,
723 1754 871 1786 Arachne

209 1811 342 1837 araneae,
366 1808 427 1832 etc.
473 1802 610 1833 Accedit
640 1809 670 1833 et
695 1803 763 1839 hoc,
789 1804 872 1845 quod

208 1849 239 1880 in
266 1850 472 1891 Argumento,
501 1850 661 1881 Lactantii
690 1863 771 1882 unus
800 1853 872 1883 MS.

210 1900 334 1930 Phenen
365 1899 470 1930 habet.
518 1900 741 1942 Conjecturam
769 1901 869 1937 illam,

208 1949 372 1989 probatam
397 1953 429 1978 et
453 1948 578 1984 Lenzio,
599 1949 712 1990 recepi.
758 1949 872 1980 Justis-

207 1999 280 2028 sima
295 1997 352 2027 illa
366 2002 494 2027 vocatur
516 2001 556 2027 ob
578 1995 728 2038 pietatem
750 1997 782 2029 in
797 2009 871 2029 con-

202 2046 324 2088 jugem.
379 2046 503 2086 Neptem
537 2047 754 2087 Polypemonis,
791 2048 870 2078 Hal-

209 2106 352 2136 cyonem,
372 2094 510 2125 Scironis
537 2095 656 2133 filiam3
683 2107 764 2137 quae,
787 2096 871 2137 quod

210 2154 321 2185 corpus
339 2143 509 2184 vulgasset,
525 2154 544 2174 a
563 2150 652 2186 patre
668 2145 699 2175 in
714 2155 799 2176 mare
815 2145 870 2176 de-

204 2193 292 2234 jecta
308 2192 339 2223 in
353 2192 401 2223 sui
416 2193 548 2222 nominis
570 2203 660 2223 avem
677 2199 797 2224 mutata
812 2200 870 2225 est.

208 2242 330 2272 Probus
352 2240 393 2272 ad
409 2241 588 2282 Virgilium,
612 2242 730 2283 Georg.
754 2243 774 2273 i.
796 2244 870 2274 399.

209 2302 225 2321 e
242 2290 413 2335 Theodoro.
460 2290 561 2321 Inniti
577 2296 631 2321 aut
648 2293 705 2321 niti
726 2293 783 2322 alis
800 2302 870 2334 pro-

208 2339 274 2382 prie
290 2339 329 2369 de
345 2339 455 2369 avibus
471 2339 660 2370 volantibus.

251 2389 326 2419 404.
355 2388 484 2429 Ignara,
516 2387 633 2429 ignota,
670 2389 805 2430 passive,
836 2395 870 2420 ut

208 2437 275 2468 viii.
295 2438 374 2468 188:
400 2436 464 2467 vid.
489 2437 624 2473 Gellius,
645 2438 687 2468 N.
703 2438 743 2468 A.
759 2438 801 2469 ix.
822 2440 869 2469 12.

208 2488 339 2528 Ignotus
353 2491 420 2517 erat
431 2486 569 2517 Theseus
584 2487 676 2528 patri,
689 2487 764 2528 quia
785 2488 870 2529 apud

209 2536 369 2567 Pittheum
395 2546 488 2566 avum
515 2535 674 2567 Troezenis
711 2542 802 2567 natus
837 2543 869 2567 et

208 2585 361 2617 educatus
389 2589 475 2622 erat;
499 2594 582 2614 nunc
609 2595 692 2618 vero.
718 2590 868 2626 tanquam

208 2634 306 2673 virgo,
331 2637 417 2662 veste
439 2632 530 2662 talari
556 2639 587 2663 et
610 2632 758 2663 decenter
781 2634 869 2674 pexis

209 2681 332 2723 capillis
355 2680 522 2711 veniebat:
556 2681 740 2717 Pausanias,
769 2682 868 2713 Attic.

208 2742 241 2772 p.
266 2731 317 2760 44.
364 2729 481 2760 Medea
505 2729 599 2770 igitur
627 2730 719 2761 facile
745 2730 867 2772 impulit

942 1317 1056 1356 AEgea,
1072 1321 1196 1357 propter
1211 1313 1396 1345 seditionem
1420 1311 1524 1344 omnia
1539 1323 1604 1344 me-

942 1370 1092 1400 tuentem,
1114 1371 1148 1394 ut
1167 1364 1302 1399 Thesea,
1325 1371 1475 1404 tanquam
1496 1362 1600 1403 hospi-

942 1419 1017 1449 tem,
1047 1413 1189 1444 convivio
1227 1413 1394 1454 exciperet,
1423 1418 1455 1442 et
1485 1421 1602 1442 veneno

941 1463 1074 1494 tolleret.
1113 1462 1314 1497 Plutarchus,
1328 1461 1423 1492 Thes.
1444 1462 1493 1491 12.

984 1513 1058 1542 405.
1087 1511 1147 1546 Qui
1171 1513 1283 1541 virtute
1305 1522 1370 1546 sua,
1390 1508 1467 1549 etc.]
1486 1509 1598 1539 Totam

939 1560 1025 1591 illam
1052 1559 1146 1596 viam,
1176 1570 1247 1601 quae
1274 1559 1425 1590 Troezene
1457 1557 1602 1588 Athenas

940 1610 1086 1645 ducebat,
1101 1608 1272 1639 latroniciis
1287 1613 1476 1649 purgaverat
1490 1619 1496 1636 :
1519 1606 1602 1637 Pau·

939 1657 1055 1694 sanias,
1078 1657 1221 1688 Corinth.
1242 1667 1273 1698 p.
1293 1657 1362 1687 122.
1410 1656 1528 1686 Parare
1551 1665 1598 1686 so-

940 1706 1031 1737 lenne
1060 1706 1091 1736 in
1121 1706 1179 1737 hac
1208 1716 1253 1736 re.
1286 1704 1416 1736 AEneid.
1445 1705 1486 1735 vi.
1515 1704 1599 1735 805:

940 1754 1094 1786 Hercules
1111 1755 1295 1795 Erymanthi
1313 1755 1434 1794 pacarit
1455 1764 1599 1790 nemora5

939 1803 1061 1833 Seneca
1091 1803 1130 1833 de
1161 1803 1273 1833 Benes.
1302 1802 1323 1832 i.
1355 1802 1412 1832 13:
1450 1808 1602 1832 terrarum

939 1853 1088 1892 marisque
1100 1859 1248 1892 pacator,-
1272 1850 1367 1881 Silius
1382 1851 1414 1881 ii.
1430 1851 1492 1881 483
1507 1862 1513 1879 :
1538 1850 1601 1880 Ne-

939 1912 1007 1931 meae
1027 1908 1165 1941 pacator.
1213 1901 1375 1931 Bimarem.
1400 1899 1482 1931 Yide
1508 1899 1548 1930 ad
1572 1910 1603 1930 v.

940 1951 1014 1980 407.

983 1999 1059 2029 407.
1079 2000 1228 2029 Aconiton
1252 1998 1391 2029 omnium
1409 2007 1599 2028 venenorum

938 2047 1137 2088 ocyssimum,
1159 2047 1199 2078 de
1221 2058 1284 2088 quo
1312 2046 1445 2082 Plinius,
1467 2046 1563 2077 xxvii.
1578 2047 1599 2076 2

937 2102 968 2126 et
993 2097 1032 2134 35
1055 2096 1298 2137 Theophrastes.
1324 2095 1408 2126 Hist.
1433 2094 1532 2137 plant.
1556 2095 1600 2125 ix.

940 2146 991 2176 16.
1047 2146 1193 2176 Aconiton
1223 2145 1341 2175 dictum
1368 2151 1415 2175 est
1442 2144 1511 2176 ἀπὸ
1540 2145 1600 2183 τῆς

936 2193 1069 2232 ἀκόνης,
1086 2194 1144 2225 hoc
1159 2200 1207 2225 est
1223 2204 1241 2224 a
1257 2200 1362 2229 caute,
1380 2193 1455 2234 quia
1473 2194 1506 2224 in
1524 2203 1599 2224 cau-

937 2243 1021 2274 tibus
1043 2242 1191 2273 nascitur.
1237 2243 1407 2278 Echidnae,
1424 2242 1499 2283 quia
1521 2242 1597 2273 Cer-

937 2292 1030 2322 berus
1060 2302 1097 2323 cx
1125 2291 1271 2322 Echidna
1298 2297 1402 2322 ortus:
1428 2290 1598 2327 Hesiodus,

936 2340 1054 2382 Theog.
1076 2341 1161 2379 3083
1185 2340 1322 2378 Quintus
1347 2340 1536 2381 Smyrnaeus,
1551 2339 1596 2370 vi.

937 2390 1012 2420 261.

980 2438 1054 2468 409.
1078 2437 1187 2477 Specus
1208 2443 1260 2472 est,
1276 2436 1461 2472 Acherusia,
1477 2435 1508 2467 in
1523 2437 1596 2468 Ma-

937 2486 1158 2527 riandynorum
1189 2486 1313 2522 finibus,
1340 2485 1381 2516 ad
1408 2486 1594 2517 Heracleam

936 2535 1113 2571 Ponticam,
1133 2546 1187 2576 per
1206 2545 1298 2576 quem
1322 2545 1450 2575 specum
1471 2535 1528 2566 iter
1549 2541 1598 2566 est

938 2584 978 2614 ad
1002 2583 1129 2614 inferos.
1153 2583 1286 2619 Plinius,
1311 2584 1352 2614 vi.
1378 2585 1416 2621 13
1448 2583 1546 2619 Mela,
1569 2584 1597 2614 1.

937 2631 1002 2662 xix.
1032 2633 1085 2663 54.
1114 2632 1220 2674 ibique
1257 2632 1377 2663 Schott.
1434 2633 1493 2663 Per
1522 2643 1593 2663 eum

935 2690 1064 2722 specum
1094 2680 1264 2712 Cerberum
1301 2681 1340 2711 ab
1368 2680 1503 2712 Hercule
1539 2691 1593 2712 ex-

937 2734 1068 2761 tractum
1085 2736 1233 2761 memorat
1253 2736 1283 2760 et
1306 2729 1436 2766 Plinius,
1452 2730 1547 2760 xxvii.
1563 2731 1592 2760 2.
