1729 3207
378 194 1008 248 ‘METAMORPHOSEON
1042 203 1162 245 ΠΒ.
1195 204 1258 245 11.
1433 208 1518 248 1543

138 322 247 370 Hae
272 322 328 369 fit
352 330 467 379 lter3
497 320 759 369 manifesta
782 326 902 366 rotae
923 319 1134 381 vestigia
1158 335 1347 368 cernes.

140 400 309 462 thue
328 399 489 448 ferant
505 413 678 461 -aequos
698 404 749 445 et
769 396 949 443 coelum
970 402 1022 443 et
1041 402 1173 444 terra
1187 397 1391 452 caloreS,
1424 400 1515 444 134

140 476 186 523 N
191 493 247 523 ec
272 491 461 540 preme,
488 491 580 523 nec
606 489 853 521 summum
885 473 1056 520 molire
1088 489 1176 537 per
1200 474 1385 520 aethera
1408 489 1517 520 cur-

138 553 301 600 Altius
330 569 578 616 egressus,
605 551 827 600 coelestia
850 558 986 599 tecta
1007 551 1279 609 cremabis3

1371 553 1516 613 [rum.

140 629 368 687 Inferius,
394 636 579 677 terras:
619 628 784 676 medio
809 628 1087 680 tutissimus
1113 627 1224 675 ibis.

140 707 253 755 Neu
278 714 328 755 te
353 706 604 754 dexterior
628 712 813 753 tortum
838 704 1056 752 declinet
1079 704 1129 751 in
1154 720 1385 767 anguem,

139 784 278 832 Neve
303 783 572 832 sinisterior
596 799 819 848 pressam
844 790 952 830 rota
975 783 1125 830 ducat
1149 782 1211 829 ad
1237 798 1399 839 aranu

140 860 278 908 Inter
301 868 569 924 utrumque
592 867 736 908 tene:
765 859 970 907 fortunae
996 866 1164 907 cetera
1188 859 1396 916 mando3
1430 861 1523 904 140

140 939 264 1003 Quae
281 940 439 1002 juvet,
460 946 510 986 et
525 938 718 994 melius,
740 953 891 1002 quam
916 944 970 984 tu
995 937 1102 992 tibi,
1123 936 1366 991 consulat,
1384 941 1518 999 opto.

143 1016 276 1063 Dum
300 1016 504 1079 loquor3
546 1015 793 1080 Hesperio
818 1014 1007 1078 positas
1031 1014 1082 1060 in
1106 1013 1250 1060 litore
1275 1019 1434 1059 metas

143 1092 362 1141 Humida
381 1110 480 1141 nox
503 1093 693 1156 tetigit:
722 1109 820 1140 non
840 1100 918 1140 est
940 1108 1077 1140 mora
1099 1091 1256 1139 libera
1278 1089 1421 1136 nobis
1444 1106 1453 1135 :

142 1171 430 1219 Poscimur:
469 1170 675 1234 effulget
697 1171 914 1219 tenebris
940 1169 1131 1217 Aurora
1152 1167 1351 1231 fugatis.

142 1362 196 1391 bet
220 1361 325 1392 stellas
348 1360 402 1392 vii.
446 1361 524 1392 Haec
551 1367 680 1393 vocatur
705 1362 800 1392 etiam

144 1410 310 1451 Cynosura,
325 1410 382 1442 illa
403 1411 520 1443 Helice.
563 1411 675 1452 Itaque
685 1413 801 1450 juncta

143 1460 340 1500 Aquilonibus
353 1461 459 1491 Arctos
468 1468 515 1492 est
529 1459 619 1502 polus
630 1459 763 1491 arcticus
776 1470 801 1491 s.

144 1509 402 1552 septentrionalis.

189 1559 261 1589 133.
281 1559 363 1589 Rotae
378 1557 531 1600 vestigia]
558 1557 641 1589 Hinc
652 1569 715 1590 ver.
731 1559 802 1590 167.

144 1610 251 1638 tritum
269 1611 410 1648 spatium.
455 1607 550 1638 Ludit
565 1607 723 1649 ingenium
741 1609 802 1639 Ov.

148 1662 180 1688 ut
195 1657 322 1689 Heroid.
334 1657 421 1689 xviii.
436 1658 495 1688 133
508 1669 514 1687 :
540 1657 609 1687 Jum
621 1663 702 1696 patet
713 1659 802 1687 attri-

147 1714 194 1738 tus
213 1707 369 1737 solitarum
391 1708 472 1737 limes
490 1717 647 1746 aquarum,
663 1706 732 1736 Non
747 1708 805 1736 ali-

147 1763 201 1792 ter,
218 1757 315 1786 multa
329 1767 417 1796 quam
433 1757 481 1786 via
494 1766 592 1795 pressa
605 1762 683 1786 rota.

193 1807 264 1838 135.
288 1805 592 1845 DIolire—currttm]
621 1806 807 1835 Moliricur-

146 1867 228 1892 rum,
255 1866 373 1897 regere,
403 1865 494 1897 agere
523 1865 658 1885 currum.
695 1854 808 1895 virgil.

150 1904 278 1936 AEneid.
293 1904 348 1935 xii.
357 1905 432 1935 227.
452 1905 553 1934 moliri
569 1905 716 1940 habenas;
740 1904 806 1933 No-

148 1960 220 1987 ster.
234 1966 264 1986 v.
279 1955 354 1985 367.
370 1955 480 1990 moliri,
492 1954 512 1985 i.
524 1965 552 1986 e.
566 1953 700 1989 mittere,
712 1955 806 1995 sagit-

151 2011 214 2035 tas.-
237 2014 311 2034 nam
336 2004 436 2034 moliri
464 2003 503 2034 de
531 2003 613 2034 omni
642 2003 747 2034 labore
777 2009 808 2034 et

149 2064 242 2095 opera
262 2058 438 2095 usurpatur.
484 2053 633 2089 Prenzere,
653 2052 738 2094 justo
761 2052 808 2083 in-

149 2102 243 2134 ferius
258 2112 360 2144 agere.

197 2153 267 2183 138.
287 2152 416 2193 Anguis,
426 2150 491 2182 sive
506 2150 611 2187 draco,
622 2149 709 2181 sidus
722 2160 809 2192 mag-

153 2212 227 2232 num
250 2200 329 2231 inter
354 2200 433 2231 duas
457 2199 580 2232 Arctos.
613 2199 663 2231 Cf.
689 2199 733 2232 iii.
758 2201 810 2232 45.

152 2252 292 2283 Vocatur
315 2256 421 2286 tortus,
449 2249 595 2291 quoniam
620 2249 666 2280 ita
690 2249 811 2280 locatus

153 2305 210 2337 est,
224 2306 259 2331 ut
279 2300 399 2331 Arcton
420 2299 568 2340 majorem
591 2298 694 2329 cauda
713 2299 806 2335 flexa,

154 2349 248 2380 medii
271 2348 405 2390 corporis
430 2348 499 2378 sinu
518 2348 638 2379 Arcton
661 2347 809 2378 minorem

154 2397 304 2435 includat,
321 2397 486 2440 capiteque
506 2397 635 2428 reducto
658 2396 810 2428 circulum

155 2447 316 2478 Arcticum
342 2447 495 2488 attingat3
530 2458 600 2489 quae
630 2447 727 2478 forma
755 2458 809 2478 ac-

157 2497 352 2527 commodata
374 2502 421 2527 est
444 2503 560 2527 naturae
584 2496 743 2537 anguium,
759 2497 812 2538 qui

155 2556 187 2577 se
216 2548 375 2586 torquendo
402 2546 567 2577 labuntur:
602 2545 665 2577 vid.
694 2545 813 2587 Hygin.

158 2596 198 2626 A.
211 2596 248 2626 P.
262 2595 307 2626 iii.
323 2596 363 2633 23
388 2595 477 2626 Arat.
493 2595 653 2625 Phaenom.
664 2596 705 2625 45
720 2606 810 2636 sqq.;

157 2651 188 2675 et
202 2656 239 2675 ex
256 2655 291 2675 eo
307 2644 396 2685 Virg.
410 2645 524 2685 Georg.
541 2645 561 2674 i.
577 2645 651 2675 244.
669 2644 814 2685 ubijlexu

155 2697 269 2725 sinuoso
293 2695 433 2725 elabitur.
480 2694 549 2724 Neu.
573 2700 600 2724 te
624 2695 814 2724 dexterior-—

158 2745 296 2779 dectinet,
315 2743 393 2774 Neve
408 2745 681 2774 sinisterior—rota
705 2745 813 2773 ‹lut-at.-

868 1360 930 1392 noli
955 1371 1078 1391 currum
1095 1360 1146 1391 vel
1171 1359 1365 1390 dextrorsum
1388 1358 1428 1389 ad
1450 1359 1528 1400 Sep-

868 1410 1062 1446 tentrionem,
1073 1409 1121 1440 vel
1134 1408 1339 1440 sinistrorsum
1356 1408 1395 1438 ad
1411 1414 1529 1439 austra-

866 1459 928 1490 lem
943 1460 1047 1501 polum
1064 1470 1167 1501 agere.

912 1509 985 1540 139.
1012 1509 1085 1544 Ara,
1102 1508 1188 1539 sidus
1209 1507 1356 1543 australe,
1374 1506 1531 1547 attingens

867 1557 985 1599 Seorpii
1006 1558 1139 1588 caudam
1162 1563 1343 1588 extremam.
1391 1558 1531 1587 Vocatur

869 1606 963 1637 etiam
976 1606 1202 1648 θυμιατήριον,
1215 1607 1414 1637 thuribulum.
1443 1605 1530 1636 Pres-

868 1667 940 1691 sam,
949 1655 1094 1697 quoniam
1103 1666 1174 1697 pars
1186 1655 1294 1686 mundi
1303 1654 1446 1686 australis
1455 1666 1533 1697 pau-

870 1703 958 1735 latim
974 1704 1073 1745 vergit
1087 1704 1168 1735 infra
1183 1704 1344 1747 ὁρίζοντα.

918 1754 990 1784 140.
1027 1753 1114 1788 Tene,
1142 1764 1253 1795 nempe
1275 1763 1410 1783 cursum.
1457 1752 1532 1782 For-

875 1809 964 1839 tunae,
988 1808 1048 1834 etc.
1081 1804 1198 1834 Votum
1219 1803 1357 1838 solenne,
1378 1812 1474 1844 quum
1500 1802 1532 1833 in

873 1853 964 1883 rebus
976 1853 1079 1883 dubiis
1094 1853 1212 1894 aliquid
1228 1852 1421 1883 audendum.

920 1903 990 1933 142.
1010 1903 1090 1932 Dum
1106 1902 1236 1942 [aquarn]
1258 1903 1331 1933 Jam
1346 1912 1407 1932 nox
1423 1901 1534 1932 cedere

875 1951 984 1993 coepit,
996 1962 1130 1992 moxque
1142 1957 1255 1982 terram
1270 1950 1436 1992 relinquet.
1464 1951 1533 1981 Hu-

875 2002 966 2037 mida,
998 2001 1037 2031 ob
1066 2011 1186 2039 rorem;
1215 2012 1244 2031 v.
1272 2001 1353 2030 443:
1387 2001 1534 2039 pruinosae

877 2052 1012 2081 tenebrae.
1058 2050 1238 2090 Hesperium
1255 2052 1339 2086 litus,
1354 2049 1428 2080 litus
1443 2049 1536 2080 maris

876 2099 1040 2136 Atlantici,
1056 2099 1088 2129 in
1109 2110 1180 2141 qu0‚
1195 2106 1230 2130 ut
1249 2099 1316 2135 soli,
1337 2098 1381 2129 ita
1403 2103 1434 2128 et
1453 2097 1536 2128 nocti

877 2155 969 2185 meite,
986 2147 1123 2190 πέρατα,
1149 2149 1246 2179 veluti
1262 2148 1370 2190 positae
1393 2153 1476 2183 sunt,
1496 2147 1536 2178 ad

877 2209 955 2239 quas
978 2198 1030 2229 ubi
1053 2198 1204 2240 pervenit,
1221 2198 1252 2227 in
1270 2208 1354 2227 mare
1378 2196 1536 2237 mergitur.

880 2249 979 2284 Meter,
999 2247 1133 2282 termini,
1155 2247 1193 2277 ad
1217 2257 1294 2288 quos
1319 2245 1537 2277 contendimus

877 2308 980 2333 cursu,
996 2297 1027 2327 h.
1042 2297 1064 2327 l.
1087 2297 1125 2327 de
1151 2297 1306 2327 horizonte
1325 2295 1513 2326 occidentali
1528 2307 1535 2325 :

878 2346 940 2377 vid.
966 2346 1133 2388 Spanhem.
1160 2352 1191 2377 et
1219 2345 1341 2375 Ernesti
1370 2344 1409 2375 ad
1435 2344 1535 2375 Calli-

875 2395 978 2426 mach.
998 2396 1028 2425 h.
1044 2396 1119 2427 Del.
1135 2407 1197 2426 ver.
1216 2396 1275 2426 169
1291 2407 1296 2424 ;
1325 2394 1428 2424 Media
1448 2399 1537 2430 meta,

876 2445 967 2486 Virg.
991 2446 1067 2476 AEn.
1089 2457 1120 2475 v.
1146 2446 1220 2476 835.
1247 2450 1294 2475 est
1319 2450 1423 2474 vertex
1453 2443 1539 2474 coeli.

876 2494 974 2524 Metae
1008 2493 1129 2536 proprie
1159 2501 1318 2533 ponuntur
1346 2499 1400 2523 aut
1428 2495 1536 2523 consti-

880 2550 1022 2574 luuntur.

927 2594 997 2623 143.
1015 2593 1084 2622 Non
1106 2598 1147 2622 est
1167 2603 1247 2621 mora
1265 2591 1384 2630 liberm]
1404 2590 1475 2620 Non
1491 2595 1539 2620 est

881 2643 1033 2683 integrum
1059 2642 1147 2671 nobis
1172 2640 1295 2670 morari.
1348 2640 1398 2670 Sic
1427 2638 1540 2679 virgil.

883 2691 1013 2722 AEneid.
1038 2691 1092 2721 xii.
1118 2691 1178 2720 74:
1207 2689 1310 2729 Neque
1333 2690 1410 2718 enim
1436 2688 1537 2717 Tamo

883 2753 962 2771 mora
980 2742 1070 2770 libera
1089 2741 1199 2769 mortis.
