1763 3181
226 189 312 232 398

620 189 670 230 Ρ.
703 187 917 231 OVIDII
951 187 1230 230 NASONIS

231 304 451 353 Ultimus
476 302 694 352 Ilioneus
719 320 817 351 non
841 303 1122 368 profectura
1145 305 1394 368 precando

232 381 451 430 Brachia
474 382 769 439 sustulerat;
801 388 831 406 “
861 382 1027 447 Dique
1052 399 1080 430 o
1096 383 1139 429 !''
1164 383 1489 431 communiter
1513 399 1615 430 om-

231 459 457 516 Dixerat,
476 459 675 522 ignarus
700 476 798 507 non
819 476 991 508 omnes
1017 476 1127 507 esse
1152 460 1413 523 rogandos,

1508 461 1619 522 [nes

231 542 263 561 “
284 536 485 584 Parcite
504 536 546 583 !”
563 543 727 584 motus
743 544 865 592 erat,
887 553 1039 600 quum
1051 538 1154 601 jam
1171 537 1447 585 revocabile
1462 538 1618 585 telum

231 614 346 662 Non
373 613 482 670 fuit,
510 613 833 672 Arcitenens3
863 615 1065 663 minimo
1090 623 1256 663 tamen
1275 615 1457 663 occidit
1480 616 1563 662 ille

228 691 464 747 Vulnere,
490 707 588 738 non
614 692 712 739 alte
737 708 974 756 percusso
1000 693 1150 741 corde
1176 693 1372 755 sagitta.

1523 695 1619 740 266

232 768 388 817 Fama
410 769 543 825 mali,
562 769 837 833 populique
863 769 1017 827 dolor,
1039 770 1355 833 lacrimaeque
1382 784 1582 817 suorum

232 846 357 894 Tam
383 846 561 893 subitae
586 853 795 894 matrem
820 855 1007 894 certam
1030 847 1193 895 fecere
1218 848 1386 903 ruinae,

232 923 502 971 Mirantem
527 923 766 987 potuisse,
792 924 1210 988 irascentemque,
1234 925 1368 987 quod
1393 924 1499 972 ausi

234 1000 345 1050 Hoc
370 1009 540 1049 essent
567 1001 763 1065 Superi,
792 1003 927 1066 quod
952 1010 1145 1050 tantum
1166 1003 1292 1065 juris
1317 1003 1584 1059 haberent3

234 1078 368 1126 Nam
392 1086 535 1142 pater
555 1077 823 1142 Amphion,
845 1079 972 1127 ferro
998 1096 1086 1144 per
1103 1087 1279 1144 pectus
1305 1079 1499 1135 adacto,
1526 1081 1618 1126 271

234 1155 454 1204 Finierat
478 1156 692 1204 moriens
717 1156 902 1220 pariter
926 1173 1040 1204 cum
1063 1158 1175 1204 luce
1200 1157 1437 1205 dolorem.

234 1232 377 1281 Heu!
405 1241 648 1297 quantum
672 1234 780 1281 haec
803 1233 967 1282 Niobe
994 1234 1158 1282 Niobe
1184 1234 1404 1288 distabat
1424 1234 1487 1281 ab
1505 1234 1602 1290 illa,

235 1309 360 1365 Quae
384 1312 532 1359 modo
558 1310 727 1360 Latois
750 1312 990 1375 populum
1015 1312 1331 1359 submoverat
1351 1311 1462 1368 aris,

236 1386 304 1435 Et
321 1389 536 1436 mediam
561 1389 744 1436 tulerat
767 1405 966 1452 gressus
990 1389 1224 1453 resupina
1243 1405 1331 1453 per
1354 1390 1544 1445 urbem,

236 1464 489 1514 Invidiosa
513 1467 644 1524 suis3
675 1473 725 1514 at
749 1484 879 1515 nunc
905 1467 1186 1515 miseranda
1209 1467 1286 1514 vel
1310 1467 1457 1522 hosti,

1528 1469 1624 1513 276

235 1542 540 1607 Corporibus
566 1545 743 1607 gelidis
769 1545 1037 1603 incumbit;
1078 1553 1129 1594 et
1152 1545 1321 1592 ordine
1347 1545 1482 1592 nullo

239 1619 430 1668 Oscula
452 1621 709 1686 dispensat
732 1630 874 1670 natos
900 1639 1132 1689 suprema
1151 1638 1239 1687 per
1263 1639 1452 1670 omnes.

239 1766 291 1796 bus
305 1776 377 1797 aera
392 1770 517 1808 rumpit,
534 1767 592 1799 hoc
608 1773 713 1798 autem
729 1768 809 1804 1000,
827 1775 903 1799 tere-

240 1815 320 1850 brat,
342 1815 478 1857 perforat
501 1829 620 1848 auram.
656 1817 719 1848 Sed
739 1818 834 1848 verba
856 1824 902 1849 te-

238 1875 323 1896 mere
360 1867 536 1898 cumulasse
561 1867 685 1898 videtur
720 1866 905 1898 foecundum

241 1914 349 1945 Ovidii
365 1915 524 1956 ingenium
541 1928 548 1945 ι
573 1916 699 1958 sanguis
720 1927 748 1947 se
769 1919 903 1957 ejacula-

241 1970 306 2000 tur‚
327 1966 445 2001 emicat,
467 1967 596 2005 prosilit,
628 1967 757 1996 terebrat
784 1978 902 1996 auram.

240 2013 342 2044 Paulo
368 2020 438 2056 post
464 2014 496 2046 in
527 2017 647 2046 minimo
674 2016 796 2046 vulnere
822 2015 904 2047 ludit

243 2062 390 2094 Ovidius.

285 2113 360 2144 268.
379 2113 451 2144 Tam
461 2115 565 2144 subitae
580 2117 700 2152 ruinae5
725 2120 844 2155 strages
859 2119 904 2144 tot

241 2160 375 2193 filiorum
397 2163 521 2204 egregie
540 2173 700 2202 carorum3
725 2170 833 2194 certum
848 2163 903 2204 fe-

243 2222 309 2242 cere
334 2211 536 2244 admonuere.
581 2213 710 2244 Miratio
731 2213 763 2244 in
784 2223 905 2243 summo

243 2260 348 2292 dolore
377 2261 429 2292 vix
459 2262 562 2293 locum
588 2262 738 2294 habebat.
793 2263 906 2294 Verius

243 2320 308 2341 ver.
321 2312 384 2341 280
399 2322 467 2352 seq.
483 2311 550 2353 ejus
565 2311 697 2343 affectus
711 2322 884 2354 expressus.

288 2360 362 2391 271.
380 2362 525 2400 Amphion
552 2361 637 2402 apud
661 2361 849 2397 Lucianurn,
866 2360 905 2391 de

243 2409 355 2440 Saltat.
381 2411 432 2440 41.
460 2421 523 2451 prae
554 2410 659 2441 dolore
689 2411 728 2441 ad
751 2410 906 2441 insaniam

246 2457 402 2500 adigitur;
425 2459 497 2490 inde
520 2459 599 2491 forte
624 2460 690 2502 ipse
717 2460 828 2491 ferrum
852 2469 907 2502 per

244 2513 356 2549 pectus
376 2508 503 2550 adegit;
528 2519 711 2551 quanquam
730 2509 798 2540 bae'c
814 2510 908 2540 verba

244 2556 340 2588 etiam
364 2568 402 2588 ex
428 2558 577 2600 Apollod.
603 2559 753 2601 explicari
778 2559 907 2601 possint,

246 2605 398 2645 ἐτοξεύθη
423 2605 454 2638 δὲ
477 2608 531 2638 καὶ
556 2609 661 2647 Ζῆθος
680 2609 734 2639 καὶ
750 2607 907 2649 Ἀμφίων.

247 2654 387 2686 Auctore
399 2657 537 2698 Hygino,
545 2658 651 2689 fabula
660 2659 692 2689 9.
701 2668 798 2699 quum
808 2657 905 2699 Apol-

246 2703 319 2735 linis
345 2706 496 2748 templum
525 2717 705 2749 expugnare
728 2706 835 2743 vellet,
858 2706 906 2737 in-

246 2754 397 2786 terficitur
425 2756 564 2797 ejusdem
587 2757 648 2788 Dei
672 2756 753 2788 telis.
789 2757 906 2788 Secun-

971 1769 1044 1800 dum
1060 1769 1257 1810 Timagoran]
1279 1779 1378 1800 caesus
1400 1773 1447 1798 est
1465 1777 1483 1798 a
1498 1767 1628 1810 Spartis.

973 1819 1110 1850 Dolorem
1136 1818 1268 1849 Lenzius
1289 1817 1435 1858 intelligit
1461 1827 1478 1847 e
1502 1816 1629 1848 vulnere

971 1874 1156 1910 conceptum
1173 1880 1178 1897 :
1204 1867 1323 1903 malim,
1339 1877 1356 1898 e
1375 1867 1501 1909 jactura
1515 1866 1628 1897 libero-

972 1929 1051 1950 rum.
1096 1917 1199 1948 Niobe
1214 1917 1309 1953 dolet,
1325 1916 1379 1948 sed
1392 1916 1548 1958 Amphion
1564 1915 1633 1947 finit

970 1968 1126 1999 dolorem:
1151 1966 1206 1997 sed
1229 1977 1268 1997 ne
1283 1973 1381 1997 morte
1397 1965 1522 2007 quidem
1544 1965 1630 1996 dolo-

973 2028 1039 2049 rem
1058 2017 1145 2047 finire
1167 2016 1288 2058 potuit3
1314 2015 1397 2058 apud
1418 2015 1531 2046 inferos
1549 2014 1632 2045 enim

971 2067 1039 2109 ejus
1055 2065 1265 2101 contumeliae,
1282 2076 1345 2107 qua
1358 2065 1460 2096 Niobe
1478 2065 1630 2095 Latonam

972 2115 1087 2151 affecit,
1117 2125 1227 2157 poenas
1255 2115 1388 2157 pendere
1424 2113 1608 2145 credebatur
1623 2126 1630 2143 :

971 2164 1157 2199 Pausanias,
1174 2165 1280 2194 Boeot.
1296 2174 1327 2205 p.
1344 2164 1417 2194 721.

1015 2215 1089 2244 273.
1115 2214 1188 2244 Haec
1209 2213 1311 2248 Niobe,
1334 2212 1423 2254 quasi
1445 2211 1509 2242 alia
1526 2217 1631 2249 esset3

972 2263 1100 2295 AEneid.
1115 2263 1150 2294 ii.
1168 2263 1243 2293 274.
1268 2268 1413 2303 quantum
1437 2269 1573 2292 mutatus
1597 2263 1634 2292 ab

973 2314 1026 2343 illo
1043 2313 1182 2343 Hectore.
1213 2312 1364 2353 Magnam
1381 2317 1485 2342 autem
1501 2310 1563 2341 vim
1578 2310 1635 2341 ha-

973 2362 1024 2392 bet
1042 2362 1178 2404 pristinae
1189 2367 1220 2392 et
1234 2360 1395 2402 praesentis
1407 2360 1537 2390 sortunae
1549 2370 1632 2391 com-

974 2411 1104 2454 paratio.
1150 2410 1293 2441 Pristinae
1315 2409 1492 2451 repetendae
1519 2409 1631 2440 inimo-

975 2467 1073 2491 ratur.
1134 2460 1299 2499 Resupina.
1337 2458 1420 2490 Vide
1445 2458 1484 2489 ad
1510 2469 1633 2489 versum

979 2511 1048 2541 169.
1101 2509 1279 2546 Invidiosa5
1317 2518 1413 2550 quum
1449 2508 1481 2538 in
1513 2518 1635 2538 summa

975 2565 1078 2589 nostra
1104 2558 1254 2589 felicitate
1283 2557 1376 2589 etiam
1406 2557 1499 2588 nostri
1528 2557 1632 2588 dicere

973 2607 1105 2644 soleant,
1142 2607 1273 2639 Invideo
1309 2607 1366 2638 tibi
1398 2607 1478 2638 hanc
1508 2613 1633 2638 sortem.

975 2658 1212 2697 Dispensantnr,
1227 2668 1297 2699 quae
1314 2666 1368 2699 per
1382 2662 1485 2699 partes
1500 2666 1536 2687 ac
1549 2655 1635 2687 vices

975 2706 1063 2743 fiunt,
1075 2717 1136 2738 non
1150 2718 1212 2738 uno
1222 2712 1389 2737 momento.
1411 2706 1521 2737 Horat.
1531 2706 1560 2737 I.
1571 2704 1636 2736 Od.

975 2756 1081 2787 xxxvi.
1098 2757 1130 2788 6.
1147 2757 1284 2788 dividere
1300 2755 1412 2786 oscula.
