1763 3181
380 186 999 232 METAMORPHOSEON
1031 186 1151 228 LIB.
1186 186 1276 228 III.
1437 186 1522 227 267

141 308 307 363 Vadit,
332 306 434 363 ubi,
461 307 649 353 electus
674 303 901 351 facienda
925 303 988 350 ad
1014 318 1169 357 sacra,
1198 300 1451 348 Cithaeron

143 385 387 433 Cantibus
412 389 462 429 et
485 383 617 429 clara
640 381 972 428 bacchantum
996 395 1116 426 voce
1141 379 1367 425 sonabat.

145 463 215 510 Ut
236 460 400 509 fremit
423 476 535 507 acer
560 475 735 522 equus,
764 474 919 522 quum
943 457 1152 503 bellicus
1181 471 1278 502 aere
1303 471 1483 502 canoro

146 539 300 601 Signa
324 536 462 584 dedit
485 536 701 589 tubicen,
730 550 1012 598 pugnaeque
1042 532 1252 580 assumit
1279 548 1523 580 amorem:

145 615 371 663 Penthea
396 614 465 660 sic
492 613 620 660 ictus
646 612 804 674 longis
830 610 1101 662 ululatibus
1127 610 1281 656 aether
1432 611 1527 655 706

145 692 319 747 Movit,
347 698 396 738 et
421 690 589 737 audito
615 689 845 751 clangore
871 687 1127 734 recanduit
1152 686 1238 732 ira.

212 768 388 815 Monte
412 767 514 814 fere
538 766 699 813 medio
726 772 818 820 est,
842 764 1157 826 cingentibus
1183 762 1358 809 ultima
1378 761 1528 817 silvis,

146 845 308 892 Purus
335 844 396 891 ab
422 843 692 898 arboribUS‚
721 841 1010 906 spectabilis
1036 840 1256 903 undique
1282 856 1505 903 campus,

148 921 244 969 Hic
270 921 426 968 oculis
452 920 590 967 illum
615 926 900 966 cernentem
926 933 1068 965 sacra
1092 916 1307 980 profanis
1435 919 1531 963 710

148 998 318 1045 Prima
339 998 488 1052 videt,
516 996 676 1060 prima
699 1003 775 1043 est
799 996 971 1042 insano
997 994 1193 1042 concita
1218 1002 1368 1050 motu,

151 1075 319 1123 Prima
340 1090 484 1121 suum
509 1074 660 1121 misso
680 1074 878 1121 violavit
904 1074 1132 1121 Penthea
1155 1073 1327 1136 thyrso

150 1152 341 1200 Mater:
373 1158 404 1176 “
427 1151 499 1208 Io,
521 1151 778 1214 geminae‚''
801 1151 1047 1206 clamavit,
1072 1157 1102 1174 “
1120 1150 1291 1197 adeste
1313 1165 1502 1196 sorores
1522 1166 1532 1196 :

153 1229 244 1277 Ille
270 1245 403 1293 aper,
430 1228 478 1275 in
504 1229 683 1276 nostris
709 1234 838 1275 errat
859 1228 944 1292 qui
970 1228 1216 1274 maximus
1243 1226 1388 1288 agris,
1440 1228 1533 1272 714

153 1306 244 1354 Ille
269 1305 388 1353 mihi
413 1305 661 1353 feriendus
688 1305 854 1369 aper.”
927 1304 1049 1351 Ruit
1070 1304 1229 1350 omnis
1254 1304 1303 1350 in
1328 1319 1480 1349 unum

152 1383 518 1432 Turbafurens:
543 1391 736 1431 cunctae
747 1390 944 1439 coeunt,
958 1389 1253 1445 cunctaeque
1265 1386 1539 1444 sequuntur

157 1565 303 1600 Penthei,
334 1576 428 1606 quem
458 1564 541 1607 apud
566 1564 708 1606 Euripid.
738 1575 815 1595 vers.

159 1616 380 1646 1023—1151.
397 1614 529 1645 nuncius
544 1620 659 1645 narrat.
708 1614 816 1644 Cichoe-

156 1676 212 1695 ron
227 1665 344 1695 electus
360 1663 399 1694 ad
419 1663 505 1704 orgia
522 1663 723 1698 celebranda,
742 1662 818 1704 quia

875 1563 1044 1598 Cithaeron,
1062 1563 1101 1593 ad
1118 1562 1207 1603 cujus
1227 1560 1347 1591 radices
1362 1561 1451 1592 vallis
1473 1565 1538 1590 erat

875 1623 975 1655 opaca
995 1613 1141 1654 pinubus.
1179 1610 1319 1653 Euripid.
1343 1610 1459 1641 Bacch.
1476 1620 1541 1640 ver.

879 1664 972 1693 1050.
1028 1661 1139 1691 Dianae
1170 1661 1250 1690 hanc
1281 1660 1392 1690 silvam
1422 1669 1543 1689 sacram

157 1713 303 1745 Bacchus
313 1718 396 1744 amat
403 1719 533 1749 montes,
543 1712 627 1744 unde
635 1712 700 1754 ipse
706 1712 818 1753 ὄρειος.

158 1764 319 1799 Cithaeron,
331 1774 419 1794 mons
435 1763 580 1799 Boeotiae,
597 1763 635 1794 de
651 1773 713 1804 quo
730 1762 817 1804 Virg.

160 1813 233 1843 AEn.
245 1812 286 1843 iv.
298 1813 360 1842 303
374 1824 381 1841 ;
409 1812 517 1852 Thyes,
533 1814 583 1842 ubi
596 1813 700 1842 audito
714 1813 818 1842 stimu-

159 1863 224 1892 lant
248 1864 399 1892 trieterica
426 1861 543 1892 Baccho
567 1862 672 1903 Orgia,
698 1867 818 1891 noctur-

158 1921 270 1951 nusque
300 1917 384 1941 vocat
412 1911 539 1941 clamore
570 1910 741 1947 Cithaeron3
788 1915 819 1941 et

157 1960 289 1996 Seneca,
313 1959 388 1990 OEd.
404 1960 485 1990 487:
511 1971 593 1991 sacer
615 1966 643 1991 et
670 1959 820 1990 Cithaeron

157 2011 304 2051 sauguine
318 2011 490 2040 inundavit.

203 2059 276 2089 704.
301 2059 426 2094 Fremit,
454 2058 566 2090 hinnit.
611 2059 700 2095 Acer,
726 2059 821 2095 ferox,

158 2118 338 2149 generosus.
396 2107 518 2149 Longis,
547 2106 602 2138 diu
632 2107 821 2138 continuatis

159 2168 221 2188 uno
247 2162 364 2188 tenore.
411 2157 506 2194 Ictus,
529 2165 641 2188 motus.
674 2158 757 2188 Vide
781 2157 821 2188 ad

159 2206 202 2238 ix.
226 2208 300 2238 583.
345 2206 441 2248 Apud
465 2206 572 2248 Eurip.
597 2207 660 2237 910
685 2217 753 2248 sqq.
774 2206 820 2237 in-

159 2255 250 2287 sania
263 2255 401 2298 injicitur
416 2256 570 2292 Pentheo,
587 2262 622 2287 ut
637 2256 714 2286 duos
731 2256 822 2292 soles,

162 2305 303 2347 duasque
317 2305 441 2336 Thebas
457 2315 583 2336 cernere
598 2305 657 2336 sibi
670 2305 822 2341 videatur,

163 2361 255 2396 atque
270 2355 315 2385 ita
329 2354 489 2385 Bacchico
505 2354 615 2385 habitu
630 2354 759 2385 vestitus
774 2354 822 2385 lu-

163 2403 263 2434 dibrio
288 2404 495 2445 spectantium
523 2404 698 2445 exponitur.
743 2404 823 2434 Eum

164 2459 321 2483 auctorem
335 2452 459 2494 sequuti
472 2459 545 2483 sunt
560 2452 625 2488 alii,
642 2453 736 2483 etiam
752 2463 823 2494 poe-

164 2507 204 2532 tae
222 2501 338 2538 Latin-i,
356 2503 474 2533 Pacuv.
489 2508 521 2534 et
536 2502 624 2543 Virg.
641 2502 768 2533 AEneid.
782 2502 824 2533 iv.

165 2551 240 2582 469.
299 2551 347 2582 Ab
377 2551 425 2582 his
450 2552 564 2583 Noster
587 2552 752 2583 discedens
778 2554 824 2582 ira

165 2598 268 2641 potius
291 2611 362 2631 eum
390 2606 511 2631 motum
540 2612 638 2643 usque
666 2601 705 2632 ad
734 2601 827 2631 finem

166 2654 282 2680 servat.
341 2650 500 2691 Clangore,
530 2660 642 2692 nempe
669 2650 827 2692 cymbalo—

169 2708 250 2728 rum.

213 2747 287 2777 708.
328 2747 431 2778 Monte
469 2749 587 2788 media]
635 2748 831 2780 Describitur

883 1711 988 1747 fuisse,
1006 1710 1234 1750 Pseudo-Virg.
1251 1709 1323 1741 Cid.
1344 1711 1412 1739 108.
1427 1719 1542 1739 memo-

884 1766 944 1791 rat.
992 1761 1095 1790 Purus
1109 1766 1140 1790 et
1159 1760 1301 1801 καθαρὸς
1323 1759 1436 1789 dicitur
1457 1759 1544 1788 locus

886 1810 924 1841 ab
951 1810 1112 1840 arboribus
1134 1809 1247 1840 nudus.
1280 1808 1349 1838 Liv.
1372 1808 1458 1838 xxiv,
1486 1809 1542 1845 14;

884 1871 979 1899 purus
1000 1866 1027 1890 et
1049 1866 1153 1896 patens
1173 1869 1306 1898 campus.
1360 1858 1545 1897 Spectabilis,

887 1909 939 1950 qui
957 1915 1038 1939 totus
1054 1908 1187 1950 spectari
1202 1913 1314 1949 potest,
1331 1907 1428 1937 oculis
1441 1912 1539 1949 patet.

931 1959 1002 1989 710.
1028 1959 1089 1988 Hic
1104 1959 1196 1988 oculis
1213 1958 1310 1992 illum,
1324 1956 1402 1996 etc.]
1429 1957 1547 1986 Secun-

888 2007 963 2038 dum
992 2007 1136 2049 Euripid.
1165 2007 1246 2036 1040
1276 2016 1346 2047 sqq.
1373 2016 1410 2036 ex
1440 2006 1547 2035 arbore

889 2063 1083 2099 spectantem
1112 2055 1307 2098 conspiciunt
1336 2055 1448 2086 Cadmi
1476 2054 1547 2084 filiae

890 2105 1110 2148 lapidibusque
1130 2110 1242 2147 petunt
1265 2111 1296 2135 et
1315 2104 1448 2145 thyrsis3
1471 2109 1549 2139 tum,

890 2156 996 2186 arbore
1007 2161 1106 2191 eruta,
1122 2155 1284 2196 delapsum
1298 2154 1447 2185 lacerant.
1473 2155 1548 2183 Pro-

879 2205 982 2246 fanis,
1012 2216 1072 2235 non
1110 2203 1250 2239 initiatis,
1285 2202 1550 2243 ἀβακχεύτοισιν,

890 2255 996 2296 Eurip.
1012 2266 1075 2285 ver.
1091 2254 1163 2284 472.
1202 2253 1312 2283 Insano
1327 2254 1443 2282 concita
1458 2259 1552 2288 motu,

890 2304 962 2334 θεοῦ
980 2304 1136 2334 πνοαῖσιν
1152 2302 1310 2344 ἐμμανὴς,
1322 2300 1450 2336 ibidem,
1461 2311 1551 2331 versu

894 2354 986 2383 1092.
1033 2353 1134 2383 Mater
1154 2358 1220 2383 erat
1243 2351 1386 2382 sacerdos
1409 2351 1550 2388 Bacchi3

892 2402 1033 2443 Euripid.
1057 2403 1152 2432 1112.
1199 2401 1258 2431 Ille
1280 2413 1361 2441 aper.
1393 2401 1552 2432 Pentheus

891 2452 981 2482 matri
997 2452 1115 2483 Bacchi
1127 2452 1227 2482 furore
1239 2458 1387 2492 correpta:
1403 2462 1474 2490 aper·
1487 2462 1553 2481 esse

891 2501 1024 2537 videtur,
1040 2500 1094 2531 sed
1111 2500 1194 2542 apud
1209 2500 1349 2541 Euripid.
1368 2501 1431 2535 [ρος
1455 2500 1553 2541 Apol-

892 2550 955 2580 lod.
979 2550 1104 2580 omnino
1127 2548 1252 2590 Θηρὶον.
1299 2549 1404 2578 Prima
1428 2559 1500 2578 cum
1525 2548 1554 2578 vi

895 2599 1080 2640 repetitum3
1118 2609 1191 2629 nam
1218 2598 1251 2628 id
1280 2607 1403 2638 quoque
1433 2597 1554 2627 Bacchi

896 2659 983 2690 opus,
1000 2648 1084 2690 quod
1099 2654 1197 2678 mater
1209 2649 1307 2687 prima
1323 2647 1395 2677 fecit
1410 2647 1482 2677 ista.

941 2698 1014 2728 716.
1040 2697 1163 2727 Cunctoe
1185 2703 1302 2732 coeunt,
1322 2702 1493 2736 cunctaque
1514 2708 1555 2726 se-

898 2752 1037 2785 quuntur
1052 2745 1140 2776 dedit
1161 2743 1309 2776 Heinsius
1325 2755 1362 2775 ex
1380 2745 1477 2775 altero
1497 2746 1555 2776 Pa-
