1763 3181
388 174 1005 221 METAMORPHOSEON
1039 174 1156 215 LIB.
1190 173 1253 214 II.

1427 175 1509 215 187

136 297 405 358 Detegeret
427 294 622 357 culpam
645 308 740 339 non
767 289 1031 338 exorabilis
1056 288 1225 342 index,

133 373 213 420 Ad
237 371 491 419 dominum
515 369 753 418 tendebat
778 368 897 425 iter;
940 383 1089 430 quern
1115 365 1309 428 garrula
1333 366 1478 412 motis

135 449 471 512 Consequitur
494 447 687 512 pennis,
711 446 914 493 scitetur
938 452 992 491 ut
1016 444 1179 491 omnia
1201 442 1388 489 cornix.

133 527 418 589 Auditaque
436 525 526 572 viae
551 540 716 580 causa,
746 529 776 547 ‘⁶
800 523 915 570 Non
934 521 1052 569 utile
1072 518 1282 583 carpis,”

1418 522 1512 565 549

136 603 324 666 Inquit,
353 607 383 626 “
405 601 535 650 Iter:
574 618 636 649 ne
663 617 840 665 sperne
865 616 987 647 meae
1007 596 1257 665 praesagia
1280 596 1479 658 linguae.

136 679 269 734 Quid
313 679 505 735 fuerim,
555 678 676 742 quid
723 678 934 740 simque,
982 675 1121 733 vide3
1184 673 1516 735 meritumque

332 755 527 819 require
545 772 554 803 :

136 832 365 880 Invenies
389 832 618 879 nocuisse
642 831 792 879 fidem
814 847 824 878 :

864 846 977 877 nam
1002 836 1224 892 tempore
1250 827 1467 891 quodam

137 909 304 958 Pallas
330 908 722 965 Erichthonium,
744 908 933 972 prolem
959 908 1062 955 sine
1087 914 1243 954 matre
1267 912 1500 958 creatam,

141 986 403 1034 Clauserat
425 986 598 1034 Actaeo
624 992 763 1033 texta
786 986 848 1032 de
872 985 1053 1031 vimine
1079 984 1230 1041 cista3

1423 983 1516 1029 554

137 1063 525 1126 Virginibusque
549 1063 723 1118 tribus,
751 1062 946 1125 gemino
972 1062 1035 1108 de
1063 1061 1288 1123 Cecrope
1313 1059 1458 1113 natis,

139 1139 282 1187 Hanc
307 1141 469 1202 legem
494 1139 715 1196 dederat,
744 1155 834 1186 sua
859 1155 920 1186 ne
947 1144 1141 1185 secreta
1164 1137 1403 1183 viderent.

139 1216 325 1265 Abdita
348 1217 521 1264 fronde
545 1217 640 1264 levi
665 1217 822 1265 densa
846 1216 1141 1281 speculabar
1165 1215 1226 1262 ab
1253 1214 1402 1268 ulmo,

139 1402 217 1434 siod.
241 1402 337 1445 Ἐργ.
353 1413 417 1434 ver.
432 1403 512 1441 7473
528 1402 686 1444 Aristoph.
702 1403 796 1434 Avib.

138 1463 202 1483 ver.
217 1453 291 1483 610.
336 1452 418 1483 Hinc
437 1452 633 1494 proverbium
647 1452 727 1483 illud
739 1454 797 1483 λα-

138 1501 283 1544 λίστερος
318 1501 475 1544 κορώνης.
519 1503 638 1533 Anacr.
673 1502 715 1532 ix.
745 1502 797 1532 36.

142 1551 194 1582 Cf.
211 1552 293 1583 Plin.
308 1551 392 1584 Hist.
406 1553 483 1582 Nat.
499 1563 529 1582 x.
548 1553 596 1583 12.
611 1551 680 1582 init.

183 1602 365 1633 549—595.
390 1601 460 1632 Non
481 1603 558 1632 utile
583 1603 691 1641 carpis,
715 1601 794 1641 etc.]

140 1649 289 1681 Jucunda
300 1655 347 1681 est
360 1650 427 1681 haec
437 1650 540 1681 avium
553 1660 616 1681 una
626 1649 797 1680 volantium

141 1699 363 1736 confabulatio,
384 1699 512 1741 ejusque
536 1710 594 1741 ope
620 1699 697 1730 duas
721 1699 798 1729 alias

141 1747 262 1779 fabulas
296 1748 520 1790 cognoscimus.
575 1747 688 1779 Prioris
713 1748 798 1789 origo

140 1807 179 1828 ex
200 1797 324 1829 nomine
348 1797 415 1839 ipso
434 1797 604 1839 repetenda
628 1803 685 1833 est,
701 1808 798 1839 quum

140 1846 246 1878 cornix
262 1846 381 1878 Graecis
391 1847 516 1889 κορώνη
527 1847 692 1878 diceretur.
729 1847 799 1878 Non

140 1897 228 1932 utile,
239 1893 378 1932 noxium,
389 1896 488 1937 figura
502 1895 617 1932 litotes,
630 1906 693 1937 qua
707 1896 799 1927 amici

141 1939 357 1976 dissuadentes
384 1946 431 1976 uti
458 1945 568 1977 solent.
627 1946 708 1981 Vide,
739 1956 798 1976 vox

142 2004 259 2031 eorum,
275 1994 329 2035 qui
352 1994 503 2036 exemplis
520 1999 655 2025 monent.
701 1995 798 2025 Meri-

143 2048 218 2079 tum,
242 2043 346 2085 culpa,
370 2049 552 2085 peccatum:
576 2043 639 2074 vid.
661 2043 702 2074 ad
726 2045 800 2076 279.

144 2092 260 2128 Fidem,
297 2102 361 2133 qua
396 2092 503 2124 dedita
531 2098 597 2123 erat
634 2092 800 2124 Minervae.

144 2141 316 2173 Commode
339 2141 468 2183 aspersit
487 2142 582 2173 aliam
601 2142 740 2173 fabulam
760 2142 801 2173 si—

144 2190 227 2222 milis
252 2191 436 2232 argumenti.
473 2192 581 2222 Cornix
602 2193 689 2232 pulsa
705 2193 800 2223 tutela

147 2240 303 2271 Minervae.

186 2290 261 2320 553.
306 2288 411 2320 Pallas
447 2289 687 2325 Erichthonium,
720 2289 798 2329 etc.]

145 2338 308 2370 Vulcanus
331 2349 403 2369 cum
428 2339 574 2370 Minerva
597 2338 803 2369 concumbere

144 2387 252 2418 voluit.
296 2387 357 2418 Sed
385 2398 482 2429 quum
506 2387 578 2418 Dea
605 2392 803 2429 repugnaret,

145 2437 391 2479 pudicitiamque
407 2437 599 2474 defenderet,
610 2447 714 2468 semen
723 2436 802 2468 Vul-

146 2486 218 2517 cani
235 2486 269 2516 in
290 2491 401 2517 terram
423 2486 551 2523 decidit,
572 2485 655 2517 unde
676 2496 804 2528 puerum

147 2542 255 2566 natum
277 2534 345 2566 ἀπὸ
365 2539 426 2574 τῆς
445 2535 544 2578 ἔριδος
561 2537 615 2566 καὶ
633 2536 754 2577 χθονὸς
768 2536 805 2577 (a

147 2583 315 2615 certamine
330 2589 362 2615 et
377 2584 476 2624 terra)
489 2586 679 2615 Erichthonii
692 2595 806 2615 nomen

147 2632 277 2663 traxisse
310 2633 429 2664 dicunt.
474 2634 567 2665 Hunc
597 2634 742 2665 Minerva
774 2633 806 2664 in

149 2683 237 2719 cista,
265 2682 399 2714 dracone
436 2684 587 2725 apposito,
622 2683 806 2714 servandum

150 2730 235 2761 dedit
264 2730 411 2773 Aglaum,
437 2732 543 2763 Hersae
577 2739 608 2763 et
637 2732 805 2766 Pandroso,

864 1402 1012 1444 Cecropis
1035 1402 1176 1439 filiabus;
1204 1411 1273 1442 quae
1297 1411 1392 1442 quum
1413 1400 1521 1431 cistam

865 1451 1070 1493 aperuissent,
1088 1451 1193 1481 cornix
1209 1460 1273 1481 rem
1289 1449 1450 1484 indicavit,
1467 1449 1521 1480 sed

864 1503 903 1533 ob
918 1501 1074 1542 ingratum
1094 1500 1237 1530 nuntium
1258 1499 1358 1530 tutela
1371 1498 1523 1530 Minervae

864 1550 955 1593 pulsa
966 1556 1023 1581 est.
1060 1550 1203 1591 Ineptam
1215 1549 1296 1579 hanc
1308 1549 1447 1579 fabulam
1457 1554 1524 1590 ety-

865 1600 1019 1641 mologica
1052 1599 1184 1630 nominis
1208 1598 1401 1629 Erichthonii
1428 1599 1521 1629 inter-

864 1650 996 1692 pretatio
1010 1649 1141 1691 peperit.
1186 1647 1389 1689 Antiquiores
1404 1653 1524 1680 tantum

864 1698 1002 1731 Vulcani
1016 1705 1047 1729 et
1055 1699 1155 1729 Terrae
1168 1697 1266 1728 filium
1282 1708 1353 1727 eum
1368 1697 1522 1728 dixerant.

866 1751 963 1780 Actoeo
991 1754 1115 1778 ornatus
1144 1757 1240 1778 causa
1269 1746 1424 1782 additum,
1450 1748 1524 1788 quia

864 1808 912 1828 res
927 1802 1016 1839 gesta
1031 1797 1063 1828 in
1078 1796 1200 1833 Attica,
1217 1807 1286 1838 quae
1303 1796 1376 1826 olim
1394 1798 1479 1827 Acte.

909 1849 982 1877 555.
1007 1847 1132 1877 Gemino
1151 1847 1186 1876 de
1210 1845 1362 1885 Cecrope]
1391 1845 1526 1888 Cecrops

865 1906 884 1926 a
896 1895 1015 1927 Graecis
1030 1895 1131 1927 dictus
1143 1901 1190 1926 est
1205 1894 1317 1936 ὂιφὺης
1332 1895 1416 1926 haud
1432 1895 1527 1927 dubie

865 1951 1039 1987 propterea,
1061 1944 1143 1986 quod
1166 1945 1305 1986 AEgypto
1327 1943 1475 1976 oriundus
1496 1945 1528 1976 in

868 1994 1024 2025 Graeeiam
1050 1999 1246 2036 pervenerat,
1272 1999 1303 2023 et
1327 1992 1372 2024 sic
1401 1993 1525 2036 utrique

867 2043 952 2085 genti
987 2042 1184 2074 annumerari
1213 2047 1344 2084 poterat.
1389 2043 1528 2084 IIesych.

868 2091 996 2133 ὃιφύεις·
1025 2091 1053 2123 οὶ
1074 2090 1131 2122 δύο
1149 2091 1256 2133 φύσεις
1271 2091 1414 2132 ἔχοντες.
1458 2093 1526 2123 Hoc

868 2142 978 2172 vocab.
1005 2142 1109 2172 Graec.
1145 2142 1259 2171 Noster
1300 2141 1527 2183 interpretatur,

865 2193 1012 2232 geminus.
1055 2190 1160 2220 Etiam
1181 2189 1343 2225 Centauri,
1361 2200 1438 2230 quos
1461 2191 1527 2222 Iso-

869 2246 945 2271 crat.
961 2239 1080 2282 διφὺεις
1094 2244 1195 2275 vocat,
1212 2244 1243 2270 et
1263 2241 1377 2281 gemini
1395 2246 1477 2277 sunt,
1494 2246 1528 2271 ut

868 2300 932 2320 ver.
949 2291 1031 2328 6303
1054 2289 1098 2320 vi.
1120 2290 1190 2319 126.
1228 2288 1376 2330 Apollod.
1391 2290 1454 2320 III.
1466 2290 1529 2321 xiv.

873 2340 907 2368 l:
934 2339 1068 2380 Cecrops
1091 2338 1230 2379 συμφυὲς
1251 2338 1338 2378 ἔχων
1359 2341 1449 2380 σῶμα
1471 2339 1529 2370 ἀν-

871 2386 942 2429 δρὸς
964 2389 1017 2419 καὶ
1046 2385 1231 2429 δράκοντος.
1275 2387 1412 2429 Cecrops
1437 2387 1531 2429 igitur

871 2436 928 2467 suit
952 2436 1054 2467 dictus
1072 2438 1210 2478 geminus
1230 2446 1265 2466 ac
1288 2436 1430 2477 bffnrmis,
1447 2437 1529 2478 quod

870 2497 908 2517 ex
923 2492 1009 2528 parte
1025 2486 1127 2521 homo,
1139 2496 1176 2516 ex
1192 2491 1280 2526 parte
1297 2495 1422 2526 serpens
1436 2486 1530 2517 fuisse

870 2536 1060 2577 perhibetur.
1105 2535 1334 2566 Demosthenes
1367 2535 1436 2565 ideo
1471 2535 1529 2567 hoc

872 2585 978 2616 fictum
992 2584 1069 2615 dicit
1084 2584 1167 2625 quod
1184 2589 1215 2614 et
1229 2583 1396 2625 prudentia
1411 2583 1443 2614 in
1456 2595 1529 2614 con-

873 2633 950 2664 siliis
965 2643 1086 2664 summa
1097 2639 1191 2667 esset,
1206 2638 1238 2663 et
1251 2632 1282 2662 in
1298 2634 1390 2663 rebus
1403 2633 1531 2674 agendis

874 2682 990 2713 viribus
1005 2688 1100 2723 atque
1117 2681 1250 2712 audacia
1265 2682 1467 2723 p1·aecelleret.

918 2732 990 2763 557.
1016 2731 1240 2771 Levi—ulma]
1262 2731 1334 2761 Levi
1349 2736 1470 2762 tantum
1485 2742 1532 2762 or-
