1763 3181
422 168 1042 211 METAMORPHOSEON
1077 169 1195 210 LIB.
1228 169 1337 211 VII.
1467 172 1553 214 4823

168 282 400 330 Criminis
416 284 726 346 exemplum3
758 284 845 330 sed
865 290 1045 331 cuncta
1059 284 1291 330 timemus
1310 291 1550 333 amantes.

167 357 418 414 Quaerere,
445 375 545 421 quo
571 359 782 415 doleam,
810 361 1003 415 studeo,
1031 361 1275 423 donisque
1299 361 1533 424 pudicam

170 434 448 482 Sollicitare
472 435 650 482 fidem:
690 435 821 483 favet
844 436 959 483 huic
985 436 1178 483 Aurora
1201 437 1379 492 timori,
1460 441 1549 484 721

167 509 509 573 Immutatque
534 527 712 566 meam,
740 512 909 558 videor
934 512 1166 568 sensisse,
1194 512 1419 574 figuram.

167 586 419 633 Palladias
445 586 573 642 ineo,
600 604 697 634 non
723 589 1116 650 cognoscendus,
1144 588 1398 646 Athenas3

167 661 528 725 Ingrediorque
553 663 782 710 domum:
825 665 973 727 culpa
998 659 1174 711 domus
1206 665 1317 727 ipsa
1341 665 1557 720 carebat,

170 739 427 801 Castaque
443 739 585 801 signa
599 740 766 794 dabat,
784 740 1084 803 dominoque
1103 748 1210 788 erat
1231 741 1380 788 anxia
1400 749 1557 805 rapto.

168 816 267 862 Vix
292 817 429 862 aditu
454 832 543 879 per
568 817 701 863 mille
727 817 867 863 dolos
893 818 957 863 ad
985 817 1255 864 Erechtida
1277 816 1423 874 facto,
1464 821 1558 865 726

171 893 241 939 Ut
263 893 379 947 vidi,
407 892 661 955 obstupui,
689 893 1029 955 meditataque
1054 909 1197 956 paene
1221 894 1399 955 reliqui

168 969 497 1016 Tentarnenta
521 969 618 1016 fide
638 987 648 1016 :
688 970 817 1016 male
842 986 938 1025 me,
967 970 1087 1031 quin
1111 985 1227 1016 vera
1249 969 1445 1025 faterer,

168 1045 433 1102 Continui3
475 1046 618 1100 male,
647 1046 785 1108 quin,
813 1053 868 1092 ut
903 1046 1139 1109 oportuit,
1169 1046 1340 1093 oscula
1362 1046 1555 1093 ferrem.

167 1122 344 1169 Tristis
370 1129 502 1179 erat3
545 1123 634 1169 sed
660 1124 796 1170 nulla
818 1130 985 1170 tamen
1011 1122 1266 1169 formosior
1290 1122 1375 1168 illa
1463 1126 1560 1169 730

171 1198 296 1245 Esse
320 1204 490 1261 potest
513 1198 669 1255 tristi;
711 1199 1060 1261 desiderioque
1085 1199 1283 1245 calebat

170 1274 411 1336 Conjugis
438 1275 657 1337 abrepti:
697 1282 749 1321 tu
775 1275 969 1336 collige,
998 1274 1159 1336 qualis
1185 1274 1235 1320 in
1260 1274 1358 1328 illa,

170 1351 357 1406 Phoce,
385 1351 535 1397 decor
558 1350 720 1407 fuerit,
750 1367 900 1413 quam
927 1350 997 1396 sic
1020 1350 1159 1396 dolor
1184 1350 1293 1412 ipse
1318 1349 1546 1397 decebat.

171 1426 305 1480 Quid
328 1426 550 1481 referam,
579 1427 775 1488 quoties
801 1429 1078 1473 tentamina
1103 1432 1270 1471 nostra
1295 1426 1464 1487 pudici

171 1503 505 1566 Reppulerint
529 1503 720 1549 mores?
748 1503 960 1564 quoties,
984 1507 1014 1525 “
1034 1501 1192 1564 Ego,”
1209 1501 1408 1556 dixerit,
1432 1506 1463 1524 “
1478 1501 1564 1548 uni

174 1579 366 1635 Servor,
395 1578 684 1640 ubicunque
705 1584 810 1634 est;
851 1577 935 1623 uni
954 1593 1066 1623 mea
1091 1576 1272 1639 gaudia
1297 1592 1436 1623 servo
1452 1575 1500 1622 ‘?”

171 1733 242 1754 men
265 1722 434 1754 inferentis.
483 1723 605 1752 Crimen
619 1722 651 1752 in
672 1722 779 1763 primis
794 1721 833 1752 de

170 1774 332 1803 adulterio.
366 1772 487 1802 Aurora
501 1771 646 1802 adulterii
663 1773 835 1811 exemplum,

905 1732 974 1752 noa.
1021 1720 1140 1751 Melius
1154 1727 1211 1756 est,
1226 1721 1309 1761 quod
1327 1721 1440 1751 Noster
1456 1730 1565 1762 appre-

903 1770 1024 1801 hendit.
1065 1771 1119 1800 Vix
1135 1770 1349 1809 aditu—facto
1363 1769 1452 1800 dedit
1462 1769 1563 1800 Hein-

169 1821 244 1862 quia
259 1826 357 1862 nupta
369 1820 516 1851 Tithono.
555 1820 674 1850 Cuncta
690 1822 835 1851 timemus.

174 1870 290 1901 Confer
304 1880 368 1900 ver.
384 1870 473 1911 826κ

214 1918 288 1948 721.
306 1917 409 1953 Favet,
423 1916 563 1958 adjuvat.
575 1916 738 1958 Hyginus:
759 1916 833 1946 Mu-

170 1973 216 1997 tat
231 1969 264 1997 in
279 1967 398 2006 hospitis
412 1967 565 2006 figuram,
584 1972 672 2004 atque
695 1967 745 1995 dat
769 1976 834 1994 mu-

169 2027 243 2046 nera
279 2018 417 2055 speciosa,
453 2025 516 2054 quae
555 2014 696 2044 Procridz'
736 2013 835 2054 defer-

173 2070 231 2094 ret.

214 2113 288 2142 724.
313 2111 412 2150 Culpa
433 2112 552 2141 carebat
563 2122 574 2147 ,-
599 2120 661 2140 non
676 2109 759 2140 enim
781 2108 835 2144 ibi,

171 2166 206 2191 ut
234 2160 266 2191 in
294 2159 420 2201 Ulyssis
450 2159 553 2195 domo,
582 2158 678 2200 proci.
724 2159 835 2193 Anaia,

171 2220 284 2251 nempe
300 2208 462 2239 domestici
477 2213 566 2239 erant
588 2206 684 2237 anxii.
729 2207 836 2243 Quum

171 2265 292 2298 raptum
319 2268 385 2288 esse
410 2256 566 2297 ignoraret
597 2255 730 2291 Procris,
757 2255 833 2285 Bur-

171 2316 304 2337 mannus
327 2316 365 2336 ex
391 2316 453 2336 uno
474 2304 600 2347 praefert
625 2306 730 2341 tardo,-
761 2302 837 2344 quia

172 2356 327 2390 cessabat,
353 2354 447 2384 anxia
470 2359 555 2384 erat:
589 2353 722 2390 frustra3
759 2352 834 2382 alio-

172 2403 249 2444 quin
273 2408 315 2439 et,
341 2413 447 2433 versus
472 2403 547 2433 732.
571 2403 687 2441 abrepti
709 2406 832 2431 mutan-

175 2451 250 2482 dum
265 2457 358 2482 esset.

217 2501 293 2532 726.
327 2501 382 2531 Vix
408 2502 507 2537 aditu,
532 2500 608 2540 etc.]
656 2499 835 2530 Secundum

175 2550 368 2580 Antoninum
381 2549 567 2585 Liberalem,
583 2559 638 2590 per
653 2559 773 2579 servum
789 2548 835 2588 ig-

173 2604 281 2629 notum
295 2598 393 2640 pretio
408 2598 537 2629 Procrin
553 2597 715 2628 sollicitat.
750 2596 835 2627 Auc-

172 2652 237 2678 tore
261 2646 463 2688 Apollodoro,
486 2645 606 2676 Procris
627 2645 658 2675 in
684 2644 836 2675 adulterio

174 2705 246 2725 cum
260 2695 423 2727 Pteleonte
445 2695 597 2736 deprensa
612 2694 691 2734 fugit
707 2693 745 2724 ad
770 2693 833 2722 Mi-

903 1819 966 1850 sius
982 1830 1021 1850 ex
1047 1819 1165 1857 tribus3
1198 1819 1279 1849 bene
1305 1829 1337 1849 se
1362 1818 1456 1849 habet
1480 1819 1565 1860 quod

903 1867 958 1898 dat
968 1868 1098 1908 vulgata
1113 1867 1210 1908 (sicut
1226 1872 1257 1897 et
1269 1866 1387 1907 Regius
1398 1872 1500 1897 noster
1513 1866 1564 1907 A)

902 1915 1161 1957 aditus——factuffl
1209 1915 1305 1956 Apud
1322 1915 1449 1946 Graecos
1471 1915 1503 1945 in
1519 1915 1567 1945 in-

904 1964 1013 1995 teriore
1043 1963 1157 1994 aedium
1186 1968 1275 2004 parte
1305 1963 1450 1994 mulieres
1477 1962 1565 1994 sede-

903 2013 992 2043 bant.
1039 2012 1144 2049 Mule,
1168 2011 1231 2042 viX.

949 2061 1022 2091 730.
1049 2061 1147 2091 Nulla
1173 2067 1271 2090 tamen
1286 2060 1481 2100 formosior]
1514 2060 1565 2091 De

905 2112 1008 2141 decore
1022 2110 1054 2141 iu
1069 2110 1152 2141 omni
1168 2109 1288 2145 habitu,
1299 2109 1371 2139 vide
1385 2109 1423 2139 ad
1440 2109 1481 2139 iv-
1491 2110 1567 2140 230.

906 2160 1028 2190 calebat
1044 2158 1240 2200 exquisitius,
1256 2168 1352 2198 quam
1369 2157 1499 2188 aliorum
1514 2160 1565 2188 do-

903 2209 1005 2244 lebat,·
1030 2207 1160 2238 affectus
1177 2217 1248 2237 eum
1271 2206 1402 2238 revolvit
1423 2206 1462 2236 ad
1483 2208 1568 2237 deco—

903 2268 965 2287 rem
980 2256 1134 2298 conjugis.

948 2306 1020 2335 736.
1053 2305 1188 2340 Gaudia,
1212 2314 1273 2334 vox
1298 2313 1448 2334 venerea:
1480 2303 1567 2343 apud

903 2353 1037 2389 Livium,
1052 2353 1072 2384 i.
1093 2354 1145 2383 58.
1167 2354 1280 2383 Sextus
1300 2352 1475 2393 pestg'ferum
1497 2352 1567 2381 hinc

901 2403 1024 2432 abstulit
1051 2403 1214 2443 gaudium.
1272 2400 1391 2441 Pugno,
1421 2409 1566 2440 oppugno

901 2450 1063 2480 mulierem
1092 2450 1124 2480 in
1153 2459 1256 2479 meum
1289 2448 1386 2489 ipsius
1419 2447 1568 2477 dolorem.

905 2499 1027 2535 Census,
1043 2497 1188 2540 pretium,
1204 2507 1345 2527 munera.
1394 2497 1454 2525 Pro
1482 2502 1567 2525 nocte

902 2547 945 2578 sic
978 2546 1177 2587 capiendum,
1208 2550 1241 2575 ut
1268 2544 1351 2586 apud
1375 2542 1564 2578 Terentium,

905 2597 982 2627 Hec.
1006 2596 1051 2626 II.
1074 2595 1119 2625 iii.
1145 2596 1215 2624 125.
1241 2596 1304 2633 ‹fjus
1328 2599 1438 2623 nortem
1469 2602 1566 2621 orare.

907 2646 1054 2675 Dubitare
1071 2643 1209 2673 modeste
1223 2641 1365 2683 exprimit
1383 2641 1475 2671 fidem
1490 2640 1564 2669 Pro·

904 2693 996 2724 cridis
1011 2692 1245 2724 labefactatam.
