1763 3181
424 172 1039 217 METAMORPHOSEON
1063 172 1181 213 LIB.
1215 171 1295 212 IV.

1457 172 1541 212 293

168 298 199 317 “
218 291 447 348 Salmaci‚
468 292 544 338 vel
558 290 795 353 Jaculum‚
815 288 893 336 vel
914 288 1073 352 pictas
1093 303 1233 334 sume
1251 287 1507 350 pharetras
1524 304 1534 343 ;

166 367 231 415 Et
253 375 339 415 tua
361 383 475 415 cum
500 366 634 413 duris
658 365 916 413 venatibus
941 364 1040 412 otia
1063 363 1268 411 misce.’'

165 444 213 492 N
217 461 273 493 ec
291 445 513 508 jaculum
539 445 703 499 sumit,
731 458 822 490 nec
847 442 1006 506 pictas
1031 442 1115 489 illa
1137 442 1420 505 pharetras:

164 520 272 568 Nec
297 537 386 568 sua
408 536 522 567 cum
545 519 679 566 duris
704 519 961 566 venatibus
986 518 1088 565 otia
1111 518 1314 564 miscet:

163 597 264 645 Sed
288 597 433 644 modo
457 596 590 644 fonte
616 612 704 643 suo
728 595 966 643 formosos
992 596 1171 663 perluit
1194 602 1356 652 artus;

1443 598 1538 641 310

165 674 310 737 Saepe
337 673 602 737 Cytoriaco
624 672 826 720 deducit
851 672 1047 735 pectine
1072 672 1260 728 crines3

166 749 231 797 Et
255 750 375 813 quid
400 766 453 797 se
479 750 669 804 deceat,
697 755 945 813 spectatas
970 748 1182 795 consulit
1205 749 1379 795 undas.

164 826 311 874 Nunc
335 827 609 890 perlucenti
632 825 939 873 circumdata
962 842 1141 890 corpus
1167 826 1368 881 amictu,

165 903 402 951 Mollibus
428 911 513 951 aut
535 897 680 958 foliis,
707 910 793 950 aut
817 903 1049 950 mollibus
1074 903 1276 950 incubat
1300 902 1482 950 herbis.

166 980 311 1045 Saepe
334 981 456 1043 legit
478 981 646 1029 flores:
687 988 737 1028 et
762 989 879 1027 tunc
906 996 1106 1044 quoque
1131 980 1253 1027 forte
1278 980 1493 1042 legebat,

165 1057 330 1112 Quum
355 1074 562 1122 puerum
586 1057 735 1114 vidit3
775 1057 1035 1120 visumque
1061 1057 1250 1120 optavit
1274 1057 1472 1103 habere.

166 1135 274 1183 Nec
298 1143 464 1184 tamen
490 1143 602 1183 ante
628 1135 764 1191 adiit,
788 1135 879 1182 etsi
906 1135 1202 1198 properabat
1225 1134 1375 1189 adire,

1446 1136 1540 1179 317

165 1212 327 1267 Quam
352 1229 405 1260 se
430 1213 723 1276 composuit,
748 1229 897 1276 quam
922 1212 1276 1276 circumspexit
1299 1211 1525 1265 amictus,

166 1289 231 1337 Et
254 1290 397 1337 finxit
418 1291 635 1346 vultum;
675 1296 725 1337 et
748 1290 926 1336 meruit
949 1289 1162 1336 formosa
1184 1289 1353 1336 videri.

164 1366 304 1415 Tunc
330 1367 401 1415 sic
426 1383 537 1415 orsa
559 1367 723 1431 loqui:
767 1373 796 1391 “
824 1366 958 1414 Puer
981 1383 1009 1413 o
1034 1366 1323 1429 dignissime
1344 1364 1477 1412 credi

206 1552 280 1582 311.
314 1551 499 1592 Cytoriaco]
548 1552 693 1594 Explicat
720 1552 823 1594 glossa

163 1600 202 1632 C.
227 1602 268 1633 R.
293 1602 331 1632 B.
355 1603 564 1644 superscripta
594 1602 674 1633 inter
702 1603 819 1634 lineas:

163 1652 264 1686 buxeo,
279 1653 349 1691 quia
364 1653 397 1681 in
419 1658 515 1682 monte
529 1653 582 1681 illo
602 1654 715 1682 crescit.
763 1653 823 1693 Cy-

164 1700 276 1736 thorus,
290 1699 513 1742 Paphlagoniae
523 1711 621 1736 mons,
632 1701 715 1731 buxo
724 1702 820 1732 abun-

164 1749 252 1780 dans.
268 1748 350 1781 Vide
364 1749 452 1790 Virg.
468 1749 585 1791 Georg.
602 1749 637 1780 ii.
651 1751 724 1780 437.
747 1751 819 1781 For—

163 1809 245 1829 mam
275 1804 366 1840 poeta
395 1805 489 1839 auget
517 1798 666 1836 colendo;
701 1800 822 1841 proprie

162 1854 265 1887 pecten
280 1850 442 1879 deducitur
454 1860 506 1888 per
522 1851 629 1884 crines,
644 1848 698 1878 sed
714 1847 822 1889 exqui-

163 1896 262 1934 sitius,
282 1900 400 1937 pectine
424 1898 570 1928 deducere
596 1899 704 1927 crines.
750 1898 822 1928 Ele-

164 1951 273 1986 ganter
300 1947 395 1977 etiam
425 1945 593 1977 Claudian.
620 1958 650 1976 x.
682 1947 752 1976 102.
782 1946 822 1977 de

165 1994 276 2025 Gratia
286 1995 419 2026 Veneris
430 1994 558 2036 capillos
569 2000 713 2036 pectente
725 2007 731 2024 :
750 1995 783 2025 H
784 2007 823 2026 «ec

164 2054 262 2074 morsu
277 2046 423 2074 numerosi
445 2046 542 2074 dentis
562 2045 672 2074 eburno
688 2044 821 2085 Multifi-

165 2093 236 2123 dnm
251 2094 411 2123 discrimen
432 2099 512 2123 arat.
559 2093 696 2123 Pectines
718 2099 822 2124 autem

164 2141 242 2171 radii
256 2142 378 2172 textorii
391 2142 453 2183 (vi.
468 2142 545 2182 132)
562 2147 593 2172 et
605 2141 689 2172 tibiae
701 2142 822 2184 (supra,

164 2200 252 2221 versu
264 2190 322 2230 30)
334 2191 575 2222 conficiebantur
585 2202 602 2221 e
613 2191 706 2222 buxo.
741 2192 823 2226 Quid

165 2249 193 2269 se
207 2241 318 2275 deceat,
331 2239 484 2281 quomodo
500 2240 646 2270 etvultus
661 2240 823 2280 fingendus

164 2292 195 2318 et
218 2293 317 2319 vestes
339 2288 559 2331 componendae
581 2288 653 2324 sint,
675 2294 709 2319 ut
733 2288 823 2320 decor

165 2335 255 2367 adsit.

208 2386 282 2417 313.
319 2387 495 2417 Perlucentz
520 2387 658 2427 amictu]
713 2386 821 2417 Amor.

166 2435 232 2466 111.
244 2435 266 2466 i.
275 2437 306 2467 9.
315 2439 400 2467 vestis
413 2438 593 2472 tenuissima,
605 2438 705 2467 cultus
717 2448 818 2466 aman-

166 2485 214 2520 tis,
229 2494 340 2526 nempe
355 2485 544 2526 bombycina
566 2490 621 2515 aut
635 2485 746 2521 serica,
761 2496 824 2526 qua

165 2532 339 2564 tralucebat
360 2544 442 2569 caro,
468 2544 537 2575 quae
563 2533 744 2564 denudabat
765 2534 823 2564 foe-

140 2594 143 2597 ’
166 2581 276 2613 minas.
313 2583 395 2613 Plin.
420 2583 504 2614 Hist.
526 2584 603 2614 Nat.
624 2582 665 2614 vi.
691 2584 749 2622 17;
782 2584 824 2613 xi.

167 2632 222 2661 23.
283 2631 435 2668 Mollibus,
465 2638 526 2664 etc.
565 2632 683 2663 Anacr.
712 2632 752 2662 iv.
785 2633 799 2661 1
815 2644 821 2660 t

167 2679 244 2711 Ἐπὶ
265 2680 438 2722 μυρσίναις
455 2683 621 2724 τερειναῖς,
635 2681 710 2712 Ἐπὶ
731 2681 822 2712 λωτί-

168 2741 238 2766 ναις
252 2728 283 2760 δὲ
300 2730 408 2768 ποίαις
428 2731 599 2773 Στορὲσας.
639 2732 735 2765 Quum
752 2742 823 2769 pue-

210 2778 310 2809 VOL.
328 2778 391 2810 ΠΙ.

888 1564 967 1588 rum,
983 1558 1043 1584 etc.
1079 1552 1141 1583 Hic
1156 1561 1271 1588 versus,
1284 1551 1349 1581 sine
1363 1559 1468 1585 causa,
1482 1554 1548 1579 erat

889 1607 1050 1644 suspectus
1066 1600 1206 1632 Heinsio.

931 1652 1005 1681 317.
1032 1650 1093 1680 Nec
1123 1657 1220 1680 tamen
1248 1654 1318 1678 ante
1345 1649 1432 1683 adiit,
1461 1645 1542 1686 etc.]

890 1702 930 1731 Et
950 1700 1007 1730 hoc
1030 1710 1099 1730 vere
1123 1710 1139 1730 e
1163 1697 1299 1729 moribus
1322 1695 1394 1727 talis
1417 1695 1545 1737 puellae.

891 1750 1067 1789 Componere
1090 1755 1122 1780 et
1146 1746 1378 1789 περιστέλλειν,
1404 1745 1548 1776 decenter

888 1810 1006 1835 ornare,
1036 1804 1136 1829 vestes
1164 1797 1196 1827 in
1226 1796 1365 1826 ordinem
1393 1794 1546 1834 redigere.

890 1848 1008 1878 Eodem
1037 1847 1128 1877 modo
1157 1845 1239 1876 Plin.
1268 1845 1327 1875 IV.
1355 1843 1414 1885 Ep.
1441 1842 1474 1873 ii.
1505 1843 1546 1873 3:

892 1898 1050 1938 Postquam
1068 1908 1097 1927 se
1116 1897 1273 1935 composuit
1294 1901 1322 1924 et
1342 1893 1549 1932 circumspexit

890 1949 1023 1978 habitum
1038 1958 1137 1977 suum.
1182 1944 1320 1975 Similem
1339 1942 1422 1974 enim
1440 1952 1547 1972 euram

889 1996 1010 2027 ornatui
1032 1995 1256 2037 impendebant
1280 1998 1414 2024 oratores
1436 1991 1476 2022 ad
1500 1990 1546 2021 diu

889 2045 1024 2076 cendum
1046 2044 1206 2086 prodituri.
1251 2042 1332 2072 Hinc
1354 2039 1489 2077 Gellius,
1505 2040 1547 2070 N.

890 2095 931 2125 A.
947 2095 967 2125 i.
981 2097 1010 2125 5.
1026 2096 1176 2133 composite
1198 2100 1227 2124 et
1246 2094 1453 2129 circtwnspecte
1473 2091 1547 2120 anri-

890 2146 947 2174 εἰνὶ
959 2156 967 2173 .·
982 2143 1055 2174 vide
1066 2144 1292 2173 Bur-mannum.
1317 2140 1469 2170 collocare
1480 2148 1548 2169 ves-

890 2199 953 2224 tem
965 2198 1011 2224 est
1022 2192 1054 2223 ii.
1067 2193 1139 2223 733.
1170 2192 1274 2222 Finaeit
1288 2191 1416 2225 vultum,
1426 2193 1461 2219 ut
1474 2188 1546 2218 sub-

889 2242 1004 2274 rideret
1020 2247 1051 2272 et
1066 2241 1164 2272 oculis
1178 2239 1384 2271 blandiretur.
1568 2240 1572 2243 '

933 2292 1006 2322 320.
1033 2291 1117 2321 Tunc
1129 2292 1170 2320 sic
1184 2300 1247 2319 orsa
1263 2289 1351 2328 loqui,
1364 2286 1441 2326 etc.]
1469 2285 1546 2316 Ora-

890 2341 933 2371 tio
947 2339 1170 2370 blanditiarum
1185 2345 1216 2369 et
1235 2336 1416 2368 insidiarum
1437 2334 1544 2376 plena.

890 2391 1010 2430 Magna
1032 2388 1111 2423 laus,
1132 2387 1157 2417 si
1177 2386 1301 2427 cognati
1325 2390 1430 2416 nostra
1453 2394 1549 2414 causa

890 2437 975 2468 beati
986 2436 1204 2478 praedicantur.
1219 2434 1330 2475 Virgil.
1342 2435 1418 2464 AEn.
1430 2432 1451 2462 i.
1463 2433 1525 2463 605
1538 2445 1544 2461 :

893 2488 954 2521 Qui
970 2488 1048 2516 tanti
1060 2487 1146 2515 talem
1157 2496 1287 2527 genuere
1299 2483 1457 2523 parentes?
1485 2482 1547 2512 Sed

892 2536 958 2565 haec
975 2534 1124 2576 Nympha
1143 2533 1264 2575 longius
1280 2532 1373 2562 etiam
1388 2529 1545 2572 progredi-

892 2592 951 2619 tur,
967 2589 998 2614 et
1021 2584 1060 2612 ab
1082 2582 1129 2613 his
1153 2582 1298 2613 laudibus
1322 2578 1482 2610 commode
1508 2578 1547 2608 ad

892 2637 964 2662 vota
984 2641 1041 2661 sua
1060 2631 1210 2661 defertur.
1255 2631 1305 2660 De
1328 2627 1462 2668 eleganti
1479 2638 1547 2658 vero

892 2679 1074 2722 repetitione
1089 2682 1183 2721 longe,
1199 2680 1339 2720 longeque
1350 2678 1548 2707 Burmannus

892 2729 1053 2759 consulere
1075 2729 1165 2769 jubet
1188 2727 1324 2759 Bentlei.
1348 2726 1387 2756 ad
1414 2726 1490 2755 Hor.
1519 2726 1545 2756 l.

1017 2777 1048 2807 H
1062 2776 1081 2807 h
