1763 3181
394 161 1014 204 METAMORPHOSEON
1047 160 1166 201 LIB.
1200 160 1290 201 ΙΙΙ.

1448 162 1533 202 2623

219 278 345 325 Tum
394 278 532 325 Deus
579 277 808 332 illudens,
847 283 1084 339 tanquam
1132 276 1277 322 modo
1319 275 1535 338 denique

350 355 573 402 fraudem

1439 355 1535 399 650

157 432 393 487 Senserit,
420 449 448 479 e
472 431 628 496 puppi
654 438 861 495 pontum
887 437 1175 494 prospectat
1200 429 1407 477 adunca.

156 508 221 556 Et
244 509 380 556 flenti
405 508 606 565 similis;
649 508 763 555 Non
788 509 894 555 haec
920 507 1039 554 mihi
1064 507 1223 562 litora,
1251 512 1429 561 nautae,

157 585 476 643 Promisistis‚
505 586 573 633 ait
588 605 599 644 ;
641 603 737 633 non
761 586 867 633 haec
893 584 1012 632 mihi
1034 592 1163 631 terra
1187 590 1359 645 rogata
1383 589 1486 629 est:

158 663 268 718 Quo
292 663 448 710 merui
474 679 669 727 poenam
693 663 858 710 facto?
896 659 1018 725 quae'
1034 662 1188 724 gloria
1211 667 1374 707 vestra
1398 666 1489 714 est,

159 739 211 786 Si
236 756 445 804 puerum
462 741 687 803 juvenes,
715 741 755 787 si
782 740 923 787 multi
948 739 1114 787 fallitis
1140 738 1322 785 unum?

1443 738 1538 782 655

155 816 186 863 J
191 817 460 864 amdudum
483 818 687 865 flebam:
723 817 950 864 lacrimas
972 832 1145 863 manus
1172 814 1323 878 impia
1347 820 1538 860 nostras

159 894 338 951 Ridet;
380 901 429 942 et
453 894 663 958 impellit
688 893 1064 957 properantibus
1091 907 1291 955 aequora
1316 891 1478 938 remis.

158 970 256 1018 Per
279 971 370 1018 tibi
394 988 524 1019 nunc
550 972 729 1036 ipsum,
756 988 847 1019 nec
873 970 1004 1018 enim
1029 968 1317 1033 praesentior
1341 968 1424 1014 illo

158 1047 250 1095 Est
275 1048 430 1105 DeuS,
457 1050 646 1112 adjuro,
674 1057 775 1096 tam
801 1065 878 1096 me
904 1048 994 1095 tibi
1018 1063 1132 1094 vera
1155 1046 1350 1101 referre,

159 1124 322 1179 Quam
345 1126 446 1173 veri
471 1128 657 1189 majora
681 1127 805 1174 fide:
846 1127 984 1174 stetit
1008 1140 1206 1188 aequore
1226 1123 1408 1187 puppis
1446 1125 1541 1169 660

155 1200 303 1248 Haud
328 1203 485 1259 aliter,
513 1219 662 1266 quam
688 1204 728 1250 si
754 1203 943 1250 siceum
968 1203 1140 1250 navale
1164 1208 1371 1248 teneret.

159 1278 236 1325 Illi
262 1280 561 1328 admirantes
587 1297 831 1328 remorum
859 1281 907 1326 in
931 1280 1133 1326 verbere
1159 1284 1407 1342 perstant3

159 1356 384 1420 Velaque
401 1358 678 1415 deducunt;
703 1357 1000 1420 geminaque
1016 1373 1108 1420 ope
1120 1371 1314 1403 currere
1330 1360 1540 1401 tentant.
1570 1389 1573 1391 Α

161 1432 447 1496 Impediunt
470 1434 665 1481 hederae
690 1451 868 1490 remos,
895 1449 1131 1496 nexuque
1157 1447 1359 1479 recurvo

199 1584 273 1615 652.
299 1584 369 1614 Non
383 1585 441 1614 haec
457 1585 540 1620 mihi,
555 1584 634 1624 etc.]
660 1585 732 1614 Non
748 1584 814 1614 haec

159 1632 236 1663 mihi
257 1632 349 1664 litora
368 1632 561 1675 promisistis,
578 1644 646 1674 quae
670 1644 731 1663 non
746 1640 817 1663 sunt

160 1682 259 1717 litora,
276 1681 331 1713 sed
349 1693 451 1713 mare:
478 1693 539 1713 non
554 1683 621 1713 11311,-
636 1688 731 1718 terra,
747 1694 815 1723 quae

161 1743 222 1762 non
243 1738 290 1763 est
313 1737 406 1768 terra,
423 1731 477 1763 sed
502 1742 596 1774 aqua,
615 1731 692 1762 mihi
712 1738 820 1773 rogata

159 1787 216 1812 est.
232 1781 339 1812 Burm.
384 1782 518 1812 Lenzius
539 1792 610 1812 vero
632 1787 732 1823 putat,
749 1792 820 1812 eum

162 1831 354 1873 prospexisse
379 1831 445 1872 jam
472 1831 575 1861 Delon
603 1830 820 1873 propinquam.

161 1881 254 1910 Hanc
264 1880 547 1922 interpretationem
561 1879 691 1921 adjuvat
702 1879 820 1921 Schep-

163 1929 229 1970 peri
249 1930 446 1971 conjectura:
470 1936 590 1969 portum
609 1940 664 1971 pro
683 1935 820 1968 pontum.

166 1979 239 2013 Quae
258 1980 370 2021 gloria,
386 1984 446 2010 etc.
465 1984 499 2008 ut
520 1978 624 2009 Tibul.
640 1979 666 2008 I.
683 1978 748 2008 viii.
771 1978 823 2008 49.

159 2039 254 2067 puero
275 2040 336 2069 quae
356 2030 457 2070 gloria
477 2030 575 2060 victo?
611 2028 740 2058 Juvenes
761 2027 824 2057 dici

163 2077 261 2108 solent
275 2083 380 2108 nautae
396 2083 427 2108 et
441 2078 581 2118 remiges.

206 2127 280 2158 658.
306 2128 438 2158 Praesens
453 2127 545 2163 Deus,
561 2126 615 2168 qui
631 2126 719 2157 nobis
734 2125 821 2156 auxi-

164 2176 206 2207 lio
220 2187 276 2207 suo
292 2177 392 2208 adest.
436 2177 497 2207 Sed
512 2176 543 2207 h.
560 2176 580 2206 l.
596 2176 740 2216 ambigue
757 2174 822 2205 dic-

165 2231 230 2255 tum
254 2225 387 2261 videtur,
411 2231 442 2256 et
470 2225 560 2256 simul
591 2225 630 2255 de
658 2223 824 2266 praesentia

165 2275 299 2316 corporis
319 2274 515 2316 capiendum.
561 2274 654 2305 Conf.
671 2273 734 2303 xiv.
749 2274 822 2303 679.

171 2324 237 2354 Veri
249 2325 328 2364 fide,
343 2330 378 2355 ut
401 2323 552 2354 Heroidd.
572 2322 634 2353 xvi.
650 2323 703 2353 60.
754 2323 822 2352 Veri

168 2375 211 2403 vii
228 2373 368 2403 habitura
379 2374 494 2413 fidem.-
519 2372 589 2402 vide
606 2371 780 2402 Heinsium.

209 2423 281 2455 662.
299 2423 455 2453 Remorum
472 2425 502 2453 ὶιι
516 2421 659 2461 verbera]
687 2421 826 2460 Pergunt

168 2472 326 2503 verberare
344 2482 428 2502 mare
440 2471 592 2512 (τύπτειν
604 2471 670 2501 ἅλα
680 2470 825 2509 Homer.)

168 2521 269 2552 remis.
313 2520 460 2551 Similiter
470 2521 604 2562 piscator
619 2520 752 2550 verberat
764 2531 827 2548 am-

169 2571 356 2612 nemfunda,
367 2569 456 2610 Virg.
472 2569 587 2609 Georg.
602 2568 622 2598 i.
638 2569 711 2598 141.
756 2568 827 2597 Vela

167 2619 321 2650 deducunt
343 2629 381 2649 ex
408 2617 562 2653 antennis,
590 2616 652 2653 ubi,
678 2616 827 2658 quamdiu

167 2678 245 2709 opus
260 2667 297 2698 iis
312 2678 372 2698 non
384 2673 460 2704 erat,
476 2666 573 2707 ligata
586 2665 777 2708 pendebant,
793 2670 826 2694 ut

165 2718 283 2758 gemina
312 2728 372 2756 ope,
399 2716 475 2746 velis
498 2715 661 2757 remisque,
688 2721 827 2745 currant.

882 1583 1014 1613 Lenzius
1024 1588 1147 1613 eontra:
1166 1580 1350 1611 contrahunt
1361 1580 1441 1615 vela,
1454 1584 1547 1609 antea

883 1643 1031 1674 expansa,
1048 1638 1199 1672 tanquam
1222 1630 1254 1660 in
1278 1630 1358 1660 vado
1381 1634 1497 1663 essent,
1515 1634 1545 1658 et

884 1681 1048 1724 geminatis
1064 1680 1180 1710 visibus
1193 1690 1292 1709 remos
1305 1683 1440 1708 movent.

928 1731 1001 1761 664.
1028 1730 1199 1769 Impediunt
1225 1730 1336 1758 hedercr
1361 1727 1478 1766 remos]
1506 1726 1543 1755 ln

887 1779 1002 1821 hymno
1027 1778 1167 1814 Homeri,
1193 1778 1299 1807 vinum
1321 1777 1388 1807 fluit
1413 1787 1466 1818 per
1492 1786 1545 1805 na-

890 1839 969 1864 vem,
998 1839 1067 1857 mox
1098 1827 1129 1857 in
1156 1827 1224 1857 velo
1255 1825 1440 1866 expanditur
1470 1824 1549 1859 vitis,

889 1878 1004 1908 malum
1025 1875 1123 1918 cingit
1145 1876 1271 1911 hedera,
1293 1875 1462 1915 scalmique
1484 1885 1548 1904 om-

890 1937 944 1957 nes
965 1925 1085 1956 coronis
1107 1930 1267 1956 ornantur.
1314 1922 1478 1964 Hyginus:
1503 1934 1549 1952 re-

892 1988 948 2006 mos
965 1978 996 2005 ἱιι
1018 1976 1131 2015 thyrsos
1148 1976 1286 2009 mutavit,
1303 1974 1368 2003 vela
1385 1975 1415 2003 in
1434 1974 1549 2012 pampi-

892 2037 952 2061 nos,
968 2026 1107 2055 rudentes
1124 2027 1154 2055 in
1171 2024 1317 2054 hederam.
1364 2022 1441 2052 Haec
1458 2021 1551 2062 Igitur

893 2080 999 2104 auctor
1024 2073 1156 2115 quisque
1183 2083 1237 2102 suo
1261 2071 1352 2101 modo
1379 2070 1551 2105 exornavit,

889 2122 1027 2154 omnium
1063 2120 1273 2164 copiosissime
1310 2121 1441 2155 Seneca,
1479 2120 1552 2149 (Ed.

891 2172 1071 2203 451—-456.
1088 2171 1141 2201 ubi
1162 2170 1256 2200 etiam
1277 2179 1361 2199 mare
1381 2169 1412 2198 in
1428 2174 1548 2210 pratum

890 2227 1039 2252 mutatur.
1086 2219 1207 2250 Similia
1222 2219 1430 2260 phoenomena
1446 2217 1551 2258 legun<

890 2277 949 2307 tur,
965 2270 1006 2300 iv.
1029 2270 1110 2301 394:
1136 2268 1305 2299 Claudian.
1323 2278 1354 2296 x.
1375 2268 1448 2297 188.
1488 2267 1551 2296 Ve-

891 2331 962 2351 nere
979 2319 1178 2353 adventante,
1194 2325 1225 2348 et
1241 2317 1324 2347 xxiV.
1335 2317 1408 2346 366.
1422 2315 1549 2346 Baccho

890 2380 945 2410 per
969 2378 1093 2409 aequora
1117 2367 1209 2396 rubra
1228 2365 1406 2406 navigante,
1424 2363 1476 2394 ubi
1498 2374 1551 2394 no-

890 2423 986 2447 strum
1010 2417 1111 2446 locum
1135 2414 1281 2456 respexit,
1305 2414 1337 2444 in
1361 2424 1423 2454 quo
1446 2412 1549 2443 omnia

891 2468 954 2498 sere
992 2465 1111 2496 Bacchi
1156 2464 1291 2505 insignia
1334 2461 1552 2493 ostenduntur.

895 2517 1077 2555 Impediunt,
1103 2514 1245 2555 cingunt,
1272 2519 1306 2543 ut
1333 2522 1401 2553 sup.
1423 2510 1455 2540 ii.
1481 2511 1554 2540 433.

895 2565 1021 2596 Hedera
1044 2563 1178 2594 brachiis
1202 2563 1276 2597 suis,
1292 2561 1356 2591 sive
1378 2560 1554 2594 claviculis,

896 2624 973 2655 quas
993 2612 1143 2654 plurimas
1162 2612 1241 2641 inter
1261 2610 1334 2641 folia
1348 2608 1471 2644 emittit,
1489 2618 1554 2637 om-

895 2663 946 2693 nia
969 2662 1159 2703 amplectens
1182 2662 1261 2691 bene
1289 2669 1402 2698 serpere
1430 2657 1556 2693 dicitur,

896 2712 986 2753 eique
1015 2722 1103 2741 nexus
1126 2709 1312 2740 tribuuntur.
1358 2708 1455 2746 Serpit
1481 2706 1557 2736 adeo
