1763 3181
394 178 1016 221 METAMORPHOSEON
1049 177 1167 220 LIB.
1190 178 1280 220 III.

1437 179 1523 221 245

137 293 372 357 Dumque
392 294 526 341 sitim
546 294 720 342 sedare
735 294 887 358 cupit,
906 294 1012 341 sitis
1029 293 1183 341 altera
1197 294 1377 341 crevit:
1419 297 1516 341 415

136 369 371 434 Dumque
395 371 538 428 bibit,
563 371 681 418 visae
707 377 963 434 correptus
988 370 1203 434 imagine
1226 369 1410 427 formae,

138 447 292 512 Spem
317 448 423 496 sine
448 463 652 511 corpore
673 454 834 495 amat:
864 463 1045 510 corpus
1069 455 1214 511 putat
1235 463 1362 503 esse,
1384 447 1519 511 quod

332 526 509 573 umbra
532 533 625 573 est.

134 600 352 666 Astupet
375 603 483 666 ipse
508 603 618 658 sibi,
644 603 885 665 vultuque
905 602 1139 663 immotus
1165 602 1343 650 eodem

138 677 324 735 Haeret,
352 686 406 727 ut
430 696 457 727 e
483 678 631 726 Pario
657 679 919 726 formatum
944 695 1187 726 marmore
1212 679 1423 742 signum.

139 756 348 820 Spectat
371 757 507 804 humi
525 758 716 821 positus
743 757 1011 820 geminum,
1034 773 1124 804 sua
1140 757 1341 813 lumina,
1365 757 1519 812 sidus,

137 833 204 882 Et
227 835 402 898 dignos
428 834 647 892 Baccho,
674 836 849 898 dignos
875 842 925 883 et
948 834 1181 898 Apolline
1206 835 1382 890 crines,
1423 837 1515 881 421

135 912 474 977 Impubesque
498 930 667 977 genas,
695 921 745 962 et
769 915 988 962 eburnea
1011 912 1154 968 colla,
1182 913 1440 976 decusque

138 989 270 1047 Oris,
297 998 349 1039 et
371 992 422 1038 in
446 992 588 1039 niveo
612 992 824 1039 mixtum
849 991 1064 1039 candore
1084 990 1342 1047 ruborem3

138 1067 434 1132 Cunctaque
459 1070 683 1126 miratur,
706 1070 888 1134 quibus
910 1076 987 1117 est
1010 1067 1249 1115 mirabilis
1269 1084 1278 1115 2
1318 1067 1426 1130 ipse

138 1144 204 1193 Se
230 1146 370 1210 cupit
393 1147 707 1211 imprudens3
737 1154 801 1203 et,
823 1146 908 1211 qui
933 1147 1126 1210 probat,
1150 1145 1232 1192 ille
1258 1145 1516 1208 probatum

140 1222 374 1287 Dumque
416 1225 556 1288 petit,
596 1225 808 1289 petitur-3

137 1298 283 1347 Irrita
305 1299 467 1349 fallaci
494 1301 690 1364 quoties
715 1301 855 1349 dedit
879 1302 1050 1348 oscula
1072 1300 1223 1348 fonti!

137 1376 197 1423 In
221 1377 412 1425 medias
438 1379 651 1441 quoties,
678 1378 838 1426 visum
863 1379 1119 1442 captantia
1145 1377 1344 1432 collum,

134 1511 202 1546 bra,
212 1521 308 1552 quam
319 1521 430 1552 corpus
443 1521 510 1542 esse
525 1513 680 1554 sperabat,
692 1523 794 1554 neque

135 1565 243 1591 tamen
266 1565 344 1590 erat.
379 1560 450 1602 Ipse
474 1560 519 1591 sic
542 1561 679 1603 explicat
693 1562 795 1592 verbis

138 1607 298 1651 subjectis.

178 1658 252 1689 418.
276 1659 402 1697 Astapet
417 1659 478 1697 ipse
493 1657 573 1698 siban]
611 1658 794 1695 Pausanias,

133 1707 220 1739 dicto
241 1707 322 1743 loco,
343 1707 513 1738 absurdum
537 1707 594 1738 hoc
614 1708 796 1748 figmentum

135 1767 203 1788 esse
213 1756 355 1799 judicat;
378 1756 533 1788 neminem
552 1757 636 1787 enim
654 1764 719 1788 tam
733 1765 796 1789 sto-

135 1805 235 1837 lidum
250 1816 328 1842 esse,
343 1811 379 1837 ut
393 1806 441 1836 sui
455 1816 558 1836 amore
572 1805 724 1847 capiatur,
740 1807 795 1838 ho-

134 1854 315 1897 minemque
340 1855 379 1885 ab
403 1855 514 1885 umbra
541 1852 715 1886 discernere
740 1867 795 1887 ne-

135 1909 245 1946 queat.
291 1903 377 1941 Quid
401 1908 507 1934 autem
528 1904 667 1935 Noster?
711 1905 743 1935 Is
759 1915 796 1935 eo

135 1952 181 1984 ita
194 1952 368 1984 delectatus
382 1958 439 1988 est,
456 1957 491 1983 ut
505 1952 711 1983 intolerabilis
726 1963 797 1995 gar-

135 2001 269 2034 rulitatis
296 2001 475 2044 exemplum
508 2001 597 2032 nobis
624 2001 795 2043 reliquerit,

135 2061 239 2092 neque
254 2050 457 2093 voluptatem,
472 2050 527 2082 sed
546 2049 675 2081 taedium
697 2051 794 2082 lecto-

136 2101 221 2131 ribus
242 2099 410 2142 paraverit.
453 2100 580 2142 Semper
604 2100 645 2131 ad
664 2099 796 2131 eandem

136 2148 293 2181 notionem
319 2149 499 2186 revolvitur,
515 2149 591 2191 quin
616 2149 703 2186 adeo,
726 2161 796 2191 quae

135 2198 201 2240 ipse
229 2197 362 2235 dixerat,
391 2198 575 2229 Narcissum
603 2204 797 2240 repetentem

135 2247 266 2279 inducit.
300 2247 429 2279 Diutius
443 2248 551 2284 etiam,
568 2258 664 2290 quam
679 2255 795 2280 naturae

136 2296 250 2328 veritas
271 2296 399 2339 patitur,
414 2308 486 2329 eum
507 2297 565 2328 hoc
588 2308 688 2328 errore
704 2297 794 2329 fasci-

136 2351 243 2378 natum
263 2352 360 2377 tenet.
395 2346 488 2377 Adde
504 2346 617 2388 frigida
638 2347 794 2384 acumina,

137 2395 250 2437 quibus
272 2395 304 2427 h.
319 2395 341 2426 l.
360 2395 515 2427 distinxit.
561 2397 706 2436 Astapere
729 2395 795 2427 dic-

137 2449 215 2481 tum,
237 2449 273 2475 ut
298 2446 463 2487 adgemere,
488 2455 634 2481 assonare,
659 2446 796 2476 alludere

137 2492 244 2525 alicui.
287 2493 410 2535 Stupori
437 2494 582 2525 convenit
609 2494 795 2525 vocabulum

137 2543 257 2575 haerere.
287 2543 384 2585 Apud
406 2544 495 2586 Virg.
510 2545 588 2575 AEn.
606 2544 648 2575 vi.
661 2545 735 2576 471.
748 2555 796 2575 re-

137 2591 212 2634 gina
226 2603 288 2623 non
303 2592 394 2623 aliter
407 2593 516 2630 haeret,
531 2603 567 2624 ac
582 2596 607 2623 si
621 2595 700 2623 (lura
713 2594 796 2630 silem,

138 2647 194 2673 aut
219 2648 275 2673 stet
301 2642 456 2682 Marpesia
483 2642 534 2684 (in
559 2641 658 2683 Paro)
686 2649 799 2674 cautes.

138 2690 218 2722 Inde
241 2691 355 2722 Noster
370 2691 457 2728 fecit,
471 2699 506 2723 ut
531 2703 545 2723 e
569 2692 662 2723 Pario
677 2693 796 2733 forma-

141 2745 204 2770 tum
219 2751 364 2770 marmore
378 2742 506 2782 signum.

184 2789 285 2821 voL.
302 2789 383 2833 111³.-

863 1225 1147 1288 pariterque
1189 1221 1426 1278 incendit,
1473 1229 1523 1269 et

1340 1299 1519 1361 [ardet.

1426 1379 1522 1424 428

906 1514 979 1544 420.
1006 1513 1166 1543 Geminum
1195 1513 1288 1549 sidus,
1313 1510 1371 1541 hoc
1396 1516 1444 1541 est
1469 1522 1523 1541 sua

864 1563 991 1599 lumina,
1007 1568 1062 1593 aut
1076 1561 1120 1592 sic
1134 1574 1140 1591 :
1165 1572 1220 1591 sua
1244 1561 1358 1590 Iumina
1373 1565 1522 1601 tanquam

862 1614 1014 1654 geminum
1025 1612 1118 1641 sidus.
1150 1608 1244 1641 Oculi
1260 1609 1425 1649 fulgentes,
1440 1608 1523 1640 side-

863 1671 931 1691 rum
955 1660 1061 1696 instar‚
1077 1664 1234 1701 ponuntur
1248 1657 1281 1688 in
1296 1657 1432 1688 maxima
1449 1657 1522 1699 pul-

863 1709 1048 1741 chritudinis
1079 1714 1180 1751 parte.
1240 1707 1290 1738 Cf.
1318 1706 1358 1737 ad
1396 1707 1417 1737 i.
1446 1708 1522 1738 499.

864 1761 970 1799 Apollo
993 1764 1024 1789 et
1042 1758 1179 1788 Bacchus
1197 1757 1368 1787 laudantur
1383 1767 1401 1787 a
1424 1756 1524 1798 poetis

863 1809 902 1839 ob
925 1813 1072 1839 aeternam
1089 1807 1287 1849 juventutem
1307 1812 1338 1836 et
1352 1805 1524 1836 formosita-

862 1863 948 1897 tem;
970 1856 1183 1900 imprimisque
1201 1856 1377 1886 tribuuntur
1398 1855 1436 1885 iis
1451 1855 1523 1897 pul-

863 1907 929 1938 chri
944 1912 975 1938 et
998 1906 1138 1948 promissi
1154 1904 1278 1947 capilli:
1303 1904 1410 1935 Amor.
1426 1904 1446 1935 i.
1465 1906 1526 1945 143

863 1956 1002 1988 Martial.
1018 1955 1077 1987 IV.
1100 1954 1209 1996 Epigr.
1226 1953 1289 1984 xlv.
1334 1953 1417 1983 Hinc
1442 1954 1525 1985 Bac-

863 2005 941 2036 chus
963 2005 1111 2046 εὑκόμης,
1133 2002 1347 2045 χρυσοκόμης,
1367 2008 1428 2033 etc.
1473 2003 1524 2035 De

864 2054 960 2085 comis
988 2053 1109 2084 Bacchi
1145 2052 1260 2094 passim
1293 2051 1377 2093 apud
1404 2057 1524 2093 poetas,

864 2103 936 2134 hinc
974 2103 1068 2134 etiam
1104 2101 1319 2143 ἀκερσεκόμης
1355 2100 1456 2132 dictus
1493 2108 1525 2133 et

864 2152 1050 2194 ἁβροκόμης
1078 2151 1209 2183 Graecis.
1264 2149 1409 2190 Impubes,
1432 2151 1524 2182 lanu·

864 2201 935 2243 gine
973 2201 1135 2232 obductas.
1196 2200 1307 2234 Decus,
1341 2198 1526 2239 exquisitius

864 2261 958 2292 quam
974 2249 1184 2292 pulchritudo.
1230 2248 1347 2278 Minus
1366 2247 1440 2278 alibi
1457 2247 1524 2279 sine

863 2298 1080 2341 praepositione
1106 2297 1220 2338 legitur
1244 2296 1292 2327 vel
1322 2306 1393 2326 cum
1422 2296 1525 2334 tertio,

864 2348 914 2379 vel
930 2358 999 2378 cum
1015 2354 1102 2378 sexto
1118 2357 1204 2377 casu.

907 2399 980 2428 425.
1004 2397 1039 2426 Se
1054 2395 1163 2436 capia]
1193 2395 1244 2426 De
1259 2405 1366 2434 cupere
1381 2399 1413 2425 et
1425 2401 1525 2434 petere

865 2446 934 2478 vide
964 2446 1004 2476 ad
1031 2447 1105 2476 353.
1162 2444 1353 2484 Imprudens,
1382 2444 1525 2476 nesciens

861 2496 948 2526 illam
972 2494 1140 2536 imaginem
1166 2504 1232 2525 esse
1258 2494 1400 2524 umbram
1423 2502 1525 2523 suam.

866 2545 926 2579 Qui
938 2544 1184 2583 probat—ardet.
1212 2541 1371 2583 Frigidum
1382 2551 1525 2573 acumen.

867 2594 1009 2629 Probare,
1027 2591 1192 2634 pulchrum
1213 2596 1244 2622 et
1267 2600 1370 2621 amore
1393 2588 1523 2630 dignum

861 2641 1015 2683 judicare.
1063 2642 1179 2672 Incitat
1199 2640 1308 2676 oculos,
1322 2638 1421 2670 irritat
1439 2648 1523 2670 amo-

866 2701 930 2722 rem
945 2700 999 2733 per
1012 2690 1128 2721 oculos.

994 2789 1055 2819 Bb
