1763 3181
426 173 1047 217 METAMORPHOSEON
1081 173 1200 215 LIB.
1223 173 1279 215 V.

1460 174 1545 216 346

157 290 338 354 Arguis
363 306 473 339 esse
496 307 689 338 necem.
742 296 772 313 “
797 290 1040 337 Dabimus
1065 289 1155 336 tibi
1180 289 1389 353 pignora
1411 289 1540 345 veri;

159 368 357 416 Parcite
380 368 700 424 luminibus,''
726 367 942 415 Perseus
969 367 1063 424 ait3
1106 382 1291 429 oraque
1315 366 1445 429 regis

159 445 261 493 Ore
287 445 546 493 Medusaeo
572 445 761 492 silicem
787 445 894 492 sine
920 444 1159 507 sanguine
1184 443 1319 491 fecit.

1448 445 1544 490 249

228 522 481 571 Hactenus
508 523 756 586 aurigenae
781 522 1015 570 comitem
1041 521 1263 568 Tritonia
1285 520 1420 568 fratri

161 599 227 648 Se
253 601 418 649 dedit:
457 601 572 649 inde
597 617 717 649 cava
742 600 1048 663 circumdata
1072 599 1204 646 nube
1232 598 1479 662 Seriphon

160 676 375 736 Deserit,
402 694 431 726 a
454 679 631 726 dextra
657 679 860 743 Cythno
886 678 1159 741 Gyaroque
1185 675 1388 723 relictis.

160 753 372 818 Quaque
392 773 541 820 super
566 763 772 820 pontum
792 756 871 803 via
888 755 992 803 visa
1006 753 1311 809 brevissima,
1328 751 1545 808 Thebas,

156 830 546 896 Virgineumque
573 832 818 881 Helicona
841 832 995 897 petit;
1037 847 1136 894 quo
1161 836 1329 878 monte
1353 829 1514 894 potita

161 908 413 967 Constitit,
441 916 493 957 et
516 910 691 957 doctas
718 910 788 957 sic
814 917 892 957 est
916 908 1081 956 adfata
1106 923 1326 955 sorores:

1448 909 1544 955 255

159 989 191 1009 “
219 984 372 1033 Fama
395 987 506 1033 novi
531 986 682 1033 fontis
708 993 902 1034 nostras
926 986 1152 1050 pervenit
1176 985 1238 1033 ad
1264 1000 1406 1032 aures
1428 1003 1439 1042 ;

159 1061 297 1111 Dura
321 1063 567 1112 Medusaei
591 1081 743 1128 quem
767 1064 1001 1129 praepetis
1022 1063 1209 1126 ungula
1232 1062 1382 1126 rupit.

159 1138 210 1187 Is
235 1140 356 1187 mihi
380 1157 532 1190 causa
554 1142 674 1190 viae:
713 1143 843 1190 volui
868 1141 1092 1189 mirabile
1117 1146 1392 1188 monstrum

156 1272 263 1299 nuere,
279 1262 441 1295 detrahere
456 1264 561 1306 gloriae
578 1265 714 1297 alterius.
740 1266 817 1295 Par-

157 1322 223 1343 cere
237 1313 331 1343 oculis
345 1312 420 1344 alibi
436 1319 491 1350 est,
509 1313 545 1345 iis
562 1325 623 1345 non
636 1314 695 1351 uti,
709 1314 817 1346 Tibul.

157 1360 178 1392 i.
193 1362 224 1392 2.
240 1361 280 1392 23
292 1373 302 1400 3
324 1361 379 1393 sed
394 1362 426 1393 h.
437 1362 461 1393 l.
478 1373 530 1394 eos
547 1369 699 1395 avertere.
746 1364 819 1395 Non

156 1416 261 1442 autem
281 1413 360 1453 regis
381 1417 503 1443 tantum
531 1425 583 1444 ora
602 1413 747 1449 mutavit,
764 1414 819 1444 sed

158 1465 190 1490 et
204 1459 384 1492 amicorum.
420 1461 630 1503 Pherecydes,
648 1462 817 1499 Pindarus,

158 1509 307 1551 Apollod.
321 1510 473 1541 Fabulam
488 1511 610 1548 Strabo,
625 1523 656 1542 x.
671 1523 702 1554 p.
716 1513 789 1544 487.
803 1523 820 1543 e

157 1567 270 1589 saxosa
284 1558 404 1601 Seriphi
421 1564 532 1590 natura
543 1559 699 1602 explicat:
727 1560 820 1592 Οὕτω

158 1605 184 1638 δ’
205 1606 270 1639 ἐστὶ
289 1607 457 1650 πετρώδης
479 1608 500 1646 ἡ
526 1610 638 1647 νῆσος,
655 1610 733 1641 ὥστε
754 1608 819 1641 ὑπὸ

155 1658 217 1696 τῆς
243 1657 407 1699 Γοργόνος
435 1659 529 1690 τοῦτο
563 1659 683 1690 παθεῖν
713 1658 819 1698 αὐτὴν

155 1704 254 1747 φάσιν
269 1705 297 1737 οἱ
310 1705 549 1748 κωμῳδοῦντες.
586 1707 682 1749 Apud
697 1707 817 1749 Hygin.

156 1755 221 1787 fab.
235 1756 310 1787 273.
331 1756 384 1798 qui
407 1756 492 1787 haud
513 1757 608 1788 dubie
632 1757 819 1798 AEschylum

157 1810 308 1846 sequutus
330 1810 387 1841 est,
402 1804 583 1848 Polydectae
606 1805 750 1838 funebres
771 1806 818 1837 lu-

157 1853 214 1885 dos
228 1854 359 1886 Perseus
374 1854 462 1886 facit.

201 1904 384 1935 250-678,
409 1904 570 1935 Illusarum
585 1906 730 1946 colloquia
753 1917 820 1936 cum

160 1952 315 1994 Pallade.]
334 1954 503 1996 Aurigena,
512 1956 726 1996 χρυσογενής,
739 1966 820 1996 χρυ-

159 2001 336 2045 σόπατρος,
348 2013 441 2045 quern
451 2003 576 2045 Jupiter
585 2003 616 2035 in
628 2014 737 2035 aurum
748 2015 820 2035 con-

158 2061 265 2082 versus
287 2057 448 2093 genuerat.
493 2052 543 2083 Sic
567 2054 769 2094 draconigena
791 2059 822 2084 et

158 2099 232 2137 alia,
255 2111 326 2143 quae
349 2111 442 2143 supra
467 2101 610 2143 legimus.
654 2102 822 2144 Perplacet

159 2149 342 2181 Schirachio
362 2150 422 2181 hoc
443 2150 612 2193 epitheton,
629 2152 711 2193 quod
730 2151 819 2183 nobi-

158 2198 220 2230 lem
236 2199 353 2231 habeat
367 2199 545 2231 audaciam.
588 2201 626 2231 Se
640 2202 721 2231 dedit
733 2203 821 2232 comi-

161 2254 218 2278 tem
250 2248 445 2290 exquisitius,
475 2260 581 2291 quam,
609 2249 669 2280 fuit
703 2260 820 2281 comes.

160 2297 197 2329 Se
215 2299 288 2329 (lare
303 2298 386 2328 enim
401 2298 525 2329 omnino
539 2298 685 2329 dicuntur
700 2298 753 2340 qui
773 2299 821 2329 in-

159 2352 280 2378 tersunt
297 2352 352 2378 aut
372 2347 486 2378 adsunt
499 2346 579 2384 aliis,
595 2347 635 2378 ad
651 2358 702 2378 eos
716 2358 748 2378 se
768 2358 822 2390 ap-

160 2395 290 2437 plicant.
337 2395 419 2426 Cava
444 2397 533 2432 nube,
560 2401 607 2434 ut,
631 2396 685 2438 qui
709 2406 821 2438 aquam

160 2444 384 2486 ingrediuntur,
402 2453 529 2476 curvata
549 2458 625 2486 aqua
642 2445 820 2488 cinguntur,

162 2494 247 2536 apud
258 2493 438 2535 Virgilium,
452 2495 567 2536 Georg.
578 2495 621 2526 iv.
634 2496 706 2526 361.
731 2495 822 2536 Cyth-

161 2554 210 2574 n0.
226 2544 318 2575 MSS.
334 2554 453 2580 omnes,
470 2544 580 2585 Cypro.
628 2544 707 2580 Quae
723 2544 824 2575 insula

162 2602 260 2633 quum
275 2597 394 2623 remota
407 2593 499 2624 nimis
510 2593 550 2624 sit
561 2604 579 2624 a
591 2593 730 2635 Seripho,
741 2593 825 2624 varie

162 2640 220 2671 hoc
233 2651 345 2672 nomen
361 2642 401 2672 ab
413 2641 583 2673 editoribus
598 2648 754 2673 tentatum
767 2647 825 2673 est.

167 2689 285 2729 Cythno
298 2689 430 2721 correxit
443 2690 630 2732 Naugerius,
647 2696 677 2722 et
692 2691 735 2721 sic
752 2691 825 2721 Pla-

165 2739 264 2770 nudes
273 2739 412 2770 habetin
427 2740 568 2781 Metaph.
583 2741 705 2772 Graeca.
732 2741 824 2780 Cyth-

885 1276 942 1296 mcs
967 1270 999 1296 et
1024 1265 1149 1305 Gyarus
1174 1273 1191 1294 e
1219 1273 1347 1293 numero
1373 1261 1548 1303 Cycladum

884 1319 968 1344 sunt.

928 1363 1002 1394 254.
1030 1362 1265 1404 Virgineumque
1287 1359 1460 1398 Helicona;
1484 1360 1549 1391 He-

886 1412 969 1443 licon
981 1410 1175 1451 Virginibus,
1188 1410 1263 1446 sive,
1275 1409 1378 1441 Musis
1389 1420 1546 1441 consecra-

886 1467 946 1498 tus,
961 1472 1023 1503 quo
1039 1467 1175 1503 tempore
1189 1470 1297 1491 earum
1310 1460 1413 1490 cultus
1424 1470 1441 1490 e
1453 1459 1550 1490 Thra-

887 1512 937 1543 cia
951 1512 983 1542 in
999 1511 1156 1542 Boeotiam
1167 1509 1300 1541 transiit.
1332 1509 1456 1540 Potitur
1471 1509 1551 1546 loco,

888 1561 941 1603 qui
966 1571 1002 1592 eo
1025 1558 1176 1603 pervenit.
1223 1559 1341 1589 Sorores
1355 1563 1504 1589 vocantur
1520 1564 1552 1589 et

888 1610 987 1642 Furiae
1004 1609 1045 1640 iv.
1062 1610 1145 1647 4703
1176 1613 1271 1649 atque
1296 1609 1417 1645 Parcae,
1441 1608 1551 1639 Horat.

887 1660 931 1691 ΙΙ.
952 1659 995 1691 iii.
1014 1660 1073 1697 155
1104 1657 1159 1689 sed
1184 1658 1286 1688 Musae
1311 1659 1402 1688 doctae
1426 1668 1548 1694 sorores,

887 1708 970 1752 quod
983 1707 1144 1750 epitheton
1160 1707 1199 1738 ab
1212 1706 1249 1737 iis
1264 1706 1304 1737 ad
1319 1712 1428 1748 poetas
1443 1706 1475 1737 in
1489 1706 1551 1749 pri-

886 1757 946 1788 mis
962 1757 1146 1788 translatum
1161 1761 1217 1787 est.

931 1807 1006 1837 256.
1042 1806 1120 1836 Novi
1137 1806 1250 1847 fontis,
1279 1815 1372 1846 quem
1403 1815 1422 1836 a.
1453 1804 1551 1837 forma

888 1856 1105 1898 Hippocrenes
1118 1865 1232 1886 nomen
1253 1855 1410 1897 accepisse
1426 1860 1549 1897 putant.

888 1906 951 1937 Sed
985 1905 1208 1946 undecumque
1237 1904 1266 1935 ei
1293 1904 1471 1945 impositum
1500 1904 1552 1941 sit,

889 1955 1098 1997 etymologica
1109 1955 1175 1996 ejus
1186 1953 1401 1995 interpretatio
1412 1953 1551 1984 fabulam

890 2003 1088 2035 ministravit.
1134 2001 1240 2034 Etiam
1269 2001 1425 2033 Troezenii
1454 2013 1551 2044 quum

890 2053 1005 2084 fontem
1041 2052 1194 2084 haberent
1230 2051 1456 2094 cognominem,
1486 2062 1554 2094 my-

888 2102 977 2133 thum
1002 2102 1041 2133 ad
1064 2113 1096 2133 se
1121 2106 1293 2132 traxerunt.
1319 2100 1505 2137 Pausanias,
1521 2100 1554 2132 ii.

889 2152 942 2182 31.
978 2151 1148 2182 Medusaeus
1158 2161 1280 2191 pra’pes,
1296 2150 1434 2191 Pegasus
1449 2160 1466 2181 e
1481 2160 1553 2180 san-

889 2200 983 2242 guine
1012 2200 1156 2231 Medusae
1187 2205 1281 2236 ortus,
1310 2199 1352 2230 iv.
1381 2200 1454 2231 784.
1500 2200 1551 2230 De

889 2249 1114 2291 significatione
1130 2250 1187 2280 τοῦ
1200 2259 1311 2288 praepes
1321 2248 1388 2290 jam
1404 2248 1477 2278 olim
1490 2248 1552 2279 dis-

888 2300 1042 2341 putabant
1060 2297 1269 2339 grammatici.
1314 2296 1451 2328 Omnino
1471 2298 1554 2329 cele-

889 2359 954 2379 rem
969 2353 1066 2384 notat,
1081 2353 1113 2378 et
1129 2357 1213 2378 nunc
1229 2346 1420 2378 substantive
1437 2357 1553 2389 equum

890 2396 1038 2428 celerem.
1085 2396 1194 2435 Rupit.
1240 2395 1309 2426 Hoc
1332 2395 1432 2437 magis
1447 2403 1554 2438 aptum

890 2453 937 2477 est
964 2446 1062 2488 fonti,
1091 2456 1184 2487 quarn
1206 2445 1321 2487 fi'egl't·
1376 2445 1554 2485 Rumpitur,

890 2495 1041 2527 scinditur
1064 2501 1156 2531 terra,
1172 2495 1254 2526 unde
1270 2494 1338 2525 fons
1357 2495 1431 2526 exit.
1475 2495 1552 2527 Mox

881 2544 988 2586 jhc-tas
1001 2546 1083 2584 pedis
1099 2546 1207 2574 ictibus
1219 2545 1327 2574 undas.

935 2596 1009 2625 258.
1035 2594 1216 2629 Monstrwn,
1232 2593 1300 2624 fons
1315 2592 1447 2624 mirabili
1463 2593 1554 2624 modo

893 2642 1047 2674 inventus.
1072 2642 1122 2673 Sic
1130 2643 1266 2673 mirabile
1275 2647 1436 2673 monstrum
1446 2641 1553 2679 etiam,

894 2692 983 2731 Virg.
1002 2693 1076 2723 AEn.
1093 2691 1137 2722 iii.
1153 2692 1206 2721 26.
