1763 3181
238 187 324 229 364
626 183 676 225 Ρ.
715 182 928 225 OVIDII
963 182 1243 225 NASONIS

234 301 336 349 Sed
361 307 528 347 tamen
554 298 730 346 inferni
757 298 948 362 pollens
975 306 1201 346 matrona
1224 299 1473 363 tyranni.'’

298 377 464 425 Mater
488 376 550 424 ad
573 376 768 424 auditas
794 375 1002 439 stupuit,
1029 391 1121 423 ceu
1147 391 1314 433 saxea,
1340 391 1504 432 voces,

233 453 572 517 Attonitaeque
598 453 684 500 diu
708 452 880 500 similis
906 451 1024 510 fuit3
1067 460 1222 516 utque
1246 453 1414 501 dolore

234 530 389 579 Pulsa
413 531 547 594 gravi
573 531 733 594 gravis
759 537 837 578 est
861 530 1095 585 amentia,
1123 531 1348 577 curribus
1369 546 1512 578 auras

234 607 355 655 Exit
378 608 428 655 in
453 607 710 655 aetherias:
750 606 818 654 ibi
843 614 947 654 toto
972 606 1141 654 nubila
1164 607 1301 654 vultu

233 684 365 733 Ante
390 684 419 732 J
424 700 565 733 ovem
586 684 747 749 passis
773 685 913 733 stetit
937 684 1178 731 invidiosa
1202 684 1395 749 capillis
1415 701 1424 732 :

231 768 261 786 “
281 761 480 825 Proque
500 778 610 810 meo
632 762 848 825 supplex
871 760 1015 809 venio
1041 760 1147 816 tibi,
1175 759 1204 806 J
1210 760 1418 825 upiter,''
1435 760 1612 823 inquit,

233 844 264 862 “
284 838 552 901 Sanguine,
570 854 761 902 proque
786 845 896 885 tuo:
925 837 966 884 si
992 837 1127 884 nulla
1147 845 1223 884 est
1247 837 1406 900 gratia
1429 838 1615 894 matris,

233 914 368 963 Nata
388 923 580 980 patrem
604 922 822 963 moveat:
860 931 958 963 neu
982 915 1047 962 sit
1070 914 1160 962 tibi
1186 931 1320 971 cura,
1344 931 1621 979 precamur,

1522 455 1618 500 510

230 991 386 1040 Vilior
408 992 555 1049 illius,
583 993 717 1056 quod
743 999 911 1039 nostro
936 999 1013 1039 est
1036 991 1171 1039 edita
1191 1000 1352 1056 partu.

233 1068 327 1125 En,
354 1069 565 1133 quaesita
587 1070 672 1117 diu
695 1069 897 1117 tandem
921 1067 1041 1115 mihi
1066 1075 1182 1116 nata
1205 1077 1402 1132 reperta
1425 1076 1528 1117 est:

238 1146 293 1192 Si
317 1148 533 1211 reperire
558 1163 722 1203 vocas,
751 1146 979 1194 amittere
1006 1146 1189 1193 certius
1208 1165 1227 1204 ;.
1260 1153 1345 1193 aut
1369 1146 1426 1202 si,

240 1222 378 1271 Scire
402 1223 486 1270 ubi
508 1223 587 1280 sit,
609 1224 822 1288 reperire
842 1238 990 1270 vocas
1010 1239 1019 1270 :
1050 1223 1183 1286 quod
1205 1232 1361 1287 rapta,
1385 1222 1623 1271 feremus:

240 1299 524 1347 Dummodo
573 1301 749 1348 reddat
795 1316 904 1348 eam
922 1318 933 1357 ;

438 1377 617 1425 marito

1004 1315 1170 1363 neque
1217 1300 1348 1347 enim
1393 1301 1627 1364 praedone

1531 1381 1623 1426 521

238 1452 364 1501 Filia
387 1454 538 1516 digna
562 1462 648 1502 tua
673 1462 777 1512 est;
818 1455 858 1502 si
878 1457 984 1518 jam
1009 1471 1123 1503 mea
1145 1455 1247 1503 filia
1270 1456 1422 1519 digna
1446 1455 1573 1503 est.''

237 1529 434 1594 Jupiter
458 1531 686 1595 excepit:
717 1538 749 1556 “
777 1531 1057 1579 Commune
1082 1539 1160 1579 est
1183 1532 1363 1596 pignus
1383 1548 1625 1595 onusque,

241 1606 389 1664 Nata,
417 1607 537 1654 mihi
561 1616 757 1656 tecum:
797 1608 902 1663 sed,
931 1608 971 1655 si
997 1609 1144 1656 modo
1169 1609 1369 1657 nomina
1393 1610 1540 1656 rebus

238 1683 438 1732 Addere
462 1701 577 1733 vera
600 1686 781 1749 placet,
804 1701 902 1733 non
926 1685 1019 1734 hoc
1040 1686 1218 1750 injuria
1240 1686 1442 1743 factum,

1533 1689 1628 1734 525

239 1760 425 1809 Verum
460 1777 597 1809 amor
621 1770 726 1821 est;
767 1779 930 1827 neque
955 1763 1049 1811 erit
1073 1764 1214 1812 nobis
1247 1780 1399 1828 gener
1422 1764 1505 1812 ille
1537 1780 1627 1828 pu-

440 1839 545 1886 dori
563 1859 574 1897 3

283 1996 356 2026 511.
379 1995 549 2036 firmatim]
578 1995 623 2026 Eo
639 1995 746 2026 habitu
760 2005 904 2038 expressa

240 2051 287 2076 est
302 2044 333 2075 in
349 2051 550 2075 monumento
564 2045 703 2086 antiquo,
718 2044 800 2086 quod
817 2045 904 2076 exhi-

239 2095 294 2125 bet
309 2093 477 2136 Spanhem.
488 2094 527 2125 ad
541 2094 667 2126 Gallim.
682 2094 711 2126 d.
727 2094 750 2125 1.
786 2094 904 2125 Amen-

241 2143 315 2173 tiam
327 2142 485 2174 remissam
496 2148 647 2184 sequutus
659 2150 706 2173 est
716 2144 810 2173 dolor.
835 2143 903 2173 Nu-

244 2193 306 2222 bila
325 2193 422 2227 cutm,
439 2198 562 2228 maesta,
578 2191 657 2222 dixit
672 2191 767 2223 etiam
786 2191 905 2222 Statius

241 2241 328 2282 Sylv.
344 2241 406 2271 ΙΙΙ.
420 2252 449 2271 v.
468 2242 518 2272 11.
562 2241 686 2277 Noster,
695 2241 736 2271 V.
751 2241 842 2271 Trist.
858 2241 904 2272 iii.

247 2291 295 2321 14.
312 2292 414 2321 nubila
433 2291 534 2321 Parca
549 2290 771 2332 nascentifuil.
800 2291 905 2322 Graeci

241 2346 340 2381 poetae
351 2339 471 2371 moestis
479 2340 619 2371 tribuunt
629 2339 757 2382 ὀφρύων
765 2338 906 2381 νεφέλην

243 2394 298 2419 aut
328 2388 436 2430 νέφος;
464 2388 535 2420 vide
565 2389 763 2431 Sophoclem,
795 2389 905 2431 Antig.

243 2439 327 2476 5323
352 2438 544 2480 Euripidem,
557 2438 656 2480 Hipp.
673 2440 746 2469 173.
792 2438 906 2470 Confer

242 2497 314 2518 mox
339 2487 576 2519 similitudinem
604 2498 666 2519 ver.
689 2489 763 2520 570.
808 2488 846 2519 In
870 2488 903 2520 h.

245 2535 383 2572 Homeri,
398 2536 520 2578 Jupiter
536 2536 614 2578 ipse,
632 2536 795 2568 sterilitate
816 2543 903 2568 terrae

245 2591 429 2620 commotus,
451 2584 585 2626 primum
610 2585 686 2620 Irin,
706 2596 775 2616 mox
800 2596 905 2616 omnes

245 2634 395 2675 deinceps
411 2634 495 2664 Deos
511 2633 647 2664 demittit
663 2635 755 2671 coelo,
772 2635 826 2676 qui
843 2635 903 2666 Ce-

245 2692 342 2712 rerem
359 2682 398 2713 ad
412 2682 579 2713 concilium
595 2683 732 2713 Deorum
747 2690 902 2715 revocent.

245 2732 305 2763 Illa
316 2741 387 2762 vero
398 2738 491 2772 negat
506 2742 538 2763 se
553 2731 720 2763 redituram
738 2738 791 2764 aut
802 2733 904 2773 fruges

971 1998 1059 2028 terris
1088 1997 1290 2034 reddituram,
1315 2002 1388 2027 ante
1414 2007 1507 2038 quam
1535 1996 1631 2027 filiam

971 2046 1109 2077 vidisset.
1139 2047 1186 2077 Ea
1201 2046 1295 2087 igitur
1307 2057 1345 2077 ex
1362 2047 1444 2077 Orco
1456 2045 1631 2077 dimittitur.

972 2095 1135 2131 Invidiosa,
1151 2095 1222 2126 odio
1239 2094 1381 2126 Plutonis
1395 2095 1502 2136 plena.

1015 2145 1088 2175 518.
1114 2144 1175 2180 En,
1201 2146 1332 2184 quesita,
1357 2144 1434 2184 etc.]
1471 2143 1585 2174 Confer
1610 2143 1631 2174 i.

972 2193 1153 2224 653—655.
1200 2192 1331 2232 Reperta
1346 2198 1400 2227 est,
1417 2192 1491 2228 scio,
1509 2192 1561 2222 ubi
1582 2191 1632 2223 sit.

974 2242 1105 2278 Cercius,
1133 2241 1207 2284 quia
1234 2241 1301 2283 jam
1324 2241 1430 2273 nullus
1453 2241 1525 2272 iude
1550 2240 1632 2272 redi-

971 2296 1034 2322 tus.

1014 2341 1089 2371 523.
1128 2340 1261 2382 Pignora
1291 2346 1454 2381 parentum
1485 2339 1632 2370 dicuntur

971 2390 1061 2420 liberi
1077 2390 1115 2420 ob
1136 2399 1291 2427 amorem;
1315 2400 1417 2424 onera,
1433 2394 1557 2430 propter
1576 2398 1631 2419 cu-

971 2449 1011 2469 rae
1027 2438 1195 2470 molestias.
1231 2439 1364 2469 Sensus:
1390 2438 1468 2479 Ego,
1484 2447 1573 2479 aeque
1596 2447 1632 2468 ac

971 2492 1017 2522 tu,
1031 2494 1093 2517 tam
1109 2496 1213 2517 amare
1230 2486 1337 2522 filiam,
1350 2496 1444 2527 quam
1458 2485 1554 2516 saluti
1565 2485 1633 2527 ejus

971 2536 1158 2578 prospicere,
1188 2536 1298 2567 debeo.
1354 2535 1456 2576 Neque
1479 2536 1548 2570 erit,
1571 2541 1634 2565 etc.

972 2585 1009 2615 In
1034 2584 1065 2615 h.
1086 2585 1212 2616 Homer.
1228 2585 1280 2615 83.
1299 2594 1369 2625 sqq.
1412 2583 1464 2614 Sol
1485 2583 1632 2615 Cererem

972 2633 1015 2664 sic
1031 2634 1147 2664 solatur
1168 2632 1314 2664 laudibus
1337 2632 1512 2663 honorificae
1534 2632 1632 2663 affini-

971 2681 1056 2718 tatis,
1067 2682 1105 2713 οὐ
1121 2694 1170 2713 τοι
1184 2681 1294 2720 ἀεικὴς
1304 2681 1452 2723 γαμβρὸς
1462 2681 1498 2712 ἐν
1509 2680 1630 2713 ἀθανά-

972 2743 1039 2768 τοις
1055 2730 1319 2773 πολυσημάντωρ
1337 2729 1509 2767 Αἰδωνεύς.
