1763 3181
420 175 985 220 METAMORPHOSEO
996 176 1035 217 N
1068 176 1127 217 LI
1137 175 1186 216 Β.
1220 175 1299 216 IV.
1463 176 1548 217 295

173 293 419 357 Hospes,”
445 294 539 350 ait3
580 292 880 355 simulatque
905 291 1059 353 gradu
1085 291 1341 337 discedere
1365 305 1520 337 verso.

170 371 297 417 Tum
307 386 507 433 quoque
517 369 802 432 respiciens,
815 368 1147 431 fruticumque
1158 367 1411 415 recondita
1426 367 1549 414 silva

172 447 410 505 Delituit3
449 447 737 510 flexumque
760 463 890 510 genu
915 445 1168 493 submisit:
1208 452 1258 492 at
1282 444 1379 500 ille,
1451 447 1548 491 340

173 525 245 571 Ut
267 540 406 588 puer,
433 531 484 571 et
505 523 673 571 vacuis
697 530 752 570 ut
776 524 1115 570 inobservatus
1140 523 1190 568 in
1210 522 1392 576 herbis,

172 601 284 649 Huc
310 602 374 649 it:
413 608 465 648 et
486 600 602 648 hinc
626 601 771 657 illuc;
810 607 860 647 et
883 600 933 646 in
958 598 1290 663 alludentibus
1315 598 1459 645 undis

173 678 377 725 Summa
399 678 600 741 pedum,
626 678 827 740 taloque
851 684 994 724 tenus
1018 676 1228 737 vestigia
1249 675 1448 737 tinguit.

173 753 281 801 Nec
306 770 457 809 mora,
483 754 722 818 temperie
747 753 1038 801 blandarum
1063 759 1239 816 captus
1265 767 1521 815 aquarum,

174 830 349 879 Mollia
372 832 434 879 de
459 839 630 878 tenero
655 829 899 879 velamina
922 846 1125 894 corpore
1149 829 1303 893 ponit.
1452 831 1548 876 345

171 908 298 956 Tum
315 926 429 956 vero
454 910 738 973 obstupuit3
779 909 1026 971 nudaeque
1052 907 1285 971 cupidine
1310 905 1477 953 formae

173 985 413 1033 Salmacis
446 986 660 1033 exarsit:
700 986 911 1047 flagrant
942 1000 1140 1047 quoque
1177 982 1362 1030 lumina
1388 982 1432 1029 N
1440 997 1545 1046 ym-

368 1064 491 1127 phes
515 1082 525 1121 3

173 1139 220 1186 N
224 1155 288 1186 on
313 1140 471 1196 aliter,
499 1155 649 1203 quam
675 1155 829 1202 quum
855 1154 976 1202 puro
1002 1137 1328 1184 nitidissimus
1354 1139 1472 1185 orbe

173 1216 421 1280 Opposita
445 1217 633 1280 speculi
657 1216 881 1263 referitur
905 1215 1119 1277 imagine
1146 1214 1393 1261 Phoebus:
1456 1216 1551 1261 349

172 1293 373 1357 Vixque
392 1310 579 1341 moram
600 1295 807 1358 patitur3
836 1294 917 1340 vix
937 1294 1041 1356 jam
1061 1308 1150 1339 sua
1164 1292 1344 1354 gaudia
1362 1291 1548 1339 differt:

171 1370 202 1417 J
207 1387 284 1418 am
309 1371 448 1435 cupit
471 1371 703 1435 amplecti
723 1389 732 1419 ε
766 1372 871 1434 jam
892 1386 944 1417 se
966 1370 1093 1416 male
1118 1369 1339 1416 continet
1363 1385 1548 1416 amens.

172 1447 280 1504 Ille,
306 1448 439 1495 catvis
462 1449 606 1496 velox
632 1449 870 1512 applauso
894 1463 1099 1511 corpore
1123 1447 1318 1510 palmis,

174 1525 356 1573 Desilit
373 1525 423 1572 in
447 1526 648 1582 latices3
690 1526 979 1588 alternaque
1004 1524 1208 1571 brachia
1231 1524 1419 1570 ducens

174 1603 232 1650 In
257 1602 458 1666 liquidis
483 1603 752 1650 translucet
777 1602 947 1665 aquis3
989 1608 1043 1647 ut
1067 1601 1286 1647 eburnea
1311 1599 1350 1646 si
1376 1598 1488 1662 quis

176 1680 330 1742 Signa
353 1686 494 1742 tegat
517 1681 664 1736 clarc,
689 1680 766 1727 vel
791 1679 1002 1727 candida
1024 1678 1141 1733 lilia,
1168 1677 1309 1724 vitro.
1455 1679 1550 1723 355

175 1763 205 1780 “
223 1756 467 1804 Vicimus!
495 1773 554 1805 en
574 1773 713 1804 meus
733 1756 860 1804 est!’'
886 1756 1136 1805 exclamat
1156 1753 1202 1801 N
1208 1756 1279 1801 a'iS
1297 1771 1306 1801 z
1336 1760 1400 1809 et,
1419 1753 1551 1801 omni

215 1890 291 1921 340.
327 1890 504 1921 submittere
525 1902 604 1932 genu
628 1891 667 1922 de
689 1901 831 1933 procum-

171 1939 266 1970 bente
280 1939 312 1970 in
328 1950 422 1980 genu,
433 1940 694 1981 quemadmodum
709 1941 830 1970 submit-

174 1995 234 2019 tere
258 1990 337 2019 latus
355 1988 393 2020 de
413 1990 492 2020 bove
506 1990 738 2031 procumbente,
753 1989 831 2019 libro

173 2037 217 2068 iii.
239 2039 291 2069 23.
335 2038 488 2069 Absolute
509 2038 622 2080 Virgil.
638 2038 767 2070 AEneid.
788 2038 831 2069 iii.

172 2088 214 2118 93
227 2099 232 2117 :
258 2087 396 2118 Submissi
406 2090 534 2127 petimus
550 2094 671 2118 terram.

215 2137 289 2167 341.
330 2137 372 2167 Ut
400 2137 549 2168 rationem
573 2137 686 2173 reddit,
711 2142 745 2168 ut
776 2136 828 2178 qui

172 2197 247 2225 puer
267 2191 360 2222 esset,
374 2196 475 2227 neque
499 2186 576 2217 adeo
600 2186 681 2216 ullas
701 2185 830 2217 insidias

174 2240 334 2265 metueret.
383 2235 485 2265 Vacua
513 2235 594 2271 loca,
620 2245 682 2265 non
711 2235 830 2265 consita

175 2284 316 2314 arbustis.
361 2284 410 2314 Sic
432 2295 559 2315 vacuum
579 2295 695 2320 arvum,
710 2283 733 2314 i.
756 2285 830 2315 533.

175 2332 236 2362 Sed
251 2332 282 2363 h.
298 2333 321 2363 l.
335 2333 438 2374 potius
458 2333 629 2363 solitarium
647 2338 768 2374 pratum
782 2332 828 2363 in-

176 2381 274 2423 tellig.
283 2382 337 2412 ubi
353 2392 442 2413 nemo
458 2388 514 2418 est,
529 2383 581 2423 qui
597 2392 667 2413 eum
679 2383 830 2413 observet.

177 2431 382 2462 Inobservatus
404 2431 509 2467 etiam,
532 2431 564 2462 ii.
579 2433 658 2469 5443
682 2432 768 2462 Fast.
784 2431 828 2462 iii.

180 2481 250 2511 111.
272 2481 366 2511 Pueri
379 2482 474 2512 lartius
486 2488 580 2511 amoto
591 2484 699 2521 passim
713 2484 831 2513 custode

176 2536 340 2571 vagantur.

220 2579 294 2609 349.
322 2579 441 2619 Speculi
470 2581 575 2621 imago,
600 2579 772 2620 speculum,
799 2584 833 2608 ut

176 2628 318 2669 superius
342 2628 436 2659 Lunae
460 2631 566 2670 imago,
590 2628 675 2659 luna.
725 2629 833 2668 Viaque

177 2688 329 2708 —amens.
374 2677 496 2712 Verbis,
525 2688 585 2708 non
613 2678 704 2708 rebus
734 2677 831 2707 abuu-

178 2725 252 2755 dant
274 2725 352 2757 haec.
398 2726 552 2757 Gaudium
571 2726 609 2757 de
626 2725 755 2757 Veneris
776 2736 832 2756 usu

897 1890 1119 1931 frequentatur.
1133 1887 1165 1919 ii.
1177 1889 1250 1919 863.
1261 1890 1308 1918 vix
1321 1894 1425 1918 caetera
1441 1886 1555 1928 differt.

899 1940 934 1970 Se
946 1942 1088 1974 continet,
1104 1938 1229 1969 retinet.
1274 1937 1368 1972 Male,
1384 1937 1446 1967 viX.

940 1989 1015 2019 352.
1058 1988 1146 2018 Cattis
1184 1988 1275 2023 velox,
1304 1986 1382 2026 etc.]
1422 1984 1552 2016 Laetitiae

897 2038 1024 2081 puerilis
1035 2038 1168 2079 signum.
1215 2037 1302 2067 cavis
1311 2036 1456 2077 graphice
1467 2035 1554 2066 addi-

897 2094 974 2124 tum,
1002 2094 1126 2130 propter
1154 2087 1286 2129 corporis
1315 2085 1554 2121 convexitatem,

897 2138 941 2168 ix.
963 2139 1014 2169 35.
1059 2137 1206 2167 Similiter
1228 2136 1316 2176 Virg.
1332 2136 1406 2165 AEn.
1423 2134 1475 2165 xii.
1489 2136 1530 2165 85
1544 2147 1550 2164 z

894 2189 1019 2229 aurigae,
1035 2188 1169 2216 manibus
1193 2187 1337 2215 lacessunt
1360 2184 1485 2214 Pectora
1504 2188 1555 2221 (e-

895 2236 1042 2277 quorum)
1058 2237 1162 2274 plausu
1176 2236 1266 2264 cavis.
1297 2234 1416 2263 Ducere
1432 2235 1552 2263 brachia

896 2285 934 2316 de
957 2290 1095 2319 natante,
1121 2290 1155 2314 ut
1179 2283 1284 2313 Amor.
1304 2282 1348 2312 Π.
1373 2281 1416 2312 iv.
1440 2283 1492 2312 29.
1514 2281 1553 2311 de

896 2334 1040 2364 saltante.
1073 2334 1113 2364 Ur
1128 2334 1267 2367 eburnea,
1280 2337 1340 2362 etc.
1385 2331 1554 2372 Compara-

896 2383 938 2414 tio
954 2382 1109 2424 exquisita
1123 2387 1154 2412 et
1167 2392 1229 2412 rem
1245 2380 1367 2421 egregie
1387 2380 1555 2411 illustrans.

939 2433 1012 2462 356.
1039 2432 1167 2462 Vicimus
1191 2442 1248 2461 vox
1275 2440 1391 2465 eorum,
1416 2429 1469 2467 qui
1486 2429 1552 2470 jam

897 2481 1106 2512 sibividentur
1120 2486 1276 2521 compotes
1291 2479 1355 2509 fieri
1367 2478 1439 2508 voti.
1475 2479 1552 2508 Mox

899 2530 931 2560 in
952 2529 1080 2570 singulis
1094 2528 1195 2559 verbis
1218 2534 1263 2558 est
1278 2527 1324 2558 vis
1340 2527 1379 2557 ad
1393 2526 1553 2557 declaran-

899 2580 973 2609 dum
994 2578 1149 2619 Nymphae
1172 2578 1315 2611 furorem,
1331 2579 1419 2610 omni,
1435 2577 1552 2615 procul,

888 2631 990 2668 jactu,
1027 2629 1141 2658 mediis.
1198 2627 1376 2661 Lactantio,
1413 2631 1553 2659 venuste,

900 2677 1046 2718 quoniam
1083 2676 1276 2718 repugnabat
1313 2685 1401 2716 puer.
1458 2674 1554 2704 Totus

899 2725 948 2756 hic
985 2726 1072 2755 locus
1107 2730 1153 2755 est
1189 2722 1346 2765 specimen
1383 2722 1554 2764 phantasiae
