1763 3181
413 156 1031 199 METAMORPHOSEON
1064 156 1183 197 LIB.
1217 157 1299 198 VI.

1450 159 1536 199 409

154 272 219 320 Et
245 272 403 320 Nelea
427 272 597 336 Pylos,
624 288 788 336 neque
813 272 972 319 adhuc
999 271 1219 320 Pittheia
1242 271 1465 330 Troezen,

154 348 380 413 Quaeque
404 351 552 397 urbes
577 350 683 397 aliae
708 350 881 397 bimari
906 350 1204 397 clauduntur
1229 351 1290 398 ab
1316 351 1512 405 isthmo,

153 425 488 490 Exteriusque
513 427 620 473 sitae
646 427 819 474 bimari
845 434 1134 491 spectantur
1158 428 1220 474 ab
1246 428 1442 475 isthmo.

153 501 369 551 Credere
395 503 507 566 quis
532 504 721 567 possit?
758 505 873 551 solae
899 505 1135 553 cessastis
1160 504 1388 552 Athenae.
1434 508 1524 551 421

152 578 361 626 Obstitit
384 580 542 627 officio
566 581 769 636 bellum,
797 582 1133 644 subvectaque
1158 589 1309 645 ponto

152 655 373 704 Barbara
398 657 690 722 Mopsopios
715 660 967 706 terrebant
990 659 1188 722 agmina
1212 675 1394 706 muros.

149 731 404 782 Threicius
429 735 616 783 Tereus
642 737 746 784 haec
772 737 1095 785 auxiliaribus
1121 736 1269 784 armis

151 809 392 869 Fuderat3
422 818 473 860 et
496 812 682 860 clarum
702 813 944 861 vincendo
964 830 1144 861 nomen
1164 814 1382 861 habebat
1400 830 1409 861 :
1432 816 1529 861 425

149 887 311 942 Quem
334 889 427 936 sibi
454 890 682 938 Pandion
707 892 989 955 opibusque
1013 891 1229 954 virisque
1255 898 1528 954 potentem,

150 964 215 1012 Et
238 982 394 1029 genus
420 983 449 1014 a
472 984 652 1030 magno
677 968 943 1016 ducentem
968 968 1090 1016 forte
1118 968 1351 1022 Gradivo,

146 1137 277 1168 munita.
335 1138 429 1169 Nelea
457 1140 568 1180 Pylos,·
606 1140 677 1171 vide
707 1141 746 1172 ad
771 1140 802 1172 ii.

144 1187 217 1218 689.
265 1187 396 1224 Troezen,
414 1189 503 1230 cujus
518 1200 570 1220 rex
586 1195 651 1220 tum
667 1190 802 1222 nondum

144 1241 211 1266 erat
229 1236 378 1274 Pittheus,
395 1237 522 1279 Pelopis
538 1238 631 1270 filius.

187 1286 260 1316 419.
287 1286 416 1327 Quoeque
428 1288 524 1324 urbes,
539 1288 616 1328 etc.]
663 1289 801 1320 Exorna-

144 1335 188 1366 vit
216 1335 293 1367 illud
307 1348 314 1366 :
352 1338 443 1368 urbes
472 1338 510 1368 ab
540 1343 669 1380 utraque
698 1338 802 1370 isthmi

144 1390 241 1426 parte,
268 1386 359 1417 urbes
387 1386 593 1428 Peloponnesi
617 1392 649 1418 et
669 1388 801 1419 Graeciae

142 1434 262 1476 proprie
274 1434 318 1465 sic
334 1434 439 1466 dictae.
464 1435 709 1468 Accommodate
725 1437 801 1468 isth-

143 1484 184 1514 mi
201 1490 232 1515 et
246 1484 417 1526 peninsulae
430 1490 548 1516 naturae
560 1487 673 1517 claudi.
696 1487 800 1518 Etiam

144 1542 162 1563 a
184 1532 347 1569 Cicerone,
365 1534 439 1565 Bul.
458 1535 484 1565 1.
508 1539 539 1564 et
563 1534 698 1570 Velleio,
713 1536 740 1566 I.
757 1535 800 1566 iii.

143 1583 175 1613 3.
192 1582 324 1613 isthmus
338 1590 370 1613 et
385 1583 554 1614 Corinthus
569 1583 611 1614 ibi
627 1584 687 1614 sita
701 1588 799 1616 chaus-

143 1638 191 1661 tra
210 1632 401 1672 Peloponnesi
416 1639 576 1663 vocantur.
613 1634 654 1663 Et
665 1640 799 1673 spectan-

142 1687 194 1711 tur
207 1683 279 1718 sitae,
296 1681 492 1723 exquisitius,
510 1692 618 1723 quam,
635 1683 702 1713 sitae
717 1689 798 1715 sunt.

142 1730 272 1761 Rimari.
295 1730 378 1761 Vide
394 1730 433 1761 ad
448 1742 478 1762 v.
490 1732 566 1761 407.
611 1731 716 1762 Etiam
730 1733 799 1763 tali-

142 1780 199 1810 bus
214 1779 460 1822 repetitionibus,
472 1781 574 1821 qualis
589 1786 636 1811 est
650 1781 681 1811 in
694 1783 799 1813 bimari

139 1831 176 1860 ab
190 1831 305 1866 isthmo,
320 1829 495 1860 delectatur
508 1829 651 1862 Ovidius.

183 1879 257 1909 421.
283 1879 358 1913 Quis
371 1881 460 1918 possit
469 1879 498 1919 ?]
547 1879 714 1917 Quaeritur,
729 1878 799 1920 quis

140 1927 294 1958 Pandioni
308 1928 426 1958 bellum
438 1927 598 1958 intulerit?
631 1928 798 1965 Meursius,

141 1977 246 2019 Regu.
267 1978 338 2008 Att.
359 1977 416 2008 lib.
433 1977 453 2008 i.
478 1988 548 2019 cap.
563 1979 595 2008 4.
616 1978 798 2009 Labdacum

140 2026 234 2058 fuisse
257 2025 360 2062 docet,
385 2031 417 2057 et
442 2025 486 2058 sic
512 2026 661 2068 Apollod.
685 2026 798 2058 diserte

139 2075 245 2106 tradit.
288 2075 351 2106 Sed
365 2080 447 2106 recte
463 2076 663 2107 Burmannus
679 2083 796 2113 monet,

138 2125 230 2167 hujus
243 2124 369 2166 agmina
382 2135 440 2156 nec
456 2127 594 2161 barbara,
607 2136 664 2156 nec
679 2127 797 2157 subvec-

139 2181 181 2211 ta,v
196 2179 261 2211 aut,
276 2174 301 2205 si
317 2185 386 2205 cum
410 2174 479 2205 aliis
502 2175 596 2205 MSS.
613 2174 713 2212 malis,
729 2178 794 2207 sub—

128 2226 216 2264 jecta
225 2231 313 2264 ponto
322 2223 384 2254 dici
398 2222 546 2265 potuisse.
562 2223 713 2266 Micyllus
723 2235 796 2255 con-

139 2271 250 2309 tendit,
258 2272 435 2303 Amazonas
446 2272 676 2313 intelligendaS,
685 2285 755 2315 quae
764 2274 795 2304 in

138 2322 256 2364 campis
277 2321 504 2363 Themiscyniis
534 2323 666 2363 (Justin.
690 2322 723 2353 ii.
745 2323 794 2363 4.)

139 2382 199 2402 non
219 2371 326 2413 procul
341 2381 360 2402 a
376 2371 472 2401 Ponto
495 2372 614 2402 Euaino
634 2371 795 2403 habitave-

137 2419 209 2451 rint.
252 2419 296 2450 At
318 2419 388 2461 quis
402 2419 441 2450 de
456 2419 513 2451 hac
529 2420 725 2451 Amazonum
741 2432 794 2452 ex-

136 2469 294 2511 peditione
308 2469 340 2499 in
355 2468 524 2499 Pandionis
533 2474 645 2500 terram
656 2480 795 2510 unquam

136 2518 277 2549 audivit!
302 2519 444 2549 Fortasse
456 2529 504 2549 res
514 2518 652 2560 expediri
668 2518 775 2560 nequit
787 2530 794 2556 ;

136 2567 240 2598 dicam
263 2573 378 2603 tamen,
392 2567 468 2608 quid
491 2567 667 2609 repererim.
711 2569 795 2598 Pau-

137 2617 250 2654 sanias,
274 2628 305 2658 p.
329 2617 402 2647 100.
427 2616 532 2653 tradit,
557 2617 625 2659 ejus
651 2616 794 2651 Graeciae,

137 2676 207 2707 quae
235 2671 344 2708 postea
374 2666 485 2697 Hellas
521 2666 618 2701 dicta,
649 2676 794 2707 magnam

137 2721 254 2756 partem
278 2715 350 2746 olim
375 2715 509 2746 tenuisse
535 2716 694 2749 Barbaros.
718 2726 794 2756 quos

871 1141 986 1172 Tereus
1000 1140 1142 1181 subigere
1163 1150 1224 1170 non
1246 1139 1393 1181 potuerit.
1441 1139 1482 1170 Hi
1505 1140 1530 1171 si

870 1190 909 1221 ad
923 1190 1023 1221 sinum
1034 1189 1215 1220 Saronicum
1232 1195 1284 1220 aut
1296 1189 1529 1219 Corinthiacum

870 1239 1061 1275 habitarunt,
1082 1245 1171 1278 ponto
1194 1239 1318 1278 sulgjecti
1338 1238 1399 1268 dici
1422 1245 1531 1280 potue-

869 1294 949 1319 runt.
966 1288 1127 1319 Consentit
1137 1288 1329 1323 Lactantius,
1341 1287 1529 1328 Argument-

873 1338 973 1372 Quum
983 1350 1001 1368 a
1010 1339 1160 1377 proximis,
1171 1336 1284 1378 inquit,
1296 1338 1469 1367 civitatibus
1480 1349 1528 1377 op-

866 1394 1059 1428 pugnaretur
1074 1385 1228 1417 Pandion.
1258 1386 1413 1425 Mopsopii,
1430 1386 1529 1418 Athe-

869 1435 1002 1472 nienses,
1018 1441 1052 1466 ut
1067 1435 1145 1466 libro
1160 1446 1190 1466 v.
1205 1436 1278 1466 661.
1324 1436 1441 1466 Verum
1458 1444 1529 1467 ante

866 1484 1022 1515 Theseum
1044 1484 1177 1515 Athenae
1202 1495 1301 1514 muros
1324 1494 1386 1514 non
1411 1484 1529 1516 habue-

867 1540 951 1565 runt.
1006 1533 1136 1564 Praefert
1164 1544 1237 1574 ergo
1263 1534 1462 1564 Burmannus
1491 1545 1529 1564 ex

867 1594 928 1615 uno
951 1586 1103 1619 mandras,
1126 1583 1157 1613 id
1179 1590 1236 1619 est,
1261 1583 1308 1613 vel
1327 1583 1460 1618 stabula,
1480 1584 1528 1614 vel

867 1639 967 1669 antra,
992 1644 1121 1675 specus;
1144 1632 1262 1674 priscos
1287 1632 1369 1662 enim
1394 1632 1527 1664 Atheni-

866 1693 955 1713 enses
971 1682 1129 1713 habitasse
1144 1682 1176 1712 in
1196 1682 1362 1723 specubus,
1378 1687 1412 1711 ut
1432 1682 1529 1714 docu-

867 1732 924 1762 erit
940 1731 1109 1767 Meursius,
1126 1731 1208 1761 Fort.
1223 1730 1291 1761 Att.
1306 1740 1375 1771 cap.
1391 1732 1423 1761 3.
1461 1732 1525 1762 Ve-

866 1791 934 1811 rum
966 1780 1042 1810 mihi
1072 1790 1181 1822 parum
1215 1778 1364 1810 credibile
1395 1780 1527 1817 videtur,

867 1829 1015 1860 Ovidium
1033 1835 1094 1860 tam
1115 1828 1318 1870 contemptim
1339 1828 1378 1859 de
1393 1828 1529 1860 Athenis

865 1879 1029 1920 loquutum
1055 1889 1134 1910 esse.
1183 1877 1332 1919 Neglexit
1354 1877 1458 1919 potius
1472 1889 1528 1920 po-

864 1933 925 1964 eta,
942 1928 1024 1970 quod
1041 1929 1158 1958 centies
1174 1927 1260 1964 fecit,
1273 1927 1419 1968 temporis
1435 1927 1526 1958 ratio-

865 1988 947 2008 nem.

907 2028 981 2058 424.
995 2025 1304 2062 Threicius,Thraciae
1315 2036 1379 2056 rex.
1389 2025 1527 2057 Thraces

864 2080 930 2106 tum
945 2087 1015 2107 eam
1030 2082 1148 2118 partem
1165 2076 1314 2106 tenebant
1325 2086 1394 2116 quae
1411 2075 1526 2106 Daulis

864 2125 896 2155 in
912 2125 1049 2156 Phocide
1062 2125 1235 2156 dicebatur.
1267 2124 1382 2154 Confer
1399 2124 1524 2166 Thucy-

864 2172 964 2210 dides,
980 2174 1012 2205 ii.
1028 2176 1068 2205 29
1083 2186 1090 2212 3
1114 2173 1300 2208 Pausanias,
1316 2184 1347 2214 p.
1363 2173 1435 2203 100.
1462 2174 1525 2203 Fu-

862 2225 959 2254 derat.
983 2222 1327 2264 Plusquamperfectum
1339 2221 1382 2252 sic
1395 2227 1426 2252 et
1438 2222 1525 2258 alibi,

863 2278 897 2303 ut
909 2273 952 2303 ix.
964 2273 1036 2303 102.
1074 2273 1158 2311 Opes,
1174 2270 1290 2301 divitiae
1307 2278 1338 2301 et
1352 2271 1524 2312 amplitudo

863 2321 959 2362 regni.
1009 2322 1084 2357 Viri,
1110 2319 1238 2355 milites,
1268 2325 1302 2349 ut
1330 2319 1362 2350 in
1394 2320 1524 2350 formula

862 2381 947 2400 arma
956 2370 1167 2410 ri1·osque.———A
1176 2380 1283 2410 magno
1291 2368 1389 2399 Gradi
1396 2380 1437 2399 uo.
1445 2368 1523 2399 Gra-

863 2417 963 2454 divus,
988 2417 1020 2448 id
1046 2425 1103 2453 est,
1126 2418 1224 2453 Mars,
1244 2418 1332 2447 Deus
1354 2417 1523 2453 Thracum,

862 2467 952 2508 cujus
980 2467 1060 2497 filius
1092 2467 1210 2497 Tereus.
1254 2466 1344 2496 Illius
1371 2465 1521 2496 auxilium

863 2516 1080 2558 imploraverat
1098 2516 1253 2553 Pandion,
1270 2527 1362 2557 quem
1379 2526 1441 2546 uua
1457 2516 1520 2546 vic·-

863 2566 950 2602 toria,
966 2571 1090 2596 auctore
1114 2565 1314 2608 Apollodoro,
1336 2565 1471 2606 impulit,
1490 2571 1522 2595 ut

862 2614 960 2645 Terea
969 2614 1027 2645 sibi
1038 2625 1185 2655 generum
1198 2614 1383 2645 adsumeret.
1407 2614 1521 2644 Noster

863 2664 1016 2706 triplicem
1031 2674 1157 2695 causam
1174 2664 1272 2695 affert.
