1763 3181
427 196 1048 239 METAMORPHOSEON
1082 197 1200 239 LIB.
1236 199 1316 239 IV.

1462 198 1547 239 277

164 311 235 357 Ut
258 327 387 359 nunc
413 312 553 375 nigra
574 312 700 360 ferat
724 319 956 361 contactu
982 314 1236 377 sanguinis
1261 315 1419 362 arbor.

163 387 284 435 Haec
301 389 466 452 placet
476 407 486 446 ;
516 389 660 447 hanc,
679 390 913 453 quoniam
927 391 1141 454 vulgaris
1157 391 1326 439 fabula
1339 407 1436 438 non
1452 398 1544 445 est,

160 465 364 513 Talibus
388 483 500 514 orsa
523 468 701 525 modis,
728 469 840 516 lana
865 485 955 517 sua
977 469 1061 516 fila
1086 476 1355 532 sequente:

213 549 243 567 “
258 543 504 607 Pyramus
517 552 567 592 et
577 544 798 608 Thisbe‚j
807 562 1018 593 uvenum
1031 546 1392 610 pulcherrimus
1405 546 1544 601 alter,

159 620 345 677 Altera,
374 637 497 685 quas
525 622 705 670 Oriens
730 624 920 679 habuit,
948 625 1152 688 praelata
1176 624 1370 689 puelliS‚

1484 626 1545 670 56

162 698 435 761 Contiguas
461 706 667 748 tenuere
692 701 882 758 domos,
910 702 995 749 ubi
1022 702 1201 749 dicitur
1225 703 1375 749 altam

161 773 439 823 Coctilibus
464 776 615 823 muris
641 777 859 826 cinxisse
887 779 1174 827 Semiramis
1199 780 1390 827 urbem.

161 851 419 908 Notitiam,
447 853 734 919 primosque
759 856 942 918 gradus
968 857 1147 904 vicinia
1170 857 1314 911 fecit3

159 928 404 993 Tempore
423 931 576 978 crevit
600 947 764 980 amor:
791 933 934 980 taedae
955 950 1156 997 quoque
1177 935 1286 997 jure
1312 933 1544 988 coissent,

162 1005 262 1054 Sed
287 1014 486 1056 vetuere
511 1015 707 1071 patres:
748 1011 882 1073 quod
908 1027 1005 1057 non
1030 1019 1237 1075 potuere
1262 1017 1445 1066 vetare,
1484 1013 1541 1058 61

201 1131 253 1161 54.
271 1130 356 1161 Lana
370 1134 491 1173 suafila
505 1141 639 1174 sequente
649 1135 818 1175 eleganter,

158 1178 233 1209 dum
253 1178 327 1210 lana
346 1180 510 1213 deducitur
531 1183 563 1214 in
582 1184 655 1221 fila3
680 1186 759 1224 sequi
782 1183 820 1213 de

157 1229 249 1259 rebus
264 1229 444 1263 ductilibus.
490 1232 570 1263 Vide
587 1233 626 1264 ad
642 1233 723 1264 Plin.
740 1233 818 1264 VII.

159 1279 218 1320 Ep.
234 1278 276 1310 ix.
295 1280 344 1310 11.

201 1329 253 1359 55.
278 1328 429 1369 Pyramus
451 1336 482 1360 et
508 1330 610 1362 Thisbe
637 1331 817 1373 Babylonii,

159 1377 245 1408 triste
269 1378 381 1410 amoris
399 1379 604 1411 infelicissimi
627 1382 817 1423 exemplum,

159 1437 291 1469 quorum
312 1428 463 1470 sanguine
485 1430 560 1461 mori
581 1441 673 1473 poma
697 1441 821 1472 aspersa

159 1476 281 1519 nigrum
296 1484 517 1511 contraxerunt
527 1480 671 1511 colorem.
717 1480 818 1512 Caete-

158 1538 225 1558 rum
237 1538 256 1558 a
266 1527 352 1559 nullo
364 1529 425 1559 alio
437 1529 584 1572 scriptore
600 1530 727 1571 antiquo
741 1536 818 1561 trac-

158 1581 224 1607 tata
247 1582 293 1608 est
316 1576 383 1608 haec
408 1578 525 1615 fabula,
542 1584 583 1615 et,
598 1579 657 1610 nisi
678 1579 762 1610 facta
781 1580 820 1610 ab

159 1626 286 1663 Ovidio‚
311 1632 393 1659 certe
416 1634 451 1659 ut
478 1640 538 1659 non
566 1631 702 1671 vulgaris
725 1634 757 1660 et
783 1640 820 1661 ex

159 1675 289 1707 Oriente
304 1677 466 1714 translata,
481 1678 647 1720 diligenter
663 1684 821 1710 exornata.

158 1725 262 1757 Valde
278 1732 384 1757 autem
399 1727 496 1758 afficit
511 1728 629 1759 animos
639 1728 822 1770 legentium.

159 1778 253 1807 AEtas
273 1777 458 1815 amantium,
474 1784 578 1810 castus
598 1789 705 1810 eorum
722 1790 819 1815 amor,

159 1825 288 1857 durities
299 1832 474 1868 parentum,
485 1838 565 1858 error
576 1839 637 1869 quo
648 1828 822 1865 trahuntur,

158 1875 261 1906 tristes
283 1874 419 1917 denique
438 1887 544 1907 eorum
559 1876 672 1913 exitus,
689 1878 823 1909 multum

159 1924 266 1955 valent
298 1924 339 1955 ad
375 1925 632 1956 commovendum
670 1926 821 1957 animum.

160 1973 277 2004 Omnia
298 1973 380 2005 inter
407 1985 439 2006 se
461 1975 639 2016 conspirant
664 1976 703 2007 ad
729 1976 822 2008 fidem

159 2022 347 2060 faciendam,
358 2029 453 2065 atque
470 2023 510 2054 ad
526 2030 644 2057 naturae
660 2025 822 2057 veritatem

160 2082 323 2114 moresque
336 2072 508 2104 amantium
523 2078 632 2104 notata
647 2080 729 2104 sunt.

204 2122 257 2153 57.
282 2122 449 2163 Contiguas
461 2122 587 2163 domos]
615 2123 662 2153 Ex
679 2123 737 2154 hoc
753 2135 822 2155 ver-

160 2181 196 2202 su
212 2176 352 2213 apparet,
371 2171 427 2202 has
446 2171 555 2203 domos
572 2171 718 2204 habuisse
738 2184 822 2204 com-

161 2230 286 2251 munem
310 2219 473 2262 parietem,
492 2232 580 2263 quas,
602 2222 656 2263 qui
678 2222 823 2254 distincte

161 2269 247 2312 loqui
272 2269 391 2306 volunt,
414 2272 572 2301 continuas
602 2271 703 2313 (quod
729 2272 822 2302 etiam

161 2318 195 2350 h.
211 2319 233 2350 l.
246 2319 338 2350 estin
353 2321 443 2351 Varr.
460 2320 554 2360 lect.)
572 2327 625 2351 aut
641 2323 824 2352 continentes

163 2367 282 2399 dicunt.
329 2369 484 2411 Contiguae
510 2370 593 2400 enim
620 2375 674 2400 aut
698 2373 824 2412 attigua:

163 2427 208 2448 eae
223 2418 317 2449 etiam
329 2418 392 2449 dici
407 2424 547 2460 possunt,
559 2430 628 2460 quae
645 2430 677 2450 se
688 2419 824 2451 invicem

161 2467 330 2509 attingunt.
375 2468 443 2498 Hoc
468 2479 551 2498 nunc
581 2474 719 2510 praestat,
748 2469 822 2510 quia

163 2525 251 2547 versu
264 2516 316 2547 66.
331 2515 456 2547 demum
475 2522 627 2553 monetur,
644 2517 701 2548 has
715 2517 823 2549 domos

163 2575 342 2595 communem
361 2567 504 2604 parietem
519 2565 676 2597 habuisse.
722 2568 825 2597 Altam

164 2615 317 2644 coctilibus
345 2617 452 2645 muris.
498 2615 684 2656 Babylonia,
711 2616 826 2647 Juven-

167 2673 197 2692 x.
214 2663 286 2693 171.
300 2668 430 2694 vocatur
445 2676 463 2694 a
474 2664 588 2706 figulis
603 2667 732 2695 munita.
777 2664 824 2695 Si-

166 2710 278 2742 militer
294 2717 326 2742 et
340 2712 454 2743 Noster
468 2723 537 2744 eam
553 2713 826 2755 circumloquitur3

168 2760 234 2801 ejus
248 2761 331 2791 enim
350 2762 484 2793 maxime
501 2763 716 2794 memorabiles
731 2765 824 2797 muri.

214 2810 312 2840 VOL.
335 2810 401 2842 ΠΙ.

889 1145 907 1164 a
922 1134 1125 1164 Semiramide
1142 1133 1280 1169 excitati,
1298 1139 1328 1163 et
1344 1133 1375 1163 in
1392 1132 1550 1163 miraculis

887 1183 995 1214 mundi
1019 1184 1097 1214 adeo
1121 1183 1294 1214 numerati:
1322 1184 1449 1218 coctiles,
1474 1182 1548 1224 quia

888 1232 1029 1262 instructi
1044 1238 1133 1262 erant
1148 1232 1244 1263 latere
1260 1232 1377 1267 coctili,
1395 1232 1548 1263 bitumine

886 1281 1025 1313 interliti.
1070 1282 1239 1312 Habebam
1260 1281 1456 1312 altitudinem
1477 1292 1549 1312 cen-

888 1337 953 1361 tum
978 1331 1163 1367 cubitorum,
1179 1331 1262 1362 unde
1284 1333 1353 1361 urbs
1373 1332 1455 1361 alta:
1481 1330 1551 1361 vide

888 1380 975 1411 Curt.
991 1380 1032 1411 V.
1048 1380 1068 1411 i.
1081 1382 1123 1411 24
1144 1392 1215 1422 sqq.
1232 1386 1263 1411 et
1284 1381 1337 1422 qui
1359 1380 1403 1411 ibi
1419 1380 1548 1411 laudan-

888 1436 937 1460 tur
949 1430 988 1460 ab
1004 1430 1144 1472 Interpp.
1190 1429 1281 1461 Alias
1297 1431 1364 1460 altre
1378 1432 1464 1460 urbes
1479 1435 1551 1460 sunt

889 1479 1027 1510 celebres
1043 1484 1074 1510 et
1087 1480 1229 1510 valentes
1244 1480 1367 1522 opibus.
1413 1480 1464 1510 De
1480 1479 1551 1510 alti-

889 1528 996 1559 tudine
1026 1539 1182 1560 murorum
1212 1535 1243 1560 et
1272 1529 1400 1560 turrium
1430 1528 1551 1560 variant

890 1578 1078 1620 Interpretes
1088 1590 1096 1616 ;
1134 1577 1200 1609 vid.
1231 1578 1365 1609 Farnab.
1395 1577 1435 1608 ad
1466 1578 1549 1609 hunc

890 1627 1005 1658 locum.

932 1678 984 1707 59.
1008 1677 1125 1707 Primos
1144 1678 1270 1718 gradus,
1289 1675 1411 1707 scilicet
1429 1676 1551 1712 amoris,

890 1724 974 1767 quod
987 1725 1073 1756 haud
1085 1725 1179 1756 dubie
1192 1725 1491 1766 subintelligendum
1504 1731 1552 1756 est

890 1786 907 1807 e
922 1786 1012 1807 versu
1035 1775 1190 1818 sequenti,
1207 1775 1266 1806 nisi
1290 1775 1381 1806 malis
1396 1785 1467 1806 cum
1483 1774 1553 1806 aliis

890 1824 1029 1855 notitiam
1054 1828 1217 1865 primosque
1240 1826 1356 1866 gradus
1381 1835 1436 1866 per
1464 1825 1551 1855 Hen-

890 1873 1008 1916 diadyn
1031 1884 1197 1916 exponere,
1221 1873 1336 1916 primos
1360 1872 1475 1914 gradus
1498 1884 1552 1904 no-

891 1923 977 1955 titiae.

934 1974 985 2004 60.
1024 1972 1294 2008 Taedae—coissent,
1323 1971 1553 2002 matrimonium

891 2032 1014 2064 quoque
1030 2021 1180 2052 iniissent.
1224 2020 1306 2052 Satis
1321 2020 1403 2051 enim
1427 2026 1546 2056 notum,

891 2071 923 2101 in
939 2070 1056 2113 nuptiis
1069 2070 1168 2101 taedas
1183 2070 1318 2112 praeferri
1335 2070 1441 2101 solitas
1457 2080 1549 2111 spon-

890 2120 943 2151 sis.
989 2121 1073 2150 Hinc
1098 2121 1172 2150 taeda
1197 2119 1297 2161 poetis
1318 2119 1357 2149 de
1378 2118 1453 2160 ipsis
1475 2129 1553 2160 nup-

890 2170 952 2205 tiis,
969 2169 1008 2201 de
1031 2171 1099 2211 ipso
1123 2169 1317 2200 matrimonio
1340 2167 1383 2198 ix.
1400 2169 1481 2207 7213
1503 2180 1554 2199 xv.

889 2220 963 2250 826.
1011 2220 1108 2255 Coire,
1124 2224 1158 2249 ut
1177 2216 1402 2259 συνέρχεσθαι,
1418 2217 1457 2248 de
1479 2227 1553 2248 con-

886 2267 1025 2311 jugibus.
1072 2269 1146 2299 Jam
1161 2266 1285 2297 coissent
1297 2268 1375 2306 jure
1396 2268 1476 2296 toeclae
1492 2265 1554 2296 fere

890 2317 1009 2349 dictum
1025 2322 1082 2353 est,
1099 2322 1133 2347 ut
1148 2315 1225 2347 ibid.
1244 2317 1294 2347 15.
1309 2317 1419 2346 sociata
1430 2315 1551 2357 soedere

892 2370 970 2404 lecti,
986 2373 1018 2398 et
1032 2367 1113 2397 infra
1134 2365 1187 2396 vii.
1204 2366 1277 2396 403.
1295 2366 1421 2395 thalami
1433 2365 1554 2407 jirdere

880 2419 1006 2458 jungit.
1053 2416 1130 2446 Ros.
1158 2413 1321 2445 Schirach.
1353 2413 1403 2444 hic
1433 2413 1553 2455 aliquid

890 2465 1017 2498 humani
1028 2475 1137 2506 passus
1148 2469 1205 2495 est.
1250 2465 1355 2501 Quum
1369 2463 1451 2494 enirn
1460 2463 1556 2493 verba

891 2518 935 2547 ita
954 2515 1110 2557 jungeret,
1127 2515 1207 2544 toedce
1222 2524 1335 2553 quoque
1358 2513 1491 2548 coissent,
1507 2512 1555 2542 id-

892 2576 953 2607 que
965 2567 1054 2604 jure,
1070 2562 1137 2593 fieri
1160 2561 1245 2592 haud
1268 2567 1399 2603 poterat,
1414 2561 1490 2603 quin
1514 2560 1554 2591 ad

893 2612 1181 2656 interpretationem
1202 2610 1398 2642 durissimam
1420 2610 1555 2641 deferre-

895 2673 961 2703 tur3
988 2665 1076 2694 taedas
1092 2661 1174 2692 enim
1191 2660 1230 2691 de
1246 2671 1347 2690 amore
1364 2659 1489 2701 accipit,
1503 2659 1555 2700 qui

895 2724 926 2743 se
943 2710 1153 2753 conjunxisset
1165 2710 1247 2751 jure.

939 2763 989 2791 61.
1019 2761 1124 2790 Patres
1142 2765 1265 2801 possent
1280 2769 1347 2789 esse
1363 2758 1486 2789 omnino
1501 2768 1557 2799 pa-

1026 2811 1078 2840 Ff
