1729 3207
353 216 972 259 METAMORPHOSEON
1006 217 1126 258 LIB.
1161 218 1197 258 I.
1407 222 1466 262 67

92 330 388 393 Congeriem
413 331 590 388 secuit,
611 339 904 396 sectamque
928 333 977 379 in
1002 333 1226 380 membra
1245 334 1464 397 redegit;

90 406 342 471 Principio
365 415 562 464 terram,
589 424 650 456 ne
675 425 772 456 non
797 409 990 472 equalis
1015 410 1077 456 ab
1102 410 1235 457 omni

90 483 238 533 Parte
256 484 396 542 foret,
418 487 582 549 magni
608 486 828 550 speciem
847 487 1136 549 glomeravit
1154 487 1203 533 in
1227 487 1377 535 orbis.
1404 492 1467 536 35

88 562 215 609 Tum
239 562 364 610 freta
387 563 611 619 diffundi,
639 564 925 627 rabidisque
951 571 1229 612 tumescere
1249 566 1409 613 ventis

85 639 116 686 J
120 640 258 695 ussit,
281 647 331 688 et
355 640 552 688 ambitae
577 641 884 689 circumdare
908 641 1051 689 litora
1074 650 1233 690 terrae.

86 716 297 764 Addidit
318 724 369 765 et
391 718 568 775 fontes,
596 718 940 782 immensaque
966 726 1156 782 stagna,
1179 721 1446 783 lacusque;

90 795 416 859 Fluminaque
442 798 657 861 obliquis
683 798 839 845 cinxit
863 798 1074 845 declivia
1093 798 1228 862 ripis,

87 872 210 927 Quae
234 873 428 922 diversa
450 875 571 922 locis
597 877 776 939 partim
801 877 1063 924 sorbentur
1087 877 1148 924 ab
1175 877 1299 940 ipsa,

1403 879 1468 924 40

87 949 145 997 In
171 966 304 999 mare
329 952 621 1015 perveniunt
644 953 839 1017 partim,
862 969 1141 1017 campoque
1166 961 1369 1018 recepta

89 1025 351 1075 Liberioris
377 1044 535 1092 aquae,
558 1045 645 1092 pro
670 1029 789 1093 ripis
816 1030 957 1078 litora
981 1031 1199 1094 pulsant.

83 1189 158 1219 Ern.
183 1195 219 1219 ut
248 1190 328 1220 hunc
359 1190 414 1220 huc
443 1192 589 1221 varietate
617 1192 742 1222 distinc—

86 1244 149 1268 tum
169 1239 238 1269 bene
258 1238 357 1270 Graeci
371 1238 502 1281 κόσμον,
524 1251 575 1270 ‘nos
597 1241 743 1271 lucentem

82 1289 227 1318 mundum
248 1290 475 1319 nominaremus.
519 1288 622 1320 Etiam
647 1289 744 1322 Clau-

82 1336 166 1368 dian.
181 1337 212 1368 in
228 1337 306 1369 Rus.
322 1337 342 1368 i.
358 1339 391 1369 4.
407 1338 439 1369 h.
454 1349 484 1369 v.
497 1349 571 1369 usus
589 1344 636 1369 est
651 1352 657 1369 :
682 1341 742 1370 dis-

79 1388 167 1426 positi
171 1386 293 1428 firdera
308 1390 425 1419 mundi.

125 1436 178 1467 33.
209 1437 320 1474 Secuit,
346 1438 538 1478 sectamque.]
565 1438 681 1469 Mirum
710 1438 742 1469 in

82 1486 209 1517 modum
224 1487 339 1518 Noster
352 1486 438 1518 illam
451 1487 666 1530 repetitionem
684 1488 741 1518 ad-

84 1535 222 1567 fectavit.
265 1535 318 1568 Cf.
347 1547 428 1568 vers.
462 1537 533 1568 142.
566 1538 637 1568 158.
670 1538 741 1568 166.

83 1586 155 1617 206.
171 1591 202 1617 et
217 1586 303 1618 alibi.
349 1587 483 1618 Membra
500 1587 625 1618 omnino
640 1594 742 1630 partes

82 1634 236 1667 distinctae
253 1636 385 1678 alicujus
394 1637 449 1674 rei,
466 1642 501 1667 ut
516 1638 643 1667 membra
661 1640 740 1667 cari-

82 1696 136 1721 me,
151 1686 280 1727 (edificii,
292 1687 491 1727 philosophice.
536 1685 618 1718 Vide
634 1697 688 1718 nos
703 1686 742 1718 ad

84 1734 166 1766 Plin.
188 1736 233 1767 Π.
255 1737 313 1779 Ep.
330 1736 406 1768 xvii.
419 1737 451 1768 9.
497 1737 653 1768 Caeterum
675 1737 741 1767 An-

81 1794 245 1825 axagoras,
264 1786 318 1828 qui
335 1786 444 1828 etipse
464 1786 608 1824 docebat,
625 1787 663 1817 ab
684 1786 741 1818 ini-

83 1834 126 1865 tio
142 1833 253 1866 πάντα
269 1835 422 1878 χρήματα
432 1835 620 1878 πεφυρμένα
637 1835 741 1873 fuisse,

83 1883 220 1915 addebat
236 1897 242 1914 z
262 1883 297 1916 ‘O
314 1887 404 1923 Νοῦς
419 1884 451 1916 δὲ
472 1885 555 1916 αὐτὰ
574 1883 670 1927 διῆρε,
689 1888 741 1917 καὶ

82 1931 275 1975 διεκόσμησε,
296 1936 350 1966 καὶ
379 1934 412 1966 ἐκ
441 1937 501 1974 τῆς
530 1934 670 1973 ἀταξίας
700 1935 743 1973 εἰς

81 1982 175 2018 τάξιν
202 1984 320 2026 ἤγαγε.
366 1984 571 2016 Plutarchum
600 1984 672 2016 vide
702 1985 741 2016 de

82 2032 170 2063 Plac.
185 2033 239 2064 lib.
253 2033 274 2065 i.
290 2044 361 2076 cap.
377 2035 408 2065 3.

126 2083 178 2113 35.
211 2083 305 2114 Parte
317 2084 416 2126 foret,
442 2084 522 2125 etc.]
555 2082 666 2115 Omnis
693 2082 743 2114 hic

82 2131 168 2162 locus
177 2133 345 2173 plurimum
360 2133 457 2165 habet
471 2132 645 2169 suavitatis,
656 2143 675 2163 a
689 2133 742 2163 de-

82 2181 165 2213 lectu
189 2181 221 2212 in
239 2182 346 2224 primis
365 2183 541 2213 verborum.
588 2183 647 2213 Pro
671 2183 743 2213 sim-

83 2231 158 2273 plici
173 2232 365 2274 enimfacere
383 2237 437 2262 aut
442 2233 518 2272 fieri
533 2232 636 2274 posuit
650 2231 744 2263 verba

81 2291 128 2318 ea,
151 2293 220 2323 quae
245 2281 295 2312 vel
321 2286 464 2312 naturam
489 2281 533 2312 rei
558 2281 743 2323 exprimant,

82 2331 132 2362 vel
155 2331 281 2362 modum
305 2330 562 2373 adspectabilem‚
579 2341 641 2372 quo
662 2331 744 2362 facta

81 2379 131 2410 sit.
153 2381 248 2411 Terra
261 2382 458 2422 glomeratur,
471 2379 550 2410 freta
561 2379 743 2422 dtffmzdun-

84 2435 146 2466 tur,
165 2440 254 2472 aquae
273 2432 397 2470 pulsant
419 2429 520 2466 litora,
540 2431 745 2460 extenduntur

83 2478 197 2521 campi,
212 2479 311 2511 valles
325 2481 495 2515 subsidunt,
506 2484 627 2509 montes
639 2484 746 2510 contra

82 2534 224 2570 surgunt.
270 2529 467 2560 Glomeravit.
511 2527 580 2559 Cic.
594 2528 676 2558 Tim.
695 2530 744 2559 15.

85 2576 168 2608 Deus
181 2580 326 2609 mundum
338 2580 382 2609 ita
393 2579 536 2614 tornavit,
552 2584 588 2608 ut
599 2578 677 2608 nihil
682 2578 744 2618 fie-

83 2627 111 2656 ri
124 2628 213 2665 possit
231 2629 402 2659 rotundius.
448 2626 491 2658 N.
503 2627 546 2657 D.
561 2625 597 2657 ii.
613 2627 666 2658 39.
682 2633 741 2657 ter-

83 2685 120 2705 ra
144 2677 267 2706 nutibus
285 2679 345 2707 suis
360 2675 534 2718 (pondere)
555 2676 741 2717 conglobata.

25 2726 27 2732 '
81 2723 153 2754 Jam
173 2730 267 2755 antea
287 2735 376 2767 aquae
396 2729 595 2756 coercuerant
609 2725 738 2763 orbem;

83 2783 164 2805 nunc
176 2774 323 2816 jubentur
334 2774 479 2817 diffundi,
490 2774 584 2806 latius
599 2774 737 2810 extendi,

812 1196 906 1232 atque
925 1190 974 1221 hic
997 1190 1061 1222 illic
1082 1202 1114 1222 se
1134 1190 1290 1222 insinuare
1310 1190 1342 1222 in
1364 1197 1470 1229 terras,

811 1246 846 1272 ut
860 1241 945 1272 sinus
959 1246 991 1272 et
1005 1241 1119 1271 similia
1132 1240 1279 1272 efficiant.

854 1291 906 1321 36.
929 1291 970 1320 Et
988 1291 1082 1320 rabies
1104 1296 1136 1320 et
1153 1291 1272 1321 insania
1291 1289 1393 1321 ventis
1413 1290 1469 1322 tri-

810 1339 915 1370 buitur
929 1351 938 1378 ;
962 1338 1033 1369 vide
1057 1339 1166 1371 Heins.
1181 1340 1275 1370 rabies
1291 1339 1375 1376 Noti,
1392 1340 1471 1372 Hor.

811 1387 838 1418 I.
852 1388 971 1419 Od.iii.
991 1389 1043 1418 14.

854 1439 906 1468 37.
930 1438 1083 1479 Arubium]
1103 1439 1182 1475 Quae
1199 1438 1334 1480 cingitur
1349 1449 1367 1469 a
1379 1438 1470 1470 mari.

810 1496 881 1532 Qua
893 1494 1011 1526 ratione
1022 1497 1150 1525 ambitus
1163 1495 1299 1526 mediam
1309 1495 1472 1537 producat,

809 1544 1005 1586 disputatur:
1033 1544 1103 1575 vide
1130 1546 1300 1576 Burmann.
1346 1546 1471 1576 Ambitae.

810 1594 997 1624 circumdare
1013 1604 1029 1624 e
1045 1593 1135 1635 copia
1150 1594 1273 1635 poetica
1287 1593 1418 1625 dictum.

853 1644 907 1674 39.
926 1643 1092 1683 Declivia.]
1107 1643 1190 1680 Quia
1199 1654 1215 1674 e
1226 1642 1303 1674 locis
1312 1642 1473 1675 altioribus

810 1691 972 1729 defluunt3
1004 1703 1110 1731 pronos
1128 1692 1243 1733 fluvios
1271 1692 1324 1722 alii
1353 1692 1473 1725 dicunt.

813 1742 947 1781 Obliquis
983 1741 1142 1782 eleganter
1172 1741 1315 1783 exprimit
1349 1752 1474 1772 cursum

810 1790 972 1821 fluviorum
1001 1797 1180 1822 tortuosum.
1228 1791 1342 1827 Cinxit,
1371 1791 1473 1823 inclu-

810 1839 860 1870 sit.

853 1889 904 1920 40.
919 1889 979 1919 Pro
991 1890 1107 1920 diversa
1125 1889 1204 1924 locis,
1217 1888 1332 1929 Georg.
1343 1889 1384 1919 iv.
1397 1890 1473 1921 367.

809 1938 841 1968 in
856 1938 992 1980 pedestri
1011 1937 1149 1969 oratione
1173 1937 1332 1974 usitatius,
1350 1940 1473 1970 diversis

809 1987 897 2018 locis.
943 1988 1116 2023 Sorbentur,
1131 1992 1166 2017 ut
1180 1986 1349 2018 Arethusa.
1395 1988 1474 2026 Qui-

810 2036 883 2068 dam
898 2038 1032 2068 subeunt
1048 2042 1154 2073 terras,
1171 2035 1226 2067 sed
1247 2047 1317 2066 mox
1337 2037 1474 2068 reddun-

811 2091 871 2122 tur,
900 2092 935 2117 ut
961 2087 1064 2128 Lycus
1091 2085 1122 2115 in
1154 2085 1241 2121 Asia,
1265 2085 1412 2117 Erasinus
1441 2086 1473 2118 in

812 2135 975 2177 Argolica:
1001 2135 1071 2166 vide
1088 2134 1170 2165 Plin.
1185 2135 1226 2165 H.
1243 2134 1287 2164 N.
1304 2134 1350 2164 11.
1370 2136 1440 2166 103.

855 2183 907 2215 41.
939 2183 1029 2214 Alios
1061 2184 1171 2214 fluvios
1199 2183 1287 2214 velut
1316 2183 1474 2227 intercipit

812 2238 902 2269 terra,
919 2232 971 2264 alii
995 2243 1093 2274 usque
1115 2233 1154 2263 ad
1175 2242 1259 2263 mare
1277 2233 1473 2274 perveniunt.

814 2282 942 2321 Campus
963 2287 994 2312 et
1008 2293 1106 2321 aequor
1120 2290 1350 2322 quamcumque
1373 2281 1474 2323 plani-

810 2331 884 2362 tiem
909 2331 1085 2373 designant.
1129 2330 1212 2361 Hinc
1236 2336 1404 2372 utrumque
1422 2342 1474 2362 vo-

811 2381 882 2411 cab.
900 2381 1073 2422 promiscue
1089 2390 1160 2410 mox
1171 2380 1210 2411 de
1222 2380 1364 2421 planitie,
1381 2381 1471 2422 agris,

811 2440 882 2460 mox
907 2430 945 2461 de
968 2429 1130 2471 superficie
1148 2435 1202 2460 aut
1216 2429 1254 2460 de
1269 2429 1365 2460 fundo
1381 2430 1474 2462 maris

812 2479 937 2511 dicitur.
982 2478 1102 2510 Melius
1115 2485 1222 2510 tamen
1234 2489 1316 2509 nunc
1334 2479 1473 2510 abstinu-

812 2528 885 2559 isset
911 2528 943 2559 h.
969 2538 1037 2559 voc.
1063 2528 1137 2569 quia
1166 2527 1305 2569 proxime
1334 2527 1474 2569 sequitur

812 2580 930 2609 exiendi
945 2589 1069 2618 campos.

854 2629 906 2658 42.
930 2627 1120 2668 Liberioris]
1156 2627 1230 2658 Non
1258 2626 1387 2657 inclusae
1419 2637 1473 2658 an-

809 2678 907 2719 gustis
927 2676 1012 2719 ripis.
1062 2677 1142 2718 Vaga
1160 2688 1236 2716 aqua
1252 2687 1271 2706 a
1286 2676 1400 2706 Nostro
1420 2687 1474 2719 ap-

808 2727 944 2767 pellatur
957 2725 1086 2757 Heroid.
1097 2737 1126 2756 x.
1140 2726 1213 2755 136.
1242 2725 1304 2754 Pro
1316 2726 1401 2764 ripis,
1413 2730 1475 2758 etc.

808 2786 910 2807 merus
924 2775 1011 2807 lusus
1026 2774 1261 2816 grammaticus
1302 2775 1405 2805 Sidere
1421 2780 1475 2806 aut
