1763 3181
238 191 322 231 ‘254
640 190 688 228 Ρ.
723 187 933 229 OVIDlI
971 186 1247 228 NASONIS

244 305 580 366 Obscoenique
607 319 797 365 gregem
826 311 874 349 et
900 301 1061 348 inania
1085 309 1323 365 tympana
1346 301 1559 347 vincant.

243 382 424 436 Vosne,
452 396 610 435 senes,
634 380 811 426 mirer?
849 379 949 442 qui,
972 379 1119 440 longa
1144 394 1229 441 per
1252 393 1451 440 aequora
1475 376 1616 430 vecti,

247 458 351 505 Hac
377 457 559 520 Tyron,
587 457 679 504 hac
707 456 937 520 profugos
964 455 1198 519 posuistis
1225 455 1342 502 sede
1369 454 1615 508 Penates;

246 535 390 582 Nunc
416 534 574 581 sinitis
599 534 704 580 sine
732 533 893 581 Marte
918 534 1063 597 capi?
1100 548 1267 587 vosne,
1295 531 1450 579 acrior
1480 537 1617 581 aetas,

243 612 286 658 O
305 613 527 675 juvenes,
546 612 842 675 propiorque
858 627 995 667 meae,
1015 626 1140 673 quos
1156 625 1291 657 arma
1305 616 1488 661 tenere,
1524 609 1613 654 541

244 688 357 735 Non
383 688 598 751 thyrsos,
627 689 868 749 galeaque
900 687 1016 749 tegi,
1044 703 1140 733 non
1165 686 1351 740 fronde,
1377 682 1620 732 decebat?

245 764 382 818 Este,
410 780 598 827 precor,
629 779 886 817 memores,
914 779 1014 825 qua
1039 763 1146 810 sitis
1173 763 1323 826 stirpe
1348 760 1528 814 creati3

203 846 208 851 “
242 841 482 902 Illiusque
505 842 709 894 animos,
738 841 821 903 qui
845 841 1022 887 multos
1050 840 1264 903 perdidit
1289 855 1430 894 unus,

245 918 436 964 Sumite
463 919 729 982 serpentis:
770 934 857 981 pro
883 917 1098 964 fontibus
1124 917 1204 964 ille
1230 917 1441 978 lacuque

1524 915 1619 960 545

243 994 460 1041 Interiit:
501 1002 549 1041 at
574 1011 658 1040 vos
685 1010 771 1057 pro
798 993 927 1040 fama
953 994 1129 1040 vincite
1154 1000 1331 1040 vestra.

244 1070 334 1118 Ille
359 1071 496 1118 dedit
521 1072 618 1118 leto
643 1071 821 1118 fortes:
862 1088 946 1117 vos
973 1070 1142 1134 pellite
1167 1070 1357 1125 molles,

285 1264 359 1294 537.
401 1264 533 1293 Obsco-ni
560 1263 692 1304 greges]
739 1262 792 1293 Sil.
823 1263 898 1293 Ital.

243 1312 315 1344 xvii.
336 1314 404 1343 112.
437 1313 574 1342 Semiviri
590 1313 682 1342 chori.
735 1313 900 1353 Tympana,

242 1362 331 1392 orbes
346 1361 456 1392 intenti
472 1363 566 1398 corio,
582 1362 787 1403 pulsabantur
803 1363 901 1392 mani-

243 1412 300 1442 bus
312 1416 343 1440 et
357 1410 492 1440 edebant
505 1420 611 1440 sonum
630 1420 766 1441 raucum.
813 1410 900 1441 Euri-

241 1459 304 1500 pid.
332 1460 403 1489 124.
427 1458 615 1499 βυρσότυνα
639 1459 847 1500 κυκλώματα,
871 1465 902 1489 et

241 1518 329 1538 versu
357 1509 425 1538 156.
450 1507 656 1549 βαρύβρομα.
704 1507 826 1544 Ιιιαηία,
843 1519 901 1538 non

244 1555 391 1587 timenda.

284 1605 360 1636 538.
385 1605 472 1635 Senes
487 1615 557 1635 cum
570 1604 690 1635 Cadmo
706 1616 722 1635 e
737 1605 902 1636 Phoenicia

240 1654 371 1696 profecti
406 1654 511 1684 orbem
543 1660 792 1695 peren-merant:
831 1654 901 1684 vide

243 1714 305 1734 ver.
319 1704 349 1734 6.
394 1703 461 1734 Hos
476 1714 537 1734 non
552 1713 657 1734 omnes
672 1704 798 1734 necasse
813 1703 900 1734 vide-

242 1759 292 1783 tur
306 1763 431 1794 serpens
446 1763 464 1783 a
479 1753 597 1784 Cadmo
612 1752 804 1783 interfectus.
836 1753 902 1783 Huc

246 1802 358 1842 Durati.
415 1802 513 1843 Tyros
536 1801 637 1832 insula
660 1808 706 1831 est
730 1801 901 1832 Phoeniciae

243 1851 400 1893 adjacens,
417 1861 435 1880 a
453 1851 546 1892 Tyro,
564 1850 724 1881 Phoenicis
745 1851 820 1887 filio,
837 1851 902 1882 dic-

243 1905 284 1930 ta.
331 1901 387 1930 Est
408 1900 502 1930 etiam
525 1900 623 1940 Tyros
647 1899 791 1930 Laconiae
814 1900 900 1935 urbs,

243 1954 275 1979 et
293 1948 394 1979 insula
410 1948 441 1979 in
456 1947 532 1979 mari
553 1949 656 1978 rubro.
705 1948 772 1979 Hac
790 1948 900 1989 Tyron,

242 2005 302 2029 etc.
347 1998 474 2029 Certum
488 1998 609 2039 signum
626 2008 713 2028 novae
730 1997 813 2029 sedis
827 2009 900 2040 cap-

242 2053 293 2083 tae,
305 2047 330 2077 si
344 2054 462 2086 penates
474 2046 517 2077 ibi
533 2046 804 2077 constituerentur.
836 2048 900 2078 No-

243 2106 289 2126 vae
306 2101 410 2126 autem
427 2095 492 2126 sedi
510 2106 621 2126 nomen
638 2095 734 2130 urbis,
750 2095 833 2126 unde
850 2106 900 2127 ve-

242 2151 352 2176 nerant
374 2144 506 2186 profugi,
524 2144 640 2186 imponi
666 2144 795 2175 solebat.
841 2146 900 2175 Ex-

242 2194 353 2235 pressit
376 2205 458 2229 vero,
477 2200 511 2225 ut
533 2194 750 2235 Nauger.jam
773 2195 901 2231 monuit,

245 2242 355 2284 Virgil.
376 2244 452 2274 AEn.
476 2243 495 2273 i.
520 2243 579 2274 ὅθι
607 2243 699 2273 Ilium
724 2245 753 2273 in
780 2243 900 2274 Italiam

243 2298 365 2330 portans
380 2294 526 2332 victosque
537 2298 668 2331 penates.

287 2340 360 2371 540.
385 2342 462 2371 Acer
474 2341 654 2382 dejuvenili
668 2341 780 2381 vigore.
830 2342 903 2372 Pro-

239 2391 308 2428 pior
340 2399 420 2419 meae.
467 2389 650 2430 Elegantius
679 2390 833 2422 Ascanius
863 2391 902 2421 ad

243 2438 425 2478 Euryalum,
448 2438 573 2469 AEneid.
589 2439 632 2469 ix.
649 2440 723 2470 275.
739 2450 801 2470 mea
820 2452 903 2480 quem

241 2489 344 2525 spatiis
385 2489 569 2527 propioribus
609 2495 678 2519 atas
715 2488 900 2529 Insequitur.

247 2535 388 2575 Thyrsns,
417 2536 549 2567 baculus
582 2543 635 2568 aut
672 2537 772 2574 hasta,
807 2549 901 2580 quam

241 2584 415 2623 gestabant,
440 2595 563 2626 quaque
591 2591 702 2616 terram
732 2588 900 2628 pulsabant

247 2633 451 2665 Bacchantes.
496 2633 670 2666 Revinctus
693 2641 759 2666 erat
787 2636 900 2667 hedera

244 2688 297 2712 aut
320 2683 486 2725 pampinis,
501 2683 583 2714 unde
608 2685 646 2714 ab
672 2685 813 2727 Euripid.
839 2696 900 2716 ver.

244 2730 296 2760 25.
315 2730 461 2763 κίσσινον
480 2731 596 2771 βέλος;
621 2734 659 2763 ab
685 2733 799 2764 Ovidio
815 2745 897 2769 vero,

970 1263 1063 1294 XIII.
1078 1262 1176 1305 Epist.
1194 1261 1302 1292 xxxiii.
1321 1262 1460 1300 pampiua
1474 1260 1556 1290 hasta
1572 1269 1623 1289 vo-

968 1320 1071 1343 catur:
1097 1311 1168 1342 vide
1190 1322 1271 1346 mox,
1287 1320 1350 1341 ver.
1366 1310 1438 1340 667.
1482 1308 1623 1350 Speciem

969 1362 1035 1403 ejus
1058 1372 1074 1391 e
1095 1360 1226 1401 gemmis
1239 1369 1414 1401 expressam
1431 1358 1526 1388 habes
1541 1356 1624 1399 apud

970 1411 1108 1442 Perizon.
1129 1410 1169 1440 ad
1194 1409 1313 1440 AElian.
1330 1409 1369 1439 V.
1392 1409 1432 1439 H.
1455 1407 1499 1438 iii.
1523 1408 1572 1438 18.
1593 1414 1626 1437 et

969 1461 1000 1491 in
1016 1459 1149 1502 Lipperti
1165 1458 1328 1500 DactyLi.
1342 1459 1413 1489 184.
1423 1458 1496 1488 390.
1529 1457 1623 1487 Fron-

969 1512 1016 1541 de.
1044 1509 1242 1540 Bacchantes
1253 1506 1389 1538 coronati
1401 1512 1489 1537 erant
1501 1505 1626 1541 hedera,

969 1558 1124 1600 pampinis
1137 1563 1191 1587 aut
1206 1557 1335 1587 aliarum
1353 1557 1495 1586 arborum
1512 1554 1626 1585 frondi-

969 1608 1038 1637 bus.
1085 1607 1156 1647 Tegi
1171 1607 1299 1637 verbum
1315 1605 1442 1635 solenne
1455 1604 1489 1634 in
1504 1604 1562 1634 hac
1579 1614 1624 1634 re.

972 1656 1051 1687 Vide
1069 1656 1186 1687 Catull.
1199 1655 1275 1686 lxiv.
1290 1656 1365 1686 257.

1013 1707 1087 1736 544.
1106 1705 1248 1745 Illiusque
1259 1706 1380 1739 animos,
1391 1703 1468 1743 etc.]
1495 1700 1626 1733 Solenne

970 1761 1016 1786 est
1038 1755 1168 1796 posteris
1190 1754 1339 1796 majorum
1356 1753 1439 1784 facta
1460 1751 1492 1782 in
1510 1761 1627 1782 memo-

970 1803 1046 1834 riam
1070 1813 1225 1834 revocare.
1269 1802 1497 1843 Argumentum
1523 1805 1626 1831 autem

970 1853 1026 1884 hoc
1056 1863 1075 1884 a
1098 1859 1230 1893 serpente
1257 1851 1386 1882 ductum
1415 1861 1475 1881 non
1497 1849 1628 1881 dedecet

968 1902 1138 1933 orationem
1181 1901 1213 1931 in
1263 1911 1355 1942 opere
1400 1898 1624 1940 mythologice.

972 1951 1076 1982 Fontes
1103 1956 1135 1982 et
1161 1952 1244 1981 lacus
1267 1949 1376 1981 eodem
1405 1948 1546 1984 redeunt,
1571 1946 1625 1978 sed

969 1999 1085 2031 dictum
1112 1999 1169 2030 hoc
1195 1998 1234 2030 ad
1255 1998 1417 2029 formulam
1441 2008 1495 2036 pro
1516 1999 1578 2027 aris
1599 2002 1626 2027 et

958 2049 1050 2090 focis.
1087 2047 1398 2083 Molles,effeminati.
1444 2046 1532 2077 Male
1549 2046 1625 2077 Bur-

970 2108 1100 2128 mannus
1110 2099 1157 2139 τιρ
1167 2099 1271 2137 pellite
1278 2096 1400 2139 praesert
1407 2097 1534 2136 perdite,
1543 2094 1626 2137 quod

970 2147 1080 2178 melius
1095 2146 1259 2178 conveniat
1274 2158 1304 2177 v.
1319 2148 1399 2176 dedit
1414 2147 1479 2176 leto.
1525 2144 1626 2175 Immo

970 2197 1037 2227 vult
1052 2197 1154 2226 minus
1169 2194 1283 2231 dicere,
1299 2201 1332 2226 ut
1346 2194 1461 2237 duplex
1476 2193 1627 2236 oppositio

969 2245 1021 2280 sit,
1036 2245 1291 2287 fortes—molles,
1314 2245 1370 2275 leto
1392 2244 1627 2282 dare—pellere,

970 2292 1231 2334 quemadmodum
1256 2298 1327 2323 ante
1346 2293 1628 2323 interiit—vincite.

975 2343 1133 2377 Revocare,
1165 2342 1338 2377 restituere,
1365 2341 1518 2372 vocabulo
1543 2340 1628 2372 vocis

971 2392 1009 2422 ad
1032 2391 1116 2422 facta
1134 2390 1301 2422 translato:
1327 2390 1392 2420 vid.
1408 2390 1545 2421 Gronov.
1560 2390 1627 2420 Ob-

969 2450 1048 2470 serv.
1077 2440 1108 2470 ii.
1140 2441 1188 2471 19.
1236 2439 1370 2470 Praesero
1398 2444 1513 2475 tamen,
1543 2438 1626 2480 quod

970 2500 1076 2521 omnes
1099 2490 1190 2520 MSS.
1206 2495 1318 2531 praeter
1336 2488 1424 2524 duos,
1439 2488 1566 2524 habent,
1581 2499 1626 2519 re-

972 2540 1072 2569 tinete.
1117 2539 1234 2570 Heren.
1250 2537 1296 2568 iii.
1315 2538 1345 2568 3.
1359 2537 1625 2579 retinerefimitu-

965 2590 1075 2624 clinem,
1087 2598 1278 2618 conservare.
1310 2586 1460 2623 Velleius,
1472 2587 1517 2618 ΙΙ.
1527 2587 1624 2618 lxxix.

968 2639 997 2668 5.
1015 2639 1141 2668 retinere
1165 2638 1354 2678 dignitatem,
1373 2635 1535 2677 diguitatis
1559 2645 1623 2666 me-

968 2696 1081 2717 morem
1098 2697 1129 2717 se
1144 2696 1259 2727 gerere.
1306 2685 1408 2715 Etiam
1424 2685 1456 2715 in
1466 2685 1557 2716 Nuce
1573 2686 1624 2716 51.

968 2738 1096 2765 retinere
1111 2737 1210 2766 decus.
