<?xml version="1.0" encoding="UTF-8"?>
<!DOCTYPE html PUBLIC "-//W3C//DTD XHTML 1.0 Transitional//EN"
    "http://www.w3.org/TR/xhtml1/DTD/xhtml1-transitional.dtd">
<html xmlns="http://www.w3.org/1999/xhtml" xml:lang="en" lang="en">
 <head>
  <title>
</title>
<meta http-equiv="Content-Type" content="text/html;charset=utf-8" />
  <meta name='ocr-system' content='tesseract 3.04.00' />
  <meta name='ocr-capabilities' content='ocr_page ocr_carea ocr_par ocr_line ocrx_word'/>
</head>
<body>
  <div class='ocr_page' id='page_1' title='image "./povidiinasonisop03oviduoft_0126.png"; bbox 0 0 1729 3207; ppageno 0'>
   <div class='ocr_carea' id='block_1_1' title="bbox 206 211 1206 256">
    <p class='ocr_par' dir='ltr' id='par_1_1' title="bbox 206 211 1206 256">
     <span class='ocr_line' id='line_1_1' title="bbox 206 211 1206 256; baseline -0.004 0"><span class='ocrx_word' id='word_1_1' title='bbox 206 215 289 256; x_wconf 87' lang='grc'>116</span> <span class='ocrx_word' id='word_1_2' title='bbox 596 214 646 255; x_wconf 90' lang='grc' dir='ltr'>Ρ.</span> <span class='ocrx_word' id='word_1_3' title='bbox 679 212 892 255; x_wconf 91' lang='lat' dir='ltr'>OVIDII</span> <span class='ocrx_word' id='word_1_4' title='bbox 926 211 1206 253; x_wconf 90' lang='lat' dir='ltr'><strong>NASONIS</strong></span> 
     </span>
    </p>
   </div>
   <div class='ocr_carea' id='block_1_2' title="bbox 203 327 1589 776">
    <p class='ocr_par' dir='ltr' id='par_1_2' title="bbox 206 327 1411 391">
     <span class='ocr_line' id='line_1_2' title="bbox 206 327 1411 391; baseline -0.002 -14"><span class='ocrx_word' id='word_1_5' title='bbox 206 330 358 377; x_wconf 89' lang='lat' dir='ltr'>Dicor</span> <span class='ocrx_word' id='word_1_6' title='bbox 374 347 384 386; x_wconf 94' lang='lat'>;</span> <span class='ocrx_word' id='word_1_7' title='bbox 414 336 465 376; x_wconf 84' lang='lat' dir='ltr'>et</span> <span class='ocrx_word' id='word_1_8' title='bbox 483 329 745 376; x_wconf 87' lang='lat' dir='ltr'>herbarum</span> <span class='ocrx_word' id='word_1_9' title='bbox 762 328 990 390; x_wconf 87' lang='lat' dir='ltr'>subjecta</span> <span class='ocrx_word' id='word_1_10' title='bbox 1007 327 1231 391; x_wconf 88' lang='lat' dir='ltr'>potentia</span> <span class='ocrx_word' id='word_1_11' title='bbox 1250 328 1411 374; x_wconf 88' lang='lat' dir='ltr'>nobis.</span> 
     </span>
    </p>

    <p class='ocr_par' dir='ltr' id='par_1_3' title="bbox 203 404 1589 776">
     <span class='ocr_line' id='line_1_3' title="bbox 206 404 1586 469; baseline -0.002 -16"><span class='ocrx_word' id='word_1_12' title='bbox 206 406 303 454; x_wconf 89' lang='lat' dir='ltr'>Hei</span> <span class='ocrx_word' id='word_1_13' title='bbox 329 405 464 462; x_wconf 85' lang='lat' dir='ltr'>mihi,</span> <span class='ocrx_word' id='word_1_14' title='bbox 483 406 616 469; x_wconf 91' lang='lat' dir='ltr'>quod</span> <span class='ocrx_word' id='word_1_15' title='bbox 636 405 784 452; x_wconf 90' lang='lat' dir='ltr'>nullis</span> <span class='ocrx_word' id='word_1_16' title='bbox 806 421 942 452; x_wconf 89' lang='lat' dir='ltr'>amor</span> <span class='ocrx_word' id='word_1_17' title='bbox 962 411 1040 453; x_wconf 86' lang='lat' dir='ltr'>est</span> <span class='ocrx_word' id='word_1_18' title='bbox 1060 404 1369 452; x_wconf 83' lang='lat' dir='ltr'>medicabilis</span> <span class='ocrx_word' id='word_1_19' title='bbox 1394 404 1586 452; x_wconf 82' lang='lat' dir='ltr'>herbis!</span> 
     </span>
     <span class='ocr_line' id='line_1_4' title="bbox 204 481 1589 546; baseline -0.001 -16"><span class='ocrx_word' id='word_1_20' title='bbox 204 482 313 531; x_wconf 91' lang='lat' dir='ltr'>Nec</span> <span class='ocrx_word' id='word_1_21' title='bbox 330 489 539 546; x_wconf 84' lang='lat' dir='ltr'>prosunt</span> <span class='ocrx_word' id='word_1_22' title='bbox 552 482 766 537; x_wconf 89' lang='lat' dir='ltr'>domino,</span> <span class='ocrx_word' id='word_1_23' title='bbox 786 498 897 545; x_wconf 87' lang='lat' dir='ltr'>quae</span> <span class='ocrx_word' id='word_1_24' title='bbox 914 488 1123 545; x_wconf 85' lang='lat' dir='ltr'><strong>prosunt</strong></span> <span class='ocrx_word' id='word_1_25' title='bbox 1137 481 1383 537; x_wconf 87' lang='lat' dir='ltr'>omnibus,</span> <span class='ocrx_word' id='word_1_26' title='bbox 1402 488 1533 529; x_wconf 88' lang='lat' dir='ltr'>artes</span> <span class='ocrx_word' id='word_1_27' title='bbox 1546 481 1589 527; x_wconf 82' lang='lat'>!&#39;&#39;</span> 
     </span>
     <span class='ocr_line' id='line_1_5' title="bbox 203 558 1588 607; baseline 0 -1"><span class='ocrx_word' id='word_1_28' title='bbox 203 560 356 607; x_wconf 85' lang='lat' dir='ltr'>Plura</span> <span class='ocrx_word' id='word_1_29' title='bbox 378 560 657 606; x_wconf 86' lang='lat' dir='ltr'>locuturum</span> <span class='ocrx_word' id='word_1_30' title='bbox 683 559 856 606; x_wconf 87' lang='lat' dir='ltr'>timido</span> <span class='ocrx_word' id='word_1_31' title='bbox 882 558 1072 606; x_wconf 83' lang='lat' dir='ltr'>Peneia</span> <span class='ocrx_word' id='word_1_32' title='bbox 1095 574 1243 606; x_wconf 86' lang='lat' dir='ltr'>cursu</span> <span class='ocrx_word' id='word_1_33' title='bbox 1491 561 1588 606; x_wconf 89' lang='lat'>525</span> 
     </span>
     <span class='ocr_line' id='line_1_6' title="bbox 205 634 1497 699; baseline -0.001 -17"><span class='ocrx_word' id='word_1_34' title='bbox 205 636 380 699; x_wconf 83' lang='lat' dir='ltr'>Fugit;</span> <span class='ocrx_word' id='word_1_35' title='bbox 420 651 635 698; x_wconf 83' lang='lat' dir='ltr'>eumque</span> <span class='ocrx_word' id='word_1_36' title='bbox 660 635 768 699; x_wconf 86' lang='lat' dir='ltr'>ipso</span> <span class='ocrx_word' id='word_1_37' title='bbox 793 635 943 683; x_wconf 85' lang='lat' dir='ltr'>verba</span> <span class='ocrx_word' id='word_1_38' title='bbox 967 634 1257 699; x_wconf 87' lang='lat' dir='ltr'>imperfecta</span> <span class='ocrx_word' id='word_1_39' title='bbox 1280 635 1497 698; x_wconf 89' lang='lat' dir='ltr'>reliquit.</span> 
     </span>
     <span class='ocr_line' id='line_1_7' title="bbox 203 711 1585 776; baseline -0.001 -16"><span class='ocrx_word' id='word_1_40' title='bbox 203 713 331 760; x_wconf 90' lang='lat' dir='ltr'>Tum</span> <span class='ocrx_word' id='word_1_41' title='bbox 351 728 553 776; x_wconf 90' lang='lat' dir='ltr'>quoque</span> <span class='ocrx_word' id='word_1_42' title='bbox 571 712 676 760; x_wconf 82' lang='lat' dir='ltr'>visa</span> <span class='ocrx_word' id='word_1_43' title='bbox 693 713 877 760; x_wconf 88' lang='lat' dir='ltr'>decens</span> <span class='ocrx_word' id='word_1_44' title='bbox 897 729 907 760; x_wconf 73' lang='grc' dir='ltr'><strong><em>ε</em></strong></span> <span class='ocrx_word' id='word_1_45' title='bbox 936 712 1193 760; x_wconf 89' lang='lat' dir='ltr'>nudabant</span> <span class='ocrx_word' id='word_1_46' title='bbox 1211 727 1419 776; x_wconf 87' lang='lat' dir='ltr'>corpora</span> <span class='ocrx_word' id='word_1_47' title='bbox 1435 711 1585 767; x_wconf 90' lang='lat' dir='ltr'>venti,</span> 
     </span>
    </p>
   </div>
   <div class='ocr_carea' id='block_1_3' title="bbox 203 790 1590 1007">
    <p class='ocr_par' dir='ltr' id='par_1_4' title="bbox 203 790 1590 1007">
     <span class='ocr_line' id='line_1_8' title="bbox 205 790 1442 853; baseline -0.001 -16"><span class='ocrx_word' id='word_1_48' title='bbox 205 790 468 853; x_wconf 80' lang='lat' dir='ltr'>Obviaque</span> <span class='ocrx_word' id='word_1_49' title='bbox 494 790 726 838; x_wconf 86' lang='lat' dir='ltr'>adversas</span> <span class='ocrx_word' id='word_1_50' title='bbox 751 790 1012 837; x_wconf 86' lang='lat' dir='ltr'>vibrabant</span> <span class='ocrx_word' id='word_1_51' title='bbox 1036 790 1237 838; x_wconf 84' lang='lat' dir='ltr'>flamina</span> <span class='ocrx_word' id='word_1_52' title='bbox 1259 798 1442 845; x_wconf 85' lang='lat' dir='ltr'>vestes,</span> 
     </span>
     <span class='ocr_line' id='line_1_9' title="bbox 205 865 1397 932; baseline 0.002 -20"><span class='ocrx_word' id='word_1_53' title='bbox 205 865 271 913; x_wconf 86' lang='lat' dir='ltr'>Et</span> <span class='ocrx_word' id='word_1_54' title='bbox 294 866 415 914; x_wconf 90' lang='lat' dir='ltr'>levis</span> <span class='ocrx_word' id='word_1_55' title='bbox 441 866 668 930; x_wconf 82' lang='lat' dir='ltr'>impexos</span> <span class='ocrx_word' id='word_1_56' title='bbox 695 874 823 914; x_wconf 88' lang='lat' dir='ltr'>retro</span> <span class='ocrx_word' id='word_1_57' title='bbox 848 867 1000 915; x_wconf 85' lang='lat' dir='ltr'>dabat</span> <span class='ocrx_word' id='word_1_58' title='bbox 1023 883 1141 915; x_wconf 86' lang='lat' dir='ltr'>aura</span> <span class='ocrx_word' id='word_1_59' title='bbox 1163 868 1369 932; x_wconf 83' lang='lat' dir='ltr'>capillos</span> <span class='ocrx_word' id='word_1_60' title='bbox 1388 886 1397 925; x_wconf 84' lang='lat'><em>3</em></span> 
     </span>
     <span class='ocr_line' id='line_1_10' title="bbox 203 942 1590 1007; baseline 0.001 -18"><span class='ocrx_word' id='word_1_61' title='bbox 203 942 469 1007; x_wconf 86' lang='lat' dir='ltr'>Auctaque</span> <span class='ocrx_word' id='word_1_62' title='bbox 496 942 652 990; x_wconf 87' lang='lat' dir='ltr'>forma</span> <span class='ocrx_word' id='word_1_63' title='bbox 683 943 801 1006; x_wconf 85' lang='lat' dir='ltr'>fuga</span> <span class='ocrx_word' id='word_1_64' title='bbox 827 951 932 993; x_wconf 87' lang='lat' dir='ltr'>est:</span> <span class='ocrx_word' id='word_1_65' title='bbox 974 945 1063 991; x_wconf 90' lang='lat' dir='ltr'>sed</span> <span class='ocrx_word' id='word_1_66' title='bbox 1092 945 1224 991; x_wconf 91' lang='lat' dir='ltr'>enim</span> <span class='ocrx_word' id='word_1_67' title='bbox 1252 961 1351 992; x_wconf 92' lang='lat' dir='ltr'>non</span> <span class='ocrx_word' id='word_1_68' title='bbox 1376 944 1590 991; x_wconf 87' lang='lat' dir='ltr'>sustinet</span> 
     </span>
    </p>
   </div>
   <div class='ocr_carea' id='block_1_4' title="bbox 402 1021 532 1067">
    <p class='ocr_par' dir='ltr' id='par_1_5' title="bbox 402 1021 532 1067">
     <span class='ocr_line' id='line_1_11' title="bbox 402 1021 532 1067; baseline -0.008 0"><span class='ocrx_word' id='word_1_69' title='bbox 402 1021 532 1067; x_wconf 87' lang='lat' dir='ltr'>ultra</span> 
     </span>
    </p>
   </div>
   <div class='ocr_carea' id='block_1_5' title="bbox 1492 1023 1589 1067">
    <p class='ocr_par' dir='ltr' id='par_1_6' title="bbox 1492 1023 1589 1067">
     <span class='ocr_line' id='line_1_12' title="bbox 1492 1023 1589 1067; baseline 0 0"><span class='ocrx_word' id='word_1_70' title='bbox 1492 1023 1589 1067; x_wconf 88' lang='lat'>530</span> 
     </span>
    </p>
   </div>
   <div class='ocr_carea' id='block_1_6' title="bbox 201 1096 1567 1160">
    <p class='ocr_par' dir='ltr' id='par_1_7' title="bbox 201 1096 1567 1160">
     <span class='ocr_line' id='line_1_13' title="bbox 201 1096 1567 1160; baseline 0.001 -17"><span class='ocrx_word' id='word_1_71' title='bbox 201 1096 420 1146; x_wconf 83' lang='lat' dir='ltr'>Perdere</span> <span class='ocrx_word' id='word_1_72' title='bbox 444 1096 712 1144; x_wconf 83' lang='lat' dir='ltr'>blanditias</span> <span class='ocrx_word' id='word_1_73' title='bbox 731 1097 928 1159; x_wconf 88' lang='lat' dir='ltr'>juvenis</span> <span class='ocrx_word' id='word_1_74' title='bbox 952 1097 1119 1145; x_wconf 91' lang='lat' dir='ltr'>Deus:</span> <span class='ocrx_word' id='word_1_75' title='bbox 1149 1104 1306 1160; x_wconf 86' lang='lat' dir='ltr'>utque</span> <span class='ocrx_word' id='word_1_76' title='bbox 1335 1097 1567 1144; x_wconf 83' lang='lat' dir='ltr'>movebat</span> 
     </span>
    </p>
   </div>
   <div class='ocr_carea' id='block_1_7' title="bbox 190 1284 864 2790">
    <p class='ocr_par' dir='ltr' id='par_1_8' title="bbox 200 1284 863 1572">
     <span class='ocr_line' id='line_1_14' title="bbox 206 1284 861 1316; baseline 0.002 -1"><span class='ocrx_word' id='word_1_77' title='bbox 206 1285 301 1315; x_wconf 87' lang='lat'>1372.</span> <span class='ocrx_word' id='word_1_78' title='bbox 337 1284 434 1315; x_wconf 73' lang='lat' dir='ltr'>Primi</span> <span class='ocrx_word' id='word_1_79' title='bbox 447 1290 551 1316; x_wconf 87' lang='lat' dir='ltr'>autem</span> <span class='ocrx_word' id='word_1_80' title='bbox 562 1285 677 1316; x_wconf 86' lang='lat' dir='ltr'>medici</span> <span class='ocrx_word' id='word_1_81' title='bbox 694 1290 783 1316; x_wconf 84' lang='lat' dir='ltr'>erant</span> <span class='ocrx_word' id='word_1_82' title='bbox 797 1285 861 1316; x_wconf 87' lang='lat' dir='ltr'>chi—</span> 
     </span>
     <span class='ocr_line' id='line_1_15' title="bbox 200 1333 860 1376; baseline 0 -11"><span class='ocrx_word' id='word_1_83' title='bbox 200 1333 295 1376; x_wconf 84' lang='lat' dir='ltr'>rurgi,</span> <span class='ocrx_word' id='word_1_84' title='bbox 318 1334 481 1376; x_wconf 87' lang='lat' dir='ltr'>omnisque</span> <span class='ocrx_word' id='word_1_85' title='bbox 503 1345 608 1365; x_wconf 88' lang='lat' dir='ltr'>eorum</span> <span class='ocrx_word' id='word_1_86' title='bbox 629 1335 761 1366; x_wconf 85' lang='lat' dir='ltr'>scientia</span> <span class='ocrx_word' id='word_1_87' title='bbox 782 1340 860 1371; x_wconf 87' lang='lat' dir='ltr'>erat,</span> 
     </span>
     <span class='ocr_line' id='line_1_16' title="bbox 202 1383 863 1426; baseline 0 -12"><span class='ocrx_word' id='word_1_88' title='bbox 202 1394 291 1415; x_wconf 86' lang='lat' dir='ltr'>nosse</span> <span class='ocrx_word' id='word_1_89' title='bbox 320 1384 383 1414; x_wconf 84' lang='lat' dir='ltr'>vim</span> <span class='ocrx_word' id='word_1_90' title='bbox 411 1384 587 1415; x_wconf 88' lang='lat' dir='ltr'>herbarum.</span> <span class='ocrx_word' id='word_1_91' title='bbox 634 1383 746 1416; x_wconf 84' lang='lat' dir='ltr'>Celsus</span> <span class='ocrx_word' id='word_1_92' title='bbox 776 1383 863 1426; x_wconf 86' lang='lat' dir='ltr'>praef.</span> 
     </span>
     <span class='ocr_line' id='line_1_17' title="bbox 202 1433 863 1475; baseline 0.002 -13"><span class='ocrx_word' id='word_1_93' title='bbox 202 1433 315 1474; x_wconf 81' lang='lat' dir='ltr'>Itaque</span> <span class='ocrx_word' id='word_1_94' title='bbox 331 1433 430 1469; x_wconf 84' lang='lat' dir='ltr'>addit,</span> <span class='ocrx_word' id='word_1_95' title='bbox 443 1440 469 1463; x_wconf 76' lang='lat' dir='ltr'>et</span> <span class='ocrx_word' id='word_1_96' title='bbox 483 1434 652 1468; x_wconf 73' lang='lat' dir='ltr'>herbo-rum,</span> <span class='ocrx_word' id='word_1_97' title='bbox 663 1438 724 1464; x_wconf 86' lang='lat' dir='ltr'>etc.</span> <span class='ocrx_word' id='word_1_98' title='bbox 747 1433 863 1475; x_wconf 70' lang='lat' dir='ltr'>Opif&#39;er.</span> 
     </span>
     <span class='ocr_line' id='line_1_18' title="bbox 200 1480 863 1524; baseline 0.003 -13"><span class='ocrx_word' id='word_1_99' title='bbox 200 1481 284 1512; x_wconf 89' lang='lat' dir='ltr'>Hinc</span> <span class='ocrx_word' id='word_1_100' title='bbox 300 1481 414 1523; x_wconf 87' lang='lat' dir='ltr'>Apollo</span> <span class='ocrx_word' id='word_1_101' title='bbox 428 1480 628 1523; x_wconf 75' lang='grc' dir='ltr'>βοηδρόμεος</span> <span class='ocrx_word' id='word_1_102' title='bbox 646 1488 677 1512; x_wconf 91' lang='lat' dir='ltr'>et</span> <span class='ocrx_word' id='word_1_103' title='bbox 694 1480 863 1524; x_wconf 81' lang='grc' dir='ltr'>αόσσὴτηρ</span> 
     </span>
     <span class='ocr_line' id='line_1_19' title="bbox 203 1529 441 1572; baseline 0.004 -12"><span class='ocrx_word' id='word_1_104' title='bbox 203 1529 286 1572; x_wconf 85' lang='lat' dir='ltr'>apud</span> <span class='ocrx_word' id='word_1_105' title='bbox 303 1531 441 1561; x_wconf 87' lang='lat' dir='ltr'>Graecos.</span> 
     </span>
    </p>

    <p class='ocr_par' dir='ltr' id='par_1_9' title="bbox 197 1579 863 1856">
     <span class='ocr_line' id='line_1_20' title="bbox 246 1579 863 1620; baseline 0.003 -11"><span class='ocrx_word' id='word_1_106' title='bbox 246 1580 322 1610; x_wconf 87' lang='lat'>522.</span> <span class='ocrx_word' id='word_1_107' title='bbox 339 1579 541 1620; x_wconf 62' lang='lat' dir='ltr'>Herbarum]</span> <span class='ocrx_word' id='word_1_108' title='bbox 557 1581 644 1617; x_wconf 81' lang='lat' dir='ltr'>Quas</span> <span class='ocrx_word' id='word_1_109' title='bbox 659 1579 691 1610; x_wconf 90' lang='lat' dir='ltr'>in</span> <span class='ocrx_word' id='word_1_110' title='bbox 706 1579 863 1611; x_wconf 82' lang='lat' dir='ltr'>medicina</span> 
     </span>
     <span class='ocr_line' id='line_1_21' title="bbox 202 1629 861 1671; baseline 0 -12"><span class='ocrx_word' id='word_1_111' title='bbox 202 1634 345 1671; x_wconf 75' lang='lat' dir='ltr'>potentes</span> <span class='ocrx_word' id='word_1_112' title='bbox 369 1629 412 1660; x_wconf 90' lang='lat' dir='ltr'>sol</span> <span class='ocrx_word' id='word_1_113' title='bbox 436 1639 453 1660; x_wconf 89' lang='lat' dir='ltr'>e</span> <span class='ocrx_word' id='word_1_114' title='bbox 474 1635 556 1660; x_wconf 86' lang='lat' dir='ltr'>terra</span> <span class='ocrx_word' id='word_1_115' title='bbox 575 1629 671 1660; x_wconf 85' lang='lat' dir='ltr'>elicit.</span> <span class='ocrx_word' id='word_1_116' title='bbox 710 1630 861 1665; x_wconf 78' lang='lat' dir='ltr'>Potentia,</span> 
     </span>
     <span class='ocr_line' id='line_1_22' title="bbox 202 1677 863 1720; baseline 0.003 -12"><span class='ocrx_word' id='word_1_117' title='bbox 202 1677 259 1714; x_wconf 87' lang='lat' dir='ltr'>vis,</span> <span class='ocrx_word' id='word_1_118' title='bbox 287 1678 438 1709; x_wconf 83' lang='lat' dir='ltr'>efficacia.</span> <span class='ocrx_word' id='word_1_119' title='bbox 484 1679 573 1720; x_wconf 77' lang='lat' dir='ltr'>Virg.</span> <span class='ocrx_word' id='word_1_120' title='bbox 601 1679 677 1709; x_wconf 86' lang='lat' dir='ltr'>AEn.</span> <span class='ocrx_word' id='word_1_121' title='bbox 708 1679 762 1709; x_wconf 83' lang='lat' dir='ltr'>xii.</span> <span class='ocrx_word' id='word_1_122' title='bbox 789 1680 863 1710; x_wconf 89' lang='grc'><strong>396.</strong></span> 
     </span>
     <span class='ocr_line' id='line_1_23' title="bbox 200 1727 860 1767; baseline 0.002 -10"><span class='ocrx_word' id='word_1_123' title='bbox 200 1729 276 1758; x_wconf 79' lang='lat' dir='ltr'>scire</span> <span class='ocrx_word' id='word_1_124' title='bbox 298 1733 455 1767; x_wconf 76' lang='lat' dir='ltr'>potestates</span> <span class='ocrx_word' id='word_1_125' title='bbox 484 1728 654 1764; x_wconf 73' lang='lat' dir='ltr'>herbarum,</span> <span class='ocrx_word' id='word_1_126' title='bbox 678 1733 709 1758; x_wconf 88' lang='lat' dir='ltr'>et</span> <span class='ocrx_word' id='word_1_127' title='bbox 736 1727 788 1758; x_wconf 90' lang='lat' dir='ltr'>vii.</span> <span class='ocrx_word' id='word_1_128' title='bbox 811 1729 860 1759; x_wconf 91' lang='lat'>19.</span> 
     </span>
     <span class='ocr_line' id='line_1_24' title="bbox 197 1777 859 1815; baseline 0.003 -9"><span class='ocrx_word' id='word_1_129' title='bbox 197 1783 331 1815; x_wconf 83' lang='lat' dir='ltr'>potentes</span> <span class='ocrx_word' id='word_1_130' title='bbox 341 1777 447 1807; x_wconf 77' lang='lat' dir='ltr'>herbae.</span> <span class='ocrx_word' id='word_1_131' title='bbox 480 1777 582 1808; x_wconf 85' lang='lat' dir='ltr'>Fortes</span> <span class='ocrx_word' id='word_1_132' title='bbox 597 1777 701 1813; x_wconf 67' lang='lat' dir='ltr'>herbae,</span> <span class='ocrx_word' id='word_1_133' title='bbox 714 1777 793 1807; x_wconf 89' lang='lat' dir='ltr'>infra</span> <span class='ocrx_word' id='word_1_134' title='bbox 805 1788 859 1808; x_wconf 85' lang='lat' dir='ltr'>xv.</span> 
     </span>
     <span class='ocr_line' id='line_1_25' title="bbox 203 1826 278 1856; baseline 0.013 -1"><span class='ocrx_word' id='word_1_135' title='bbox 203 1826 278 1856; x_wconf 88' lang='grc'><strong>534.</strong></span> 
     </span>
    </p>

    <p class='ocr_par' dir='ltr' id='par_1_10' title="bbox 199 1874 864 2359">
     <span class='ocr_line' id='line_1_26' title="bbox 245 1874 859 1915; baseline 0.002 -10"><span class='ocrx_word' id='word_1_136' title='bbox 245 1876 319 1906; x_wconf 87' lang='grc'><strong>523.</strong></span> <span class='ocrx_word' id='word_1_137' title='bbox 337 1874 423 1909; x_wconf 85' lang='lat' dir='ltr'>Quod</span> <span class='ocrx_word' id='word_1_138' title='bbox 442 1875 544 1911; x_wconf 74' lang='lat' dir='ltr'>nullis,</span> <span class='ocrx_word' id='word_1_139' title='bbox 556 1874 635 1915; x_wconf 89' lang='lat' dir='ltr'>etc.]</span> <span class='ocrx_word' id='word_1_140' title='bbox 656 1874 775 1906; x_wconf 86' lang='lat' dir='ltr'>Eadem</span> <span class='ocrx_word' id='word_1_141' title='bbox 791 1886 859 1906; x_wconf 88' lang='lat' dir='ltr'>sen-</span> 
     </span>
     <span class='ocr_line' id='line_1_27' title="bbox 200 1923 860 1961; baseline 0.002 -7"><span class='ocrx_word' id='word_1_142' title='bbox 200 1923 302 1954; x_wconf 85' lang='lat' dir='ltr'>tentia</span> <span class='ocrx_word' id='word_1_143' title='bbox 317 1924 467 1955; x_wconf 88' lang='lat' dir='ltr'>Heroidd.</span> <span class='ocrx_word' id='word_1_144' title='bbox 483 1936 514 1954; x_wconf 94' lang='lat' dir='ltr'>v.</span> <span class='ocrx_word' id='word_1_145' title='bbox 534 1925 594 1955; x_wconf 84' lang='lat'>149</span> <span class='ocrx_word' id='word_1_146' title='bbox 609 1936 615 1953; x_wconf 87' lang='lat'>:</span> <span class='ocrx_word' id='word_1_147' title='bbox 643 1925 695 1954; x_wconf 82' lang='lat' dir='ltr'>Me</span> <span class='ocrx_word' id='word_1_148' title='bbox 713 1926 860 1961; x_wconf 80' lang='lat' dir='ltr'>miseram,</span> 
     </span>
     <span class='ocr_line' id='line_1_28' title="bbox 199 1975 860 2013; baseline 0.002 -9"><span class='ocrx_word' id='word_1_149' title='bbox 199 1975 278 2013; x_wconf 82' lang='lat' dir='ltr'>quod</span> <span class='ocrx_word' id='word_1_150' title='bbox 302 1985 384 2004; x_wconf 79' lang='lat' dir='ltr'>amor</span> <span class='ocrx_word' id='word_1_151' title='bbox 405 1985 465 2004; x_wconf 79' lang='lat' dir='ltr'>non</span> <span class='ocrx_word' id='word_1_152' title='bbox 486 1980 527 2004; x_wconf 81' lang='lat' dir='ltr'>est</span> <span class='ocrx_word' id='word_1_153' title='bbox 550 1975 732 2004; x_wconf 78' lang='lat' dir='ltr'>medicabilis</span> <span class='ocrx_word' id='word_1_154' title='bbox 754 1975 860 2006; x_wconf 78' lang='lat' dir='ltr'>herbis.</span> 
     </span>
     <span class='ocr_line' id='line_1_29' title="bbox 200 2022 862 2056; baseline 0.003 -3"><span class='ocrx_word' id='word_1_155' title='bbox 200 2022 331 2053; x_wconf 86' lang='lat' dir='ltr'>Effinxit</span> <span class='ocrx_word' id='word_1_156' title='bbox 355 2028 460 2054; x_wconf 83' lang='lat' dir='ltr'>autem</span> <span class='ocrx_word' id='word_1_157' title='bbox 479 2023 586 2054; x_wconf 89' lang='lat' dir='ltr'>Tibul.</span> <span class='ocrx_word' id='word_1_158' title='bbox 606 2023 654 2053; x_wconf 89' lang='lat' dir='ltr'>II.</span> <span class='ocrx_word' id='word_1_159' title='bbox 678 2023 724 2054; x_wconf 90' lang='lat' dir='ltr'>iii.</span> <span class='ocrx_word' id='word_1_160' title='bbox 751 2025 800 2054; x_wconf 86' lang='lat'>12.</span> <span class='ocrx_word' id='word_1_161' title='bbox 823 2024 862 2056; x_wconf 87' lang='lat' dir='ltr'>de</span> 
     </span>
     <span class='ocr_line' id='line_1_30' title="bbox 201 2071 864 2114; baseline 0.005 -13"><span class='ocrx_word' id='word_1_162' title='bbox 201 2071 349 2114; x_wconf 87' lang='lat' dir='ltr'>Apolline</span> <span class='ocrx_word' id='word_1_163' title='bbox 379 2078 522 2104; x_wconf 88' lang='lat' dir='ltr'>amante:</span> <span class='ocrx_word' id='word_1_164' title='bbox 559 2073 622 2103; x_wconf 88' lang='lat' dir='ltr'>Nec</span> <span class='ocrx_word' id='word_1_165' title='bbox 649 2075 746 2112; x_wconf 79' lang='lat' dir='ltr'>potuit</span> <span class='ocrx_word' id='word_1_166' title='bbox 775 2084 864 2104; x_wconf 80' lang='lat' dir='ltr'>curas</span> 
     </span>
     <span class='ocr_line' id='line_1_31' title="bbox 200 2121 861 2162; baseline 0.002 -11"><span class='ocrx_word' id='word_1_167' title='bbox 200 2131 308 2152; x_wconf 84' lang='lat' dir='ltr'>sanare</span> <span class='ocrx_word' id='word_1_168' title='bbox 323 2122 491 2151; x_wconf 82' lang='lat' dir='ltr'>salubribus</span> <span class='ocrx_word' id='word_1_169' title='bbox 506 2122 613 2158; x_wconf 79' lang='lat' dir='ltr'>herbis,</span> <span class='ocrx_word' id='word_1_170' title='bbox 628 2121 784 2162; x_wconf 78' lang='lat' dir='ltr'>Quidquid</span> <span class='ocrx_word' id='word_1_171' title='bbox 797 2129 861 2152; x_wconf 80' lang='lat' dir='ltr'>erat</span> 
     </span>
     <span class='ocr_line' id='line_1_32' title="bbox 200 2170 863 2212; baseline 0.005 -13"><span class='ocrx_word' id='word_1_172' title='bbox 200 2171 329 2206; x_wconf 77' lang='lat' dir='ltr'>medicae,</span> <span class='ocrx_word' id='word_1_173' title='bbox 351 2173 475 2206; x_wconf 70' lang='lat' dir='ltr'>vicerat,</span> <span class='ocrx_word' id='word_1_174' title='bbox 498 2172 584 2207; x_wconf 74' lang='lat' dir='ltr'>artis,</span> <span class='ocrx_word' id='word_1_175' title='bbox 602 2181 692 2201; x_wconf 82' lang='lat' dir='ltr'>amor.</span> <span class='ocrx_word' id='word_1_176' title='bbox 724 2170 863 2212; x_wconf 87' lang='lat' dir='ltr'>Propert.</span> 
     </span>
     <span class='ocr_line' id='line_1_33' title="bbox 201 2219 861 2251; baseline 0.003 -2"><span class='ocrx_word' id='word_1_177' title='bbox 201 2219 246 2250; x_wconf 94' lang='lat' dir='ltr'>II.</span> <span class='ocrx_word' id='word_1_178' title='bbox 268 2219 291 2250; x_wconf 83' lang='lat' dir='ltr'>i.</span> <span class='ocrx_word' id='word_1_179' title='bbox 314 2221 373 2251; x_wconf 84' lang='lat'>59:</span> <span class='ocrx_word' id='word_1_180' title='bbox 402 2220 509 2250; x_wconf 82' lang='lat' dir='ltr'>Omnes</span> <span class='ocrx_word' id='word_1_181' title='bbox 533 2221 675 2251; x_wconf 78' lang='lat' dir='ltr'>humanos</span> <span class='ocrx_word' id='word_1_182' title='bbox 696 2226 783 2251; x_wconf 77' lang='lat' dir='ltr'>sanat</span> <span class='ocrx_word' id='word_1_183' title='bbox 802 2231 861 2251; x_wconf 86' lang='lat' dir='ltr'>me-</span> 
     </span>
     <span class='ocr_line' id='line_1_34' title="bbox 201 2269 863 2300; baseline 0.003 -2"><span class='ocrx_word' id='word_1_184' title='bbox 201 2269 304 2299; x_wconf 80' lang='lat' dir='ltr'>dicina</span> <span class='ocrx_word' id='word_1_185' title='bbox 324 2271 456 2300; x_wconf 66' lang='lat' dir='ltr'>dolores:</span> <span class='ocrx_word' id='word_1_186' title='bbox 480 2269 566 2300; x_wconf 80' lang='lat' dir='ltr'>Solus</span> <span class='ocrx_word' id='word_1_187' title='bbox 588 2281 670 2300; x_wconf 82' lang='lat' dir='ltr'>amor</span> <span class='ocrx_word' id='word_1_188' title='bbox 691 2271 784 2300; x_wconf 79' lang='lat' dir='ltr'>morbi</span> <span class='ocrx_word' id='word_1_189' title='bbox 804 2281 863 2300; x_wconf 82' lang='lat' dir='ltr'>non</span> 
     </span>
     <span class='ocr_line' id='line_1_35' title="bbox 203 2319 456 2359; baseline 0.008 -12"><span class='ocrx_word' id='word_1_190' title='bbox 203 2324 284 2347; x_wconf 79' lang='lat' dir='ltr'>amat</span> <span class='ocrx_word' id='word_1_191' title='bbox 299 2319 456 2359; x_wconf 69' lang='lat' dir='ltr'>artificem.</span> 
     </span>
    </p>

    <p class='ocr_par' dir='ltr' id='par_1_11' title="bbox 201 2366 862 2506">
     <span class='ocr_line' id='line_1_36' title="bbox 244 2366 862 2408; baseline 0.002 -11"><span class='ocrx_word' id='word_1_192' title='bbox 244 2368 318 2397; x_wconf 86' lang='lat'>524.</span> <span class='ocrx_word' id='word_1_193' title='bbox 339 2369 481 2399; x_wconf 78' lang='lat' dir='ltr'>Dominus</span> <span class='ocrx_word' id='word_1_194' title='bbox 504 2366 590 2402; x_wconf 80' lang='lat' dir='ltr'>artis,</span> <span class='ocrx_word' id='word_1_195' title='bbox 609 2366 662 2408; x_wconf 87' lang='lat' dir='ltr'>qui</span> <span class='ocrx_word' id='word_1_196' title='bbox 685 2376 754 2397; x_wconf 87' lang='lat' dir='ltr'>eam</span> <span class='ocrx_word' id='word_1_197' title='bbox 775 2377 862 2398; x_wconf 88' lang='lat' dir='ltr'>exer—</span> 
     </span>
     <span class='ocr_line' id='line_1_37' title="bbox 202 2414 862 2458; baseline 0.005 -13"><span class='ocrx_word' id='word_1_198' title='bbox 202 2420 263 2452; x_wconf 85' lang='lat' dir='ltr'>cet,</span> <span class='ocrx_word' id='word_1_199' title='bbox 277 2415 342 2446; x_wconf 85' lang='lat' dir='ltr'>xiii.</span> <span class='ocrx_word' id='word_1_200' title='bbox 360 2417 434 2446; x_wconf 87' lang='lat'>138.</span> <span class='ocrx_word' id='word_1_201' title='bbox 466 2414 614 2447; x_wconf 81' lang='lat' dir='ltr'>Similiter</span> <span class='ocrx_word' id='word_1_202' title='bbox 631 2416 692 2446; x_wconf 89' lang='lat' dir='ltr'>fere</span> <span class='ocrx_word' id='word_1_203' title='bbox 709 2415 862 2458; x_wconf 83' lang='grc' dir='ltr'>κοίρανος</span> 
     </span>
     <span class='ocr_line' id='line_1_38' title="bbox 201 2463 718 2506; baseline 0 -10"><span class='ocrx_word' id='word_1_204' title='bbox 201 2463 332 2506; x_wconf 75' lang='grc' dir='ltr'>τέχνης,</span> <span class='ocrx_word' id='word_1_205' title='bbox 348 2464 467 2496; x_wconf 87' lang='lat' dir='ltr'>Anacr.</span> <span class='ocrx_word' id='word_1_206' title='bbox 485 2465 548 2496; x_wconf 86' lang='lat' dir='ltr'>od.</span> <span class='ocrx_word' id='word_1_207' title='bbox 563 2465 674 2496; x_wconf 89' lang='lat' dir='ltr'>xxviii.</span> <span class='ocrx_word' id='word_1_208' title='bbox 688 2466 718 2496; x_wconf 90' lang='lat'>3.</span> 
     </span>
    </p>

    <p class='ocr_par' dir='ltr' id='par_1_12' title="bbox 190 2514 863 2790">
     <span class='ocr_line' id='line_1_39' title="bbox 246 2514 862 2557; baseline 0 -12"><span class='ocrx_word' id='word_1_209' title='bbox 246 2516 322 2545; x_wconf 76' lang='lat'>525.</span> <span class='ocrx_word' id='word_1_210' title='bbox 345 2514 460 2546; x_wconf 80' lang='lat' dir='ltr'>Timido</span> <span class='ocrx_word' id='word_1_211' title='bbox 484 2526 575 2546; x_wconf 77' lang='lat' dir='ltr'>cursu</span> <span class='ocrx_word' id='word_1_212' title='bbox 602 2521 655 2546; x_wconf 83' lang='lat' dir='ltr'>aut</span> <span class='ocrx_word' id='word_1_213' title='bbox 675 2517 748 2555; x_wconf 78' lang='lat' dir='ltr'>pede</span> <span class='ocrx_word' id='word_1_214' title='bbox 772 2515 862 2557; x_wconf 85' lang='lat' dir='ltr'>fugit,</span> 
     </span>
     <span class='ocr_line' id='line_1_40' title="bbox 203 2562 863 2605; baseline 0.005 -12"><span class='ocrx_word' id='word_1_215' title='bbox 203 2562 257 2605; x_wconf 91' lang='lat' dir='ltr'>qui</span> <span class='ocrx_word' id='word_1_216' title='bbox 277 2574 339 2605; x_wconf 83' lang='lat' dir='ltr'>prae</span> <span class='ocrx_word' id='word_1_217' title='bbox 355 2569 440 2595; x_wconf 91' lang='lat' dir='ltr'>metu</span> <span class='ocrx_word' id='word_1_218' title='bbox 461 2563 601 2595; x_wconf 87' lang='lat' dir='ltr'>celeriter</span> <span class='ocrx_word' id='word_1_219' title='bbox 622 2564 737 2602; x_wconf 82' lang='lat' dir='ltr'>currit3</span> <span class='ocrx_word' id='word_1_220' title='bbox 762 2570 863 2596; x_wconf 84' lang='lat' dir='ltr'>metus</span> 
     </span>
     <span class='ocr_line' id='line_1_41' title="bbox 203 2611 863 2653; baseline 0.003 -11"><span class='ocrx_word' id='word_1_221' title='bbox 203 2611 286 2642; x_wconf 90' lang='lat' dir='ltr'>enim</span> <span class='ocrx_word' id='word_1_222' title='bbox 309 2611 364 2643; x_wconf 86' lang='lat' dir='ltr'>dat</span> <span class='ocrx_word' id='word_1_223' title='bbox 392 2612 593 2644; x_wconf 85' lang='lat' dir='ltr'>celeritatem.</span> <span class='ocrx_word' id='word_1_224' title='bbox 638 2613 689 2644; x_wconf 89' lang='lat' dir='ltr'>Sic</span> <span class='ocrx_word' id='word_1_225' title='bbox 715 2620 743 2643; x_wconf 81' lang='lat' dir='ltr'>et</span> <span class='ocrx_word' id='word_1_226' title='bbox 768 2615 863 2653; x_wconf 81' lang='lat' dir='ltr'>ipsum</span> 
     </span>
     <span class='ocr_line' id='line_1_42' title="bbox 203 2661 859 2703; baseline 0.003 -13"><span class='ocrx_word' id='word_1_227' title='bbox 203 2667 271 2702; x_wconf 88' lang='lat' dir='ltr'>post</span> <span class='ocrx_word' id='word_1_228' title='bbox 306 2672 338 2691; x_wconf 86' lang='lat' dir='ltr'>se</span> <span class='ocrx_word' id='word_1_229' title='bbox 371 2661 529 2703; x_wconf 84' lang='lat' dir='ltr'>relinquit,</span> <span class='ocrx_word' id='word_1_230' title='bbox 566 2668 598 2693; x_wconf 88' lang='lat' dir='ltr'>et</span> <span class='ocrx_word' id='word_1_231' title='bbox 633 2664 719 2693; x_wconf 81' lang='lat' dir='ltr'>verba</span> <span class='ocrx_word' id='word_1_232' title='bbox 754 2664 859 2702; x_wconf 77' lang='lat' dir='ltr'>imper-</span> 
     </span>
     <span class='ocr_line' id='line_1_43' title="bbox 190 2709 860 2753; baseline 0.006 -14"><span class='ocrx_word' id='word_1_233' title='bbox 190 2709 293 2749; x_wconf 80' lang='lat' dir='ltr'>fecta,</span> <span class='ocrx_word' id='word_1_234' title='bbox 318 2710 488 2742; x_wconf 83' lang='lat' dir='ltr'>orationem</span> <span class='ocrx_word' id='word_1_235' title='bbox 517 2711 584 2753; x_wconf 85' lang='lat' dir='ltr'>ejus</span> <span class='ocrx_word' id='word_1_236' title='bbox 613 2712 750 2742; x_wconf 85' lang='lat' dir='ltr'>nondum</span> <span class='ocrx_word' id='word_1_237' title='bbox 774 2712 860 2743; x_wconf 86' lang='lat' dir='ltr'>abso-</span> 
     </span>
     <span class='ocr_line' id='line_1_44' title="bbox 202 2758 314 2790; baseline 0.018 -2"><span class='ocrx_word' id='word_1_238' title='bbox 202 2758 314 2790; x_wconf 85' lang='lat' dir='ltr'>lutam.</span> 
     </span>
    </p>
   </div>
   <div class='ocr_carea' id='block_1_8' title="bbox 926 1285 1593 2794">
    <p class='ocr_par' dir='ltr' id='par_1_13' title="bbox 930 1285 1593 1612">
     <span class='ocr_line' id='line_1_45' title="bbox 974 1285 1593 1326; baseline -0.003 -9"><span class='ocrx_word' id='word_1_239' title='bbox 974 1287 1047 1317; x_wconf 76' lang='lat'>527.</span> <span class='ocrx_word' id='word_1_240' title='bbox 1060 1286 1227 1317; x_wconf 76' lang='lat' dir='ltr'>Nudabant</span> <span class='ocrx_word' id='word_1_241' title='bbox 1237 1297 1370 1326; x_wconf 82' lang='lat' dir='ltr'>corpora,</span> <span class='ocrx_word' id='word_1_242' title='bbox 1380 1285 1457 1326; x_wconf 85' lang='lat' dir='ltr'>etc.]</span> <span class='ocrx_word' id='word_1_243' title='bbox 1472 1285 1593 1326; x_wconf 66' lang='lat' dir='ltr'>RIagna</span> 
     </span>
     <span class='ocr_line' id='line_1_46' title="bbox 931 1334 1588 1376; baseline -0.002 -11"><span class='ocrx_word' id='word_1_244' title='bbox 931 1335 1009 1371; x_wconf 79' lang='lat' dir='ltr'>laus,</span> <span class='ocrx_word' id='word_1_245' title='bbox 1025 1335 1050 1365; x_wconf 84' lang='lat' dir='ltr'>si</span> <span class='ocrx_word' id='word_1_246' title='bbox 1066 1346 1159 1376; x_wconf 87' lang='lat' dir='ltr'>quem</span> <span class='ocrx_word' id='word_1_247' title='bbox 1176 1335 1281 1366; x_wconf 91' lang='lat' dir='ltr'>omnia</span> <span class='ocrx_word' id='word_1_248' title='bbox 1295 1335 1428 1366; x_wconf 86' lang='lat' dir='ltr'>decent:</span> <span class='ocrx_word' id='word_1_249' title='bbox 1445 1334 1509 1364; x_wconf 91' lang='lat' dir='ltr'>viii.</span> <span class='ocrx_word' id='word_1_250' title='bbox 1524 1335 1566 1365; x_wconf 82' lang='lat'>25</span> <span class='ocrx_word' id='word_1_251' title='bbox 1580 1346 1588 1373; x_wconf 81' lang='lat'><em>3</em></span> 
     </span>
     <span class='ocr_line' id='line_1_47' title="bbox 931 1383 1589 1426; baseline -0.002 -11"><span class='ocrx_word' id='word_1_252' title='bbox 931 1395 964 1415; x_wconf 87' lang='lat' dir='ltr'>x.</span> <span class='ocrx_word' id='word_1_253' title='bbox 991 1386 1065 1416; x_wconf 82' lang='lat'>590.</span> <span class='ocrx_word' id='word_1_254' title='bbox 1109 1385 1257 1426; x_wconf 83' lang='lat' dir='ltr'>Sequitur</span> <span class='ocrx_word' id='word_1_255' title='bbox 1293 1384 1380 1415; x_wconf 92' lang='lat' dir='ltr'>aliud</span> <span class='ocrx_word' id='word_1_256' title='bbox 1411 1383 1589 1426; x_wconf 80' lang='lat' dir='ltr'>exemplum</span> 
     </span>
     <span class='ocr_line' id='line_1_48' title="bbox 931 1433 1590 1475; baseline 0 -11"><span class='ocrx_word' id='word_1_257' title='bbox 931 1434 1104 1475; x_wconf 86' lang='lat' dir='ltr'>phantasiae</span> <span class='ocrx_word' id='word_1_258' title='bbox 1123 1433 1299 1465; x_wconf 83' lang='lat' dir='ltr'>Ovidianae.</span> <span class='ocrx_word' id='word_1_259' title='bbox 1328 1434 1490 1465; x_wconf 87' lang='lat' dir='ltr'>Venantes</span> <span class='ocrx_word' id='word_1_260' title='bbox 1506 1439 1590 1464; x_wconf 89' lang='lat' dir='ltr'>veste</span> 
     </span>
     <span class='ocr_line' id='line_1_49' title="bbox 930 1483 1588 1524; baseline 0 -11"><span class='ocrx_word' id='word_1_261' title='bbox 930 1483 1016 1514; x_wconf 89' lang='lat' dir='ltr'>brevi</span> <span class='ocrx_word' id='word_1_262' title='bbox 1042 1493 1136 1524; x_wconf 84' lang='lat' dir='ltr'>supra</span> <span class='ocrx_word' id='word_1_263' title='bbox 1169 1493 1252 1524; x_wconf 88' lang='lat' dir='ltr'>genu</span> <span class='ocrx_word' id='word_1_264' title='bbox 1283 1483 1449 1514; x_wconf 70' lang='lat' dir='ltr'>succincta:</span> <span class='ocrx_word' id='word_1_265' title='bbox 1476 1488 1588 1513; x_wconf 87' lang='lat' dir='ltr'>eraut:</span> 
     </span>
     <span class='ocr_line' id='line_1_50' title="bbox 931 1531 1590 1574; baseline 0 -12"><span class='ocrx_word' id='word_1_266' title='bbox 931 1531 1023 1572; x_wconf 78' lang='lat' dir='ltr'>Virg.</span> <span class='ocrx_word' id='word_1_267' title='bbox 1051 1532 1129 1562; x_wconf 85' lang='lat' dir='ltr'>AEn.</span> <span class='ocrx_word' id='word_1_268' title='bbox 1155 1531 1176 1562; x_wconf 91' lang='lat' dir='ltr'>i.</span> <span class='ocrx_word' id='word_1_269' title='bbox 1203 1533 1276 1562; x_wconf 82' lang='lat'>320.</span> <span class='ocrx_word' id='word_1_270' title='bbox 1313 1531 1390 1562; x_wconf 84' lang='lat' dir='ltr'>Vid.</span> <span class='ocrx_word' id='word_1_271' title='bbox 1422 1531 1590 1574; x_wconf 88' lang='lat' dir='ltr'>Spanhem.</span> 
     </span>
     <span class='ocr_line' id='line_1_51' title="bbox 931 1580 1409 1612; baseline 0 -1"><span class='ocrx_word' id='word_1_272' title='bbox 931 1580 971 1611; x_wconf 90' lang='lat' dir='ltr'>ad</span> <span class='ocrx_word' id='word_1_273' title='bbox 988 1581 1113 1612; x_wconf 89' lang='lat' dir='ltr'>Callim.</span> <span class='ocrx_word' id='word_1_274' title='bbox 1130 1580 1161 1611; x_wconf 93' lang='lat' dir='ltr'>h.</span> <span class='ocrx_word' id='word_1_275' title='bbox 1175 1581 1272 1612; x_wconf 87' lang='lat' dir='ltr'>Dian.</span> <span class='ocrx_word' id='word_1_276' title='bbox 1286 1581 1320 1612; x_wconf 92' lang='lat' dir='ltr'>ii.</span> <span class='ocrx_word' id='word_1_277' title='bbox 1334 1582 1409 1611; x_wconf 86' lang='lat'>212.</span> 
     </span>
    </p>

    <p class='ocr_par' dir='ltr' id='par_1_14' title="bbox 927 1629 1590 2166">
     <span class='ocr_line' id='line_1_52' title="bbox 973 1629 1589 1670; baseline -0.002 -9"><span class='ocrx_word' id='word_1_278' title='bbox 973 1631 1049 1661; x_wconf 85' lang='lat'>528.</span> <span class='ocrx_word' id='word_1_279' title='bbox 1075 1630 1383 1670; x_wconf 64' lang='lat' dir='ltr'>Adversas—vestes]</span> <span class='ocrx_word' id='word_1_280' title='bbox 1412 1630 1478 1660; x_wconf 87' lang='lat' dir='ltr'>Has</span> <span class='ocrx_word' id='word_1_281' title='bbox 1503 1629 1589 1661; x_wconf 89' lang='lat' dir='ltr'>venti</span> 
     </span>
     <span class='ocr_line' id='line_1_53' title="bbox 930 1678 1588 1720; baseline 0 -11"><span class='ocrx_word' id='word_1_282' title='bbox 930 1680 1106 1715; x_wconf 76' lang='lat' dir='ltr'>vibrabant5</span> <span class='ocrx_word' id='word_1_283' title='bbox 1133 1689 1195 1719; x_wconf 87' lang='lat' dir='ltr'>quo</span> <span class='ocrx_word' id='word_1_284' title='bbox 1219 1680 1314 1709; x_wconf 88' lang='lat' dir='ltr'>verbo</span> <span class='ocrx_word' id='word_1_285' title='bbox 1341 1678 1495 1720; x_wconf 85' lang='lat' dir='ltr'>exquisito</span> <span class='ocrx_word' id='word_1_286' title='bbox 1521 1679 1588 1720; x_wconf 84' lang='lat' dir='ltr'>pin—</span> 
     </span>
     <span class='ocr_line' id='line_1_54' title="bbox 929 1727 1590 1769; baseline 0.002 -11"><span class='ocrx_word' id='word_1_287' title='bbox 929 1733 1044 1768; x_wconf 85' lang='lat' dir='ltr'>guntur</span> <span class='ocrx_word' id='word_1_288' title='bbox 1059 1727 1135 1758; x_wconf 87' lang='lat' dir='ltr'>varii</span> <span class='ocrx_word' id='word_1_289' title='bbox 1156 1733 1258 1758; x_wconf 88' lang='lat' dir='ltr'>motus</span> <span class='ocrx_word' id='word_1_290' title='bbox 1272 1727 1378 1763; x_wconf 79' lang='lat' dir='ltr'>vestis,</span> <span class='ocrx_word' id='word_1_291' title='bbox 1395 1738 1491 1769; x_wconf 92' lang='lat' dir='ltr'>quum</span> <span class='ocrx_word' id='word_1_292' title='bbox 1507 1738 1590 1759; x_wconf 85' lang='lat' dir='ltr'>nunc</span> 
     </span>
     <span class='ocr_line' id='line_1_55' title="bbox 927 1776 1589 1820; baseline 0.005 -14"><span class='ocrx_word' id='word_1_293' title='bbox 927 1787 1049 1808; x_wconf 85' lang='lat' dir='ltr'>sursum</span> <span class='ocrx_word' id='word_1_294' title='bbox 1075 1776 1258 1818; x_wconf 83' lang='lat' dir='ltr'>agitaretur,</span> <span class='ocrx_word' id='word_1_295' title='bbox 1286 1787 1369 1808; x_wconf 88' lang='lat' dir='ltr'>nunc</span> <span class='ocrx_word' id='word_1_296' title='bbox 1397 1778 1589 1820; x_wconf 88' lang='lat' dir='ltr'>expandere-</span> 
     </span>
     <span class='ocr_line' id='line_1_56' title="bbox 927 1826 1590 1863; baseline 0.003 -7"><span class='ocrx_word' id='word_1_297' title='bbox 927 1831 987 1863; x_wconf 88' lang='lat' dir='ltr'>tur,</span> <span class='ocrx_word' id='word_1_298' title='bbox 1013 1837 1096 1857; x_wconf 87' lang='lat' dir='ltr'>nunc</span> <span class='ocrx_word' id='word_1_299' title='bbox 1124 1832 1204 1857; x_wconf 87' lang='lat' dir='ltr'>retro</span> <span class='ocrx_word' id='word_1_300' title='bbox 1229 1826 1348 1858; x_wconf 85' lang='lat' dir='ltr'>flueret.</span> <span class='ocrx_word' id='word_1_301' title='bbox 1391 1826 1465 1857; x_wconf 88' lang='lat' dir='ltr'>Pari</span> <span class='ocrx_word' id='word_1_302' title='bbox 1491 1837 1590 1858; x_wconf 86' lang='lat' dir='ltr'>venu-</span> 
     </span>
     <span class='ocr_line' id='line_1_57' title="bbox 927 1875 1588 1918; baseline 0.002 -12"><span class='ocrx_word' id='word_1_303' title='bbox 927 1882 1018 1912; x_wconf 89' lang='lat' dir='ltr'>state,</span> <span class='ocrx_word' id='word_1_304' title='bbox 1033 1875 1068 1906; x_wconf 77' lang='lat' dir='ltr'>ii.</span> <span class='ocrx_word' id='word_1_305' title='bbox 1085 1877 1165 1906; x_wconf 87' lang='lat'>875:</span> <span class='ocrx_word' id='word_1_306' title='bbox 1192 1877 1324 1906; x_wconf 78' lang='lat' dir='ltr'>tremulae</span> <span class='ocrx_word' id='word_1_307' title='bbox 1344 1878 1511 1906; x_wconf 77' lang='lat' dir='ltr'>sinuantur</span> <span class='ocrx_word' id='word_1_308' title='bbox 1521 1877 1588 1918; x_wconf 81' lang='lat' dir='ltr'>fla-</span> 
     </span>
     <span class='ocr_line' id='line_1_58' title="bbox 928 1925 1589 1964; baseline 0.005 -10"><span class='ocrx_word' id='word_1_309' title='bbox 928 1926 1007 1955; x_wconf 78' lang='lat' dir='ltr'>mine</span> <span class='ocrx_word' id='word_1_310' title='bbox 1030 1931 1129 1955; x_wconf 76' lang='lat' dir='ltr'>vestes.</span> <span class='ocrx_word' id='word_1_311' title='bbox 1166 1925 1216 1956; x_wconf 87' lang='lat' dir='ltr'>Cf.</span> <span class='ocrx_word' id='word_1_312' title='bbox 1233 1931 1263 1956; x_wconf 87' lang='lat' dir='ltr'>et</span> <span class='ocrx_word' id='word_1_313' title='bbox 1278 1925 1319 1955; x_wconf 84' lang='lat' dir='ltr'>xi.</span> <span class='ocrx_word' id='word_1_314' title='bbox 1335 1925 1418 1964; x_wconf 70' lang='lat'>4705</span> <span class='ocrx_word' id='word_1_315' title='bbox 1443 1926 1528 1957; x_wconf 89' lang='lat' dir='ltr'>Fast.</span> <span class='ocrx_word' id='word_1_316' title='bbox 1543 1925 1589 1957; x_wconf 92' lang='lat' dir='ltr'>iii.</span> 
     </span>
     <span class='ocr_line' id='line_1_59' title="bbox 927 1974 1590 2016; baseline 0.002 -12"><span class='ocrx_word' id='word_1_317' title='bbox 927 1975 1002 2005; x_wconf 87' lang='lat'>585.</span> <span class='ocrx_word' id='word_1_318' title='bbox 1039 1974 1145 2004; x_wconf 86' lang='lat' dir='ltr'>Verba</span> <span class='ocrx_word' id='word_1_319' title='bbox 1165 1975 1247 2004; x_wconf 79' lang='lat' dir='ltr'>obvia</span> <span class='ocrx_word' id='word_1_320' title='bbox 1271 1980 1302 2005; x_wconf 87' lang='lat' dir='ltr'>et</span> <span class='ocrx_word' id='word_1_321' title='bbox 1324 1976 1474 2010; x_wconf 71' lang='lat' dir='ltr'>adversas,</span> <span class='ocrx_word' id='word_1_322' title='bbox 1489 1974 1590 2016; x_wconf 90' lang='lat' dir='ltr'>pleni·</span> 
     </span>
     <span class='ocr_line' id='line_1_60' title="bbox 929 2021 1589 2061; baseline 0.003 -9"><span class='ocrx_word' id='word_1_323' title='bbox 929 2021 1046 2053; x_wconf 89' lang='lat' dir='ltr'>tudinis</span> <span class='ocrx_word' id='word_1_324' title='bbox 1066 2032 1172 2058; x_wconf 85' lang='lat' dir='ltr'>causa,</span> <span class='ocrx_word' id='word_1_325' title='bbox 1189 2033 1250 2053; x_wconf 87' lang='lat' dir='ltr'>non</span> <span class='ocrx_word' id='word_1_326' title='bbox 1270 2023 1352 2053; x_wconf 88' lang='lat' dir='ltr'>male</span> <span class='ocrx_word' id='word_1_327' title='bbox 1372 2023 1481 2054; x_wconf 84' lang='lat' dir='ltr'>addita</span> <span class='ocrx_word' id='word_1_328' title='bbox 1498 2035 1507 2061; x_wconf 72' lang='lat'>5</span> <span class='ocrx_word' id='word_1_329' title='bbox 1532 2023 1589 2054; x_wconf 89' lang='lat' dir='ltr'>sed</span> 
     </span>
     <span class='ocr_line' id='line_1_61' title="bbox 928 2071 1589 2113; baseline 0.002 -11"><span class='ocrx_word' id='word_1_330' title='bbox 928 2071 1031 2102; x_wconf 87' lang='lat' dir='ltr'>minus</span> <span class='ocrx_word' id='word_1_331' title='bbox 1051 2071 1213 2113; x_wconf 88' lang='lat' dir='ltr'>probanda</span> <span class='ocrx_word' id='word_1_332' title='bbox 1234 2071 1404 2103; x_wconf 90' lang='lat' dir='ltr'>cumulatio</span> <span class='ocrx_word' id='word_1_333' title='bbox 1425 2072 1589 2103; x_wconf 90' lang='lat' dir='ltr'>verborum</span> 
     </span>
     <span class='ocr_line' id='line_1_62' title="bbox 930 2122 1348 2166; baseline 0.002 -15"><span class='ocrx_word' id='word_1_334' title='bbox 930 2122 1173 2163; x_wconf 83' lang='lat' dir='ltr'>venti,flamina,</span> <span class='ocrx_word' id='word_1_335' title='bbox 1189 2132 1280 2152; x_wconf 80' lang='lat' dir='ltr'>aura.</span> <span class='ocrx_word' id='word_1_336' title='bbox 1343 2162 1348 2166; x_wconf 42' lang='grc'><em>“</em></span> 
     </span>
    </p>

    <p class='ocr_par' dir='ltr' id='par_1_15' title="bbox 930 2170 1591 2350">
     <span class='ocr_line' id='line_1_63' title="bbox 972 2170 1591 2206; baseline 0 -4"><span class='ocrx_word' id='word_1_337' title='bbox 972 2172 1046 2202; x_wconf 87' lang='grc'><strong>530.</strong></span> <span class='ocrx_word' id='word_1_338' title='bbox 1070 2170 1127 2201; x_wconf 84' lang='lat' dir='ltr'>Sed</span> <span class='ocrx_word' id='word_1_339' title='bbox 1142 2172 1232 2206; x_wconf 81' lang='lat' dir='ltr'>enim,</span> <span class='ocrx_word' id='word_1_340' title='bbox 1249 2177 1281 2202; x_wconf 88' lang='lat' dir='ltr'>at</span> <span class='ocrx_word' id='word_1_341' title='bbox 1298 2181 1380 2202; x_wconf 82' lang='lat' dir='ltr'>vero.</span> <span class='ocrx_word' id='word_1_342' title='bbox 1419 2171 1488 2202; x_wconf 84' lang='lat' dir='ltr'>Non</span> <span class='ocrx_word' id='word_1_343' title='bbox 1502 2175 1591 2202; x_wconf 82' lang='lat' dir='ltr'>susti-</span> 
     </span>
     <span class='ocr_line' id='line_1_64' title="bbox 930 2219 1589 2262; baseline 0.005 -13"><span class='ocrx_word' id='word_1_344' title='bbox 930 2230 999 2250; x_wconf 79' lang='lat' dir='ltr'>nere</span> <span class='ocrx_word' id='word_1_345' title='bbox 1018 2219 1176 2260; x_wconf 85' lang='lat' dir='ltr'>eleganter</span> <span class='ocrx_word' id='word_1_346' title='bbox 1195 2219 1338 2256; x_wconf 89' lang='lat' dir='ltr'>dicimur,</span> <span class='ocrx_word' id='word_1_347' title='bbox 1354 2219 1394 2250; x_wconf 91' lang='lat' dir='ltr'>ad</span> <span class='ocrx_word' id='word_1_348' title='bbox 1410 2231 1479 2262; x_wconf 89' lang='lat' dir='ltr'>quae</span> <span class='ocrx_word' id='word_1_349' title='bbox 1498 2221 1589 2262; x_wconf 89' lang='lat' dir='ltr'>perfi-</span> 
     </span>
     <span class='ocr_line' id='line_1_65' title="bbox 930 2269 1588 2302; baseline 0.003 -2"><span class='ocrx_word' id='word_1_350' title='bbox 930 2269 1043 2300; x_wconf 90' lang='lat' dir='ltr'>cienda</span> <span class='ocrx_word' id='word_1_351' title='bbox 1061 2280 1121 2300; x_wconf 90' lang='lat' dir='ltr'>non</span> <span class='ocrx_word' id='word_1_352' title='bbox 1140 2269 1216 2300; x_wconf 83' lang='lat' dir='ltr'>satis</span> <span class='ocrx_word' id='word_1_353' title='bbox 1231 2270 1281 2300; x_wconf 81' lang='lat' dir='ltr'>vel</span> <span class='ocrx_word' id='word_1_354' title='bbox 1299 2269 1394 2301; x_wconf 89' lang='lat' dir='ltr'>animi</span> <span class='ocrx_word' id='word_1_355' title='bbox 1412 2271 1461 2301; x_wconf 91' lang='lat' dir='ltr'>vel</span> <span class='ocrx_word' id='word_1_356' title='bbox 1478 2271 1588 2302; x_wconf 89' lang='lat' dir='ltr'>volun-</span> 
     </span>
     <span class='ocr_line' id='line_1_66' title="bbox 930 2318 1181 2350; baseline 0.008 -2"><span class='ocrx_word' id='word_1_357' title='bbox 930 2318 1004 2350; x_wconf 87' lang='lat' dir='ltr'>tatis</span> <span class='ocrx_word' id='word_1_358' title='bbox 1020 2319 1181 2350; x_wconf 87' lang='lat' dir='ltr'>habemus.</span> 
     </span>
    </p>

    <p class='ocr_par' dir='ltr' id='par_1_16' title="bbox 926 2367 1591 2794">
     <span class='ocr_line' id='line_1_67' title="bbox 974 2367 1590 2410; baseline 0.002 -11"><span class='ocrx_word' id='word_1_359' title='bbox 974 2369 1047 2399; x_wconf 89' lang='lat'>531.</span> <span class='ocrx_word' id='word_1_360' title='bbox 1059 2368 1214 2408; x_wconf 55' lang='lat' dir='ltr'>Jusvenis]</span> <span class='ocrx_word' id='word_1_361' title='bbox 1227 2367 1341 2410; x_wconf 90' lang='lat' dir='ltr'>Apollo</span> <span class='ocrx_word' id='word_1_362' title='bbox 1351 2367 1434 2398; x_wconf 85' lang='lat' dir='ltr'>enim</span> <span class='ocrx_word' id='word_1_363' title='bbox 1445 2367 1495 2399; x_wconf 81' lang='grc' dir='ltr'>αἐἱ</span> <span class='ocrx_word' id='word_1_364' title='bbox 1507 2367 1590 2406; x_wconf 82' lang='grc' dir='ltr'><em>νέος,</em></span> 
     </span>
     <span class='ocr_line' id='line_1_68' title="bbox 927 2416 1591 2460; baseline 0 -12"><span class='ocrx_word' id='word_1_365' title='bbox 927 2423 958 2448; x_wconf 89' lang='lat' dir='ltr'>et</span> <span class='ocrx_word' id='word_1_366' title='bbox 981 2417 1026 2448; x_wconf 87' lang='lat' dir='ltr'>sic</span> <span class='ocrx_word' id='word_1_367' title='bbox 1051 2416 1145 2448; x_wconf 88' lang='lat' dir='ltr'>etiam</span> <span class='ocrx_word' id='word_1_368' title='bbox 1166 2417 1199 2448; x_wconf 89' lang='lat' dir='ltr'>in</span> <span class='ocrx_word' id='word_1_369' title='bbox 1223 2418 1432 2448; x_wconf 84' lang='lat' dir='ltr'>monumentis</span> <span class='ocrx_word' id='word_1_370' title='bbox 1453 2418 1591 2460; x_wconf 88' lang='lat' dir='ltr'>antiquis</span> 
     </span>
     <span class='ocr_line' id='line_1_69' title="bbox 927 2466 1587 2508; baseline 0.002 -11"><span class='ocrx_word' id='word_1_371' title='bbox 927 2472 1176 2508; x_wconf 63' lang='lat' dir='ltr'>repraesentatur.</span> <span class='ocrx_word' id='word_1_372' title='bbox 1213 2466 1320 2497; x_wconf 78' lang='lat' dir='ltr'>Scliol.</span> <span class='ocrx_word' id='word_1_373' title='bbox 1342 2467 1421 2497; x_wconf 81' lang='lat' dir='ltr'>Stat.</span> <span class='ocrx_word' id='word_1_374' title='bbox 1444 2466 1465 2497; x_wconf 91' lang='lat' dir='ltr'>i.</span> <span class='ocrx_word' id='word_1_375' title='bbox 1485 2467 1587 2498; x_wconf 87' lang='lat' dir='ltr'>Theb.</span> 
     </span>
     <span class='ocr_line' id='line_1_70' title="bbox 927 2515 1591 2557; baseline 0.002 -11"><span class='ocrx_word' id='word_1_376' title='bbox 927 2516 1001 2546; x_wconf 86' lang='lat'>694.</span> <span class='ocrx_word' id='word_1_377' title='bbox 1028 2526 1155 2546; x_wconf 89' lang='lat' dir='ltr'>causam</span> <span class='ocrx_word' id='word_1_378' title='bbox 1181 2515 1282 2546; x_wconf 87' lang='lat' dir='ltr'>reddit</span> <span class='ocrx_word' id='word_1_379' title='bbox 1308 2515 1399 2552; x_wconf 88' lang='lat' dir='ltr'>hanc,</span> <span class='ocrx_word' id='word_1_380' title='bbox 1425 2518 1501 2557; x_wconf 82' lang='lat' dir='ltr'>quod</span> <span class='ocrx_word' id='word_1_381' title='bbox 1530 2519 1591 2556; x_wconf 38' lang='lat' dir='ltr'>*ipse</span> 
     </span>
     <span class='ocr_line' id='line_1_71' title="bbox 927 2565 1586 2606; baseline 0.002 -11"><span class='ocrx_word' id='word_1_382' title='bbox 927 2567 965 2595; x_wconf 80' lang='lat' dir='ltr'>sit</span> <span class='ocrx_word' id='word_1_383' title='bbox 980 2566 1032 2595; x_wconf 80' lang='lat' dir='ltr'>sol.</span> <span class='ocrx_word' id='word_1_384' title='bbox 1078 2565 1127 2595; x_wconf 75' lang='lat' dir='ltr'>Soc</span> <span class='ocrx_word' id='word_1_385' title='bbox 1151 2571 1251 2595; x_wconf 81' lang='lat' dir='ltr'>autem</span> <span class='ocrx_word' id='word_1_386' title='bbox 1271 2566 1350 2606; x_wconf 79' lang='lat' dir='ltr'>ignis</span> <span class='ocrx_word' id='word_1_387' title='bbox 1368 2572 1420 2601; x_wconf 75' lang='lat' dir='ltr'>est,</span> <span class='ocrx_word' id='word_1_388' title='bbox 1436 2568 1486 2606; x_wconf 80' lang='lat' dir='ltr'>qui</span> <span class='ocrx_word' id='word_1_389' title='bbox 1506 2577 1586 2596; x_wconf 78' lang='lat' dir='ltr'>nun-</span> 
     </span>
     <span class='ocr_line' id='line_1_72' title="bbox 926 2614 1588 2655; baseline 0.002 -11"><span class='ocrx_word' id='word_1_390' title='bbox 926 2626 1015 2655; x_wconf 79' lang='lat' dir='ltr'>qnam</span> <span class='ocrx_word' id='word_1_391' title='bbox 1037 2617 1168 2645; x_wconf 80' lang='lat' dir='ltr'>senescit.</span> <span class='ocrx_word' id='word_1_392' title='bbox 1213 2614 1369 2646; x_wconf 87' lang='lat' dir='ltr'>Caeterum</span> <span class='ocrx_word' id='word_1_393' title='bbox 1394 2614 1426 2645; x_wconf 92' lang='lat' dir='ltr'>in</span> <span class='ocrx_word' id='word_1_394' title='bbox 1450 2614 1509 2646; x_wconf 88' lang='lat' dir='ltr'>hoc</span> <span class='ocrx_word' id='word_1_395' title='bbox 1533 2625 1588 2645; x_wconf 90' lang='lat' dir='ltr'>no-</span> 
     </span>
     <span class='ocr_line' id='line_1_73' title="bbox 927 2663 1586 2706; baseline 0.003 -13"><span class='ocrx_word' id='word_1_396' title='bbox 927 2663 1010 2695; x_wconf 84' lang='lat' dir='ltr'>mine</span> <span class='ocrx_word' id='word_1_397' title='bbox 1025 2665 1105 2694; x_wconf 87' lang='lat' dir='ltr'>inest</span> <span class='ocrx_word' id='word_1_398' title='bbox 1127 2664 1157 2694; x_wconf 86' lang='lat' dir='ltr'>h.</span> <span class='ocrx_word' id='word_1_399' title='bbox 1174 2663 1196 2694; x_wconf 89' lang='lat' dir='ltr'>l.</span> <span class='ocrx_word' id='word_1_400' title='bbox 1215 2674 1310 2695; x_wconf 88' lang='lat' dir='ltr'>causa</span> <span class='ocrx_word' id='word_1_401' title='bbox 1326 2663 1446 2701; x_wconf 82' lang='lat' dir='ltr'>suroris,</span> <span class='ocrx_word' id='word_1_402' title='bbox 1462 2675 1524 2706; x_wconf 92' lang='lat' dir='ltr'>quo</span> <span class='ocrx_word' id='word_1_403' title='bbox 1539 2663 1586 2695; x_wconf 90' lang='lat' dir='ltr'>in-</span> 
     </span>
     <span class='ocr_line' id='line_1_74' title="bbox 928 2713 1587 2756; baseline 0 -12"><span class='ocrx_word' id='word_1_404' title='bbox 928 2713 1067 2755; x_wconf 86' lang='lat' dir='ltr'>sequitur</span> <span class='ocrx_word' id='word_1_405' title='bbox 1085 2713 1264 2756; x_wconf 86' lang='lat' dir='ltr'>nympham.</span> <span class='ocrx_word' id='word_1_406' title='bbox 1311 2714 1458 2750; x_wconf 72' lang='lat' dir='ltr'>movebat,</span> <span class='ocrx_word' id='word_1_407' title='bbox 1475 2713 1587 2745; x_wconf 87' lang='lat' dir='ltr'>incita-</span> 
     </span>
     <span class='ocr_line' id='line_1_75' title="bbox 928 2763 994 2794; baseline 0.015 -1"><span class='ocrx_word' id='word_1_408' title='bbox 928 2763 994 2794; x_wconf 85' lang='lat' dir='ltr'>bat.</span> 
     </span>
    </p>
   </div>
  </div>
 </body>
</html>
