1763 3181
224 195 311 235 306

621 193 668 233 P.
705 193 914 233 0V1D11
948 193 1226 235 NASONIS

226 309 473 371 Inoosque
500 308 652 362 sinus,
681 307 1140 372 Athamanteosque
1167 317 1446 373 pererrant3

227 385 577 449 Inspirantque
602 400 774 446 graves
795 385 1007 433 animas:
1037 402 1127 433 nec
1147 387 1349 434 vulnera
1373 387 1606 434 membris

228 462 342 509 Ulla
364 461 554 518 ferunt;
596 477 734 508 mens
760 467 853 518 est,
881 477 992 525 quae
1018 462 1150 510 diros
1175 463 1356 511 sentiat
1380 463 1524 511 ictus.

224 539 472 587 Attulerat
498 555 666 586 secum
688 539 861 602 liquidi
888 555 1087 603 quoque
1114 548 1332 588 monstra
1355 541 1548 596 veneni,

227 617 341 664 Oris
369 616 604 664 Cerberei
631 633 848 680 spumas,
877 623 928 664 et
950 616 1082 664 virus
1111 617 1375 674 Echidnae;

1512 621 1608 665 500

224 695 530 757 Erroresque
550 711 716 756 vagos,
744 710 991 757 caecaeque
1013 694 1194 742 oblivia
1218 694 1414 750 mentis,
1455 695 1603 756 [rem3

225 772 290 820 Et
315 773 494 827 scelus,
522 780 572 819 et
596 772 857 836 lacrymas,
886 773 1191 836 rabiemque,
1219 780 1270 820 et
1294 772 1446 820 caedis
1471 788 1604 819 amo—

224 849 406 897 Omnia
428 850 545 896 trita
568 850 741 908 simul;
783 867 893 914 quae
919 851 1157 913 sanguine
1182 850 1340 896 mixta
1364 850 1550 897 recenti

225 927 446 973 Coxerat
467 942 562 973 aere
588 943 724 983 cavo,
751 926 891 974 viridi
916 934 1109 975 versata
1133 927 1324 974 cicuta:

224 1003 459 1066 Dumque
484 1011 668 1067 pavent
693 1004 777 1059 illi,
805 1005 952 1051 vertit
975 1004 1148 1051 furiale
1169 1019 1414 1051 venenum

1513 1006 1608 1050 505

222 1080 412 1127 Pectus
438 1079 486 1126 in
513 1081 797 1137 amborum3
838 1081 1210 1145 praecordiaque
1235 1081 1409 1128 intima
1438 1080 1605 1127 movit.

221 1156 348 1203 Tum
373 1157 480 1204 face
500 1158 691 1220 jactata
715 1173 802 1221 per
827 1158 1042 1205 eundem
1069 1158 1250 1221 saepius
1276 1158 1463 1212 orbem,

223 1233 561 1296 Consequitur
585 1241 745 1281 motos
770 1235 1006 1282 velociter
1031 1234 1228 1297 ignibus
1254 1234 1410 1297 ignes.

222 1311 306 1358 Sic
330 1312 522 1367 victrix,
543 1312 774 1374 jussique
801 1319 994 1375 potens,
1023 1312 1085 1359 ad
1106 1312 1270 1359 inania
1293 1312 1459 1375 magni

264 1478 340 1508 499.
378 1477 516 1508 Monstra
549 1481 664 1513 ueneni,
695 1478 883 1509 horrendum

219 1537 385 1558 venenum.
434 1527 583 1563 Echidna,
601 1527 783 1568 Chrysaoris
806 1527 881 1563 filia,

219 1575 341 1618 peperit
356 1576 526 1607 Cerberum
589 1576 715 1607 Ersrores
733 1578 809 1619 vagi,
829 1577 882 1607 de·

219 1625 306 1663 liria3
338 1636 471 1660 venena,
499 1636 568 1667 quae
596 1626 734 1657 efficiunt
757 1637 883 1662 errores,

220 1675 332 1710 scelus,
349 1674 479 1711 rabiem,
494 1681 555 1706 etc.
602 1676 692 1706 Hanc
715 1675 883 1706 mixturam

220 1725 370 1756 debemus
392 1724 516 1766 ingenio
539 1725 656 1755 Ovidii.
701 1725 817 1756 Similis
838 1732 884 1756 ta-

220 1785 292 1805 men
316 1774 482 1816 phantasia
508 1775 590 1816 apud
615 1774 701 1811 alios,
727 1781 761 1806 ut
782 1775 884 1817 virgil

222 1823 350 1854 AEneid.
366 1823 429 1854 viii.
447 1824 519 1854 431.
540 1824 593 1854 ubi
617 1824 772 1866 Cyclopes
796 1824 885 1856 Jovis

223 1873 405 1904 fulminibus
415 1872 589 1904 admiscent
599 1873 744 1909 sonitum,
756 1881 883 1910 metum,

221 1923 294 1953 iras.
340 1923 435 1957 Coeca,
452 1923 651 1964 perturbata3
674 1933 746 1953 nam
761 1923 838 1953 ratio
853 1928 885 1953 et

220 1970 368 2002 memoria
382 1970 414 2001 in
429 1971 550 2002 furiosis
567 1971 739 2013 sopiuntur.

264 2022 337 2052 504.
364 2020 484 2057 Cicuta,
500 2021 639 2052 calamus
664 2020 751 2051 istius
767 2021 881 2063 plantae

221 2069 396 2112 tripedalis.
434 2070 479 2100 Eo
497 2069 592 2100 utitur
605 2070 672 2100 loco
688 2070 884 2101 instrumenti

220 2120 260 2150 ad
285 2118 444 2149 miscenda
464 2129 596 2150 venena.
639 2119 779 2150 Similem
805 2131 882 2161 prae-

221 2168 426 2211 parationem,
442 2168 505 2199 vid.
519 2168 571 2199 vii.
583 2169 645 2199 262
661 2179 729 2210 sqq.
745 2169 798 2199 ubi
815 2169 884 2200 Me-

224 2219 284 2249 ‹lea
297 2219 396 2248 arenti
411 2228 493 2247 ‘ramo
508 2219 590 2248 olim
606 2217 649 2248 sic
666 2218 776 2248 utitur.
816 2217 883 2249 Eti-

222 2279 273 2299 am
297 2278 366 2308 sqq.
388 2277 405 2297 e
420 2267 509 2308 Virg.
524 2268 598 2298 374.
621 2278 777 2309 expressa,
802 2270 883 2308 peni-

224 2325 327 2357 rusque
341 2318 374 2347 in
385 2318 499 2347 viscera
513 2318 625 2356 lapsum
639 2318 789 2356 Serpentis
794 2318 839 2358 fu
846 2319 886 2346 ri-

225 2368 271 2396 ule
281 2367 404 2401 malum,
416 2372 718 2406 totamquepererrat.
730 2365 885 2397 Vocabul.

212 2416 336 2457 furiale
351 2414 529 2455 frequentat
544 2415 690 2445 Ovidius.

265 2465 339 2495 508.
366 2464 574 2504 Consequitur,
587 2464 666 2504 etc.]
693 2465 811 2495 Versus
826 2464 885 2495 dis-

225 2513 325 2549 ficilis,
351 2512 404 2554 qui
428 2513 520 2543 valde
549 2514 634 2543 torsit
659 2513 784 2554 ingenia
806 2514 884 2544 lntt.

227 2561 396 2594 Accursius
423 2562 612 2592 emendabat
638 2564 720 2593 motis
751 2565 887 2594 velociter

225 2613 343 2653 ignibus
372 2614 465 2653 ignes¹
495 2610 526 2641 id
552 2616 609 2646 est,
638 2618 737 2642 rotata
763 2611 830 2642 face
855 2618 885 2643 et

224 2659 385 2691 commotis
400 2661 467 2701 ejus
482 2660 606 2700 ignibus
618 2660 706 2699 ignes
718 2661 883 2702 consequi-

225 2712 284 2741 fur.
310 2721 340 2740 x.
367 2711 405 2739 7:
442 2712 594 2750 nullosque
624 2712 734 2741 interiit
764 2712 886 2741 motibus

224 2762 317 2796 ignes.
365 2758 496 2788 Lcnzius
520 2765 618 2799 putat.
636 2770 704 2789 voc.
730 2761 806 2792 igni.-
827 2759 883 2789 du-

951 1479 1025 1520 plici
1051 1489 1140 1510 sensu
1166 1479 1300 1521 positum
1325 1489 1401 1515 esse,
1417 1478 1461 1508 ita
1484 1484 1518 1509 ut
1542 1482 1611 1509 moti

952 1530 1034 1570 ignes
1049 1530 1110 1559 sint
1125 1528 1238 1559 interni
1254 1528 1342 1569 ignes
1358 1538 1477 1559 veneno
1492 1527 1611 1563 effecti,

952 1587 1028 1618 quos
1056 1577 1149 1608 Furia
1180 1578 1309 1619 ignibus,
1328 1576 1499 1618 jactatione
1530 1576 1613 1613 satis,

951 1628 1051 1668 magis
1067 1627 1259 1658 excitaverit.
1305 1627 1360 1657 Me
1376 1637 1448 1657 vero
1467 1636 1528 1656 non
1543 1636 1611 1667 poe-

952 1676 1031 1707 nitet
1059 1677 1204 1719 amplecti
1240 1675 1527 1718 interpretationem
1556 1675 1613 1706 viri

952 1726 1035 1757 docti
1050 1726 1082 1757 in
1099 1726 1299 1757 Bibliotheca
1314 1726 1418 1766 Figur.
1434 1736 1472 1756 ex
1489 1735 1550 1766 qua
1565 1735 1613 1756 or·

950 1775 998 1805 bis
1012 1775 1065 1806 ille
1080 1775 1255 1811 continuus,
1268 1785 1359 1817 quem
1373 1775 1461 1816 ignes
1472 1774 1615 1806 celeriter

951 1825 1027 1855 moti
1042 1825 1074 1856 in
1097 1836 1165 1857 aere
1182 1825 1351 1861 faciebant,
1369 1824 1466 1856 oculis
1486 1825 1612 1866 subjici-

951 1879 1010 1904 tur.
1057 1874 1187 1916 Propter
1203 1873 1394 1904 celeritatem
1415 1878 1517 1904 motus
1529 1873 1611 1904 scin·

951 1921 1027 1953 tillae
1044 1932 1076 1952 se
1091 1922 1278 1953 videbantur
1299 1922 1449 1963 attingere
1465 1927 1496 1952 et
1511 1922 1611 1952 conti-

952 1981 1047 2001 nuum
1076 1971 1181 2001 orbem
1211 1971 1322 2007 facere,
1350 1970 1612 2012 quemadmodum

950 2030 1050 2061 pruna
1064 2020 1096 2050 in
1112 2020 1248 2051 tenebris
1263 2020 1404 2051 celeriter
1423 2019 1613 2051 circumacta

951 2068 1102 2100 circulum
1128 2069 1259 2111 ignitum
1281 2069 1379 2101 oculis
1400 2069 1521 2111 objicit.
1566 2070 1614 2100 Si-

952 2117 1066 2149 militer
1079 2119 1162 2161 apud
1180 2118 1401 2155 Claudianum,
1416 2118 1454 2149 R.
1466 2119 1503 2149 P.
1516 2118 1548 2149 ii.
1561 2120 1616 2150 25.

952 2167 1041 2198 hasta
1055 2178 1148 2208 quam
1165 2167 1309 2199 Minerva
1324 2168 1356 2198 in
1372 2179 1480 2210 gyrum
1496 2175 1610 2204 movet,

954 2219 1049 2247 instar
1076 2218 1155 2248 silva·
1183 2219 1277 2253 habet,
1302 2217 1377 2259 quia
1407 2217 1496 2248 hasta
1520 2217 1612 2248 celeri

954 2272 1038 2297 motu
1055 2266 1144 2308 quasi
1166 2266 1403 2308 multiplicatur.
1450 2266 1613 2307 lngeniose

954 2315 1081 2357 quidem
1104 2315 1191 2346 illum
1214 2316 1319 2346 orbem
1342 2314 1471 2351 notavit,
1487 2315 1540 2346 sed
1558 2315 1614 2346 ali-

953 2375 1010 2395 eno
1026 2365 1108 2395 loco.

995 2415 1071 2445 509.
1095 2414 1117 2443 J
1121 2415 1177 2444 ussi
1190 2419 1303 2453 potens,
1320 2418 1484 2455 postquam
1500 2412 1611 2444 effece-

952 2468 1012 2498 rat,
1031 2462 1112 2504 quod
1137 2462 1194 2504 ipsi
1214 2462 1335 2504 jussum
1360 2467 1436 2492 erat.
1481 2461 1530 2492 Sic
1554 2464 1614 2493 voti

952 2520 1062 2552 potens,
1082 2512 1121 2542 de
1146 2522 1207 2553 quo
1233 2512 1272 2542 ad
1288 2522 1351 2542 ver.
1368 2512 1441 2542 325.
1488 2511 1614 2547 Inaniu,

953 2561 984 2591 in
1000 2562 1113 2602 quibus
1135 2572 1196 2591 non
1211 2560 1267 2591 nisi
1289 2560 1395 2591 inanes
1410 2560 1526 2590 umbrae
1542 2571 1611 2591 ver-

953 2617 1071 2642 santur.
1104 2610 1214 2651 virgil.
1232 2611 1306 2640 AEn.
1323 2609 1364 2640 vi.
1381 2610 1463 2640 269:
1498 2609 1614 2650 Perque

953 2663 1047 2691 domos
1075 2661 1157 2691 Dicis
1182 2671 1300 2696 vacuus,
1327 2666 1352 2689 el
1381 2661 1482 2689 inania
1510 2670 1613 2700 regnu.

959 2710 1158 2750 Rosia-gitur:
1189 2707 1271 2738 (lomi
1294 2708 1439 2739 mulieres
1463 2707 1610 2738 sedebunt

953 2758 1124 2788 discincta.
