<?xml version="1.0" encoding="UTF-8"?>
<!DOCTYPE html PUBLIC "-//W3C//DTD XHTML 1.0 Transitional//EN"
    "http://www.w3.org/TR/xhtml1/DTD/xhtml1-transitional.dtd">
<html xmlns="http://www.w3.org/1999/xhtml" xml:lang="en" lang="en">
 <head>
  <title>
</title>
<meta http-equiv="Content-Type" content="text/html;charset=utf-8" />
  <meta name='ocr-system' content='tesseract 3.04.00' />
  <meta name='ocr-capabilities' content='ocr_page ocr_carea ocr_par ocr_line ocrx_word'/>
</head>
<body>
  <div class='ocr_page' id='page_1' title='image "./povidiinasonisop03oviduoft_0142.png"; bbox 0 0 1729 3207; ppageno 0'>
   <div class='ocr_carea' id='block_1_1' title="bbox 190 216 274 258">
    <p class='ocr_par' dir='ltr' id='par_1_1' title="bbox 190 216 274 258">
     <span class='ocr_line' id='line_1_1' title="bbox 190 216 274 258; baseline 0.024 -2"><span class='ocrx_word' id='word_1_1' title='bbox 190 216 274 258; x_wconf 79' lang='lat'>132</span> 
     </span>
    </p>
   </div>
   <div class='ocr_carea' id='block_1_2' title="bbox 587 213 1194 255">
    <p class='ocr_par' dir='ltr' id='par_1_2' title="bbox 587 213 1194 255">
     <span class='ocr_line' id='line_1_2' title="bbox 587 213 1194 255; baseline -0.002 0"><span class='ocrx_word' id='word_1_2' title='bbox 587 216 635 255; x_wconf 92' lang='grc' dir='ltr'>Ρ.</span> <span class='ocrx_word' id='word_1_3' title='bbox 670 215 779 255; x_wconf 87' lang='lat' dir='ltr'>OVI</span> <span class='ocrx_word' id='word_1_4' title='bbox 791 214 880 254; x_wconf 90' lang='lat' dir='ltr'>DII</span> <span class='ocrx_word' id='word_1_5' title='bbox 916 213 1194 254; x_wconf 89' lang='lat' dir='ltr'>NASONIS</span> 
     </span>
    </p>
   </div>
   <div class='ocr_carea' id='block_1_3' title="bbox 189 328 1503 545">
    <p class='ocr_par' dir='ltr' id='par_1_3' title="bbox 189 328 1503 545">
     <span class='ocr_line' id='line_1_3' title="bbox 192 328 1503 393; baseline -0.002 -16"><span class='ocrx_word' id='word_1_6' title='bbox 192 330 257 377; x_wconf 89' lang='lat' dir='ltr'>Et</span> <span class='ocrx_word' id='word_1_7' title='bbox 282 331 510 393; x_wconf 81' lang='lat' dir='ltr'>precibus</span> <span class='ocrx_word' id='word_1_8' title='bbox 537 330 716 392; x_wconf 89' lang='lat' dir='ltr'>spretis</span> <span class='ocrx_word' id='word_1_9' title='bbox 741 328 927 390; x_wconf 80' lang='lat' dir='ltr'>fugisse</span> <span class='ocrx_word' id='word_1_10' title='bbox 953 344 1040 391; x_wconf 90' lang='lat' dir='ltr'>per</span> <span class='ocrx_word' id='word_1_11' title='bbox 1065 329 1172 375; x_wconf 88' lang='lat' dir='ltr'>avia</span> <span class='ocrx_word' id='word_1_12' title='bbox 1200 328 1503 392; x_wconf 83' lang='lat' dir='ltr'>Nympham,</span> 
     </span>
     <span class='ocr_line' id='line_1_4' title="bbox 191 404 1406 468; baseline -0.002 -15"><span class='ocrx_word' id='word_1_13' title='bbox 191 407 363 453; x_wconf 90' lang='lat' dir='ltr'>Donec</span> <span class='ocrx_word' id='word_1_14' title='bbox 391 406 581 453; x_wconf 87' lang='lat' dir='ltr'>arenosi</span> <span class='ocrx_word' id='word_1_15' title='bbox 608 405 858 468; x_wconf 87' lang='lat' dir='ltr'>placidum</span> <span class='ocrx_word' id='word_1_16' title='bbox 885 404 1100 452; x_wconf 89' lang='lat' dir='ltr'>Ladonis</span> <span class='ocrx_word' id='word_1_17' title='bbox 1126 406 1187 452; x_wconf 90' lang='lat' dir='ltr'>ad</span> <span class='ocrx_word' id='word_1_18' title='bbox 1213 421 1406 452; x_wconf 87' lang='lat' dir='ltr'>amnem</span> 
     </span>
     <span class='ocr_line' id='line_1_5' title="bbox 189 482 1462 545; baseline -0.001 -16"><span class='ocrx_word' id='word_1_19' title='bbox 189 483 421 540; x_wconf 83' lang='lat' dir='ltr'>Venerit3</span> <span class='ocrx_word' id='word_1_20' title='bbox 462 483 542 529; x_wconf 93' lang='lat' dir='ltr'>hic</span> <span class='ocrx_word' id='word_1_21' title='bbox 569 483 637 528; x_wconf 92' lang='lat' dir='ltr'>illi</span> <span class='ocrx_word' id='word_1_22' title='bbox 663 498 861 529; x_wconf 90' lang='lat' dir='ltr'>cursum</span> <span class='ocrx_word' id='word_1_23' title='bbox 886 482 1274 545; x_wconf 80' lang='lat' dir='ltr'>impedientibus</span> <span class='ocrx_word' id='word_1_24' title='bbox 1299 482 1462 537; x_wconf 90' lang='lat' dir='ltr'>undis,</span> 
     </span>
    </p>
   </div>
   <div class='ocr_carea' id='block_1_4' title="bbox 191 558 1306 621">
    <p class='ocr_par' dir='ltr' id='par_1_4' title="bbox 191 558 1306 621">
     <span class='ocr_line' id='line_1_6' title="bbox 191 558 1306 621; baseline 0 -17"><span class='ocrx_word' id='word_1_25' title='bbox 191 558 263 605; x_wconf 90' lang='lat' dir='ltr'>Ut</span> <span class='ocrx_word' id='word_1_26' title='bbox 287 575 340 606; x_wconf 91' lang='lat' dir='ltr'>se</span> <span class='ocrx_word' id='word_1_27' title='bbox 366 567 630 613; x_wconf 83' lang='lat' dir='ltr'>mutarent,</span> <span class='ocrx_word' id='word_1_28' title='bbox 652 558 869 621; x_wconf 89' lang='lat' dir='ltr'>liquidas</span> <span class='ocrx_word' id='word_1_29' title='bbox 894 574 1061 606; x_wconf 83' lang='lat' dir='ltr'>orasse</span> <span class='ocrx_word' id='word_1_30' title='bbox 1088 575 1306 614; x_wconf 87' lang='lat' dir='ltr'>sorores;</span> 
     </span>
    </p>
   </div>
   <div class='ocr_carea' id='block_1_5' title="bbox 1478 559 1572 604">
    <p class='ocr_par' dir='ltr' id='par_1_5' title="bbox 1478 559 1572 604">
     <span class='ocr_line' id='line_1_7' title="bbox 1478 559 1572 604; baseline -0.021 0"><span class='ocrx_word' id='word_1_31' title='bbox 1478 559 1572 604; x_wconf 87' lang='grc'>704</span> 
     </span>
    </p>
   </div>
   <div class='ocr_carea' id='block_1_6' title="bbox 188 635 1576 1080">
    <p class='ocr_par' dir='ltr' id='par_1_6' title="bbox 188 635 1573 1008">
     <span class='ocr_line' id='line_1_8' title="bbox 190 635 1572 699; baseline -0.001 -17"><span class='ocrx_word' id='word_1_32' title='bbox 190 635 447 698; x_wconf 89' lang='lat' dir='ltr'>Panaque,</span> <span class='ocrx_word' id='word_1_33' title='bbox 469 652 622 699; x_wconf 90' lang='lat' dir='ltr'>quum</span> <span class='ocrx_word' id='word_1_34' title='bbox 640 651 871 699; x_wconf 82' lang='lat' dir='ltr'>prensam</span> <span class='ocrx_word' id='word_1_35' title='bbox 887 635 977 682; x_wconf 91' lang='lat' dir='ltr'>sibi</span> <span class='ocrx_word' id='word_1_36' title='bbox 997 636 1102 697; x_wconf 87' lang='lat' dir='ltr'>jam</span> <span class='ocrx_word' id='word_1_37' title='bbox 1127 635 1341 698; x_wconf 83' lang='lat' dir='ltr'>Syringa</span> <span class='ocrx_word' id='word_1_38' title='bbox 1360 640 1572 697; x_wconf 85' lang='lat' dir='ltr'>putaret,</span> 
     </span>
     <span class='ocr_line' id='line_1_9' title="bbox 192 712 1573 777; baseline -0.002 -18"><span class='ocrx_word' id='word_1_39' title='bbox 192 713 411 776; x_wconf 87' lang='lat' dir='ltr'>Corpore</span> <span class='ocrx_word' id='word_1_40' title='bbox 433 729 520 777; x_wconf 86' lang='lat' dir='ltr'>pro</span> <span class='ocrx_word' id='word_1_41' title='bbox 544 713 793 776; x_wconf 86' lang='lat' dir='ltr'>Nymphae</span> <span class='ocrx_word' id='word_1_42' title='bbox 817 713 1037 760; x_wconf 81' lang='lat' dir='ltr'>calamos</span> <span class='ocrx_word' id='word_1_43' title='bbox 1060 712 1279 759; x_wconf 88' lang='lat' dir='ltr'>tenuisse</span> <span class='ocrx_word' id='word_1_44' title='bbox 1298 712 1573 775; x_wconf 86' lang='lat' dir='ltr'>palustres:</span> 
     </span>
     <span class='ocr_line' id='line_1_10' title="bbox 191 789 1505 854; baseline 0 -18"><span class='ocrx_word' id='word_1_45' title='bbox 191 789 427 853; x_wconf 88' lang='lat' dir='ltr'>Dumque</span> <span class='ocrx_word' id='word_1_46' title='bbox 453 791 520 837; x_wconf 90' lang='lat' dir='ltr'>ibi</span> <span class='ocrx_word' id='word_1_47' title='bbox 548 791 779 854; x_wconf 88' lang='lat' dir='ltr'>suspirat,</span> <span class='ocrx_word' id='word_1_48' title='bbox 808 798 968 838; x_wconf 90' lang='lat' dir='ltr'>motos</span> <span class='ocrx_word' id='word_1_49' title='bbox 994 791 1044 837; x_wconf 91' lang='lat' dir='ltr'>in</span> <span class='ocrx_word' id='word_1_50' title='bbox 1069 790 1309 837; x_wconf 90' lang='lat' dir='ltr'>arundine</span> <span class='ocrx_word' id='word_1_51' title='bbox 1333 796 1505 837; x_wconf 86' lang='lat' dir='ltr'>ventos</span> 
     </span>
     <span class='ocr_line' id='line_1_11' title="bbox 191 865 1508 930; baseline 0 -18"><span class='ocrx_word' id='word_1_52' title='bbox 191 865 431 914; x_wconf 86' lang='lat' dir='ltr'>Effecisse</span> <span class='ocrx_word' id='word_1_53' title='bbox 459 883 634 914; x_wconf 86' lang='lat' dir='ltr'>sonum</span> <span class='ocrx_word' id='word_1_54' title='bbox 661 875 878 923; x_wconf 85' lang='lat' dir='ltr'>tenuem,</span> <span class='ocrx_word' id='word_1_55' title='bbox 907 868 1223 930; x_wconf 86' lang='lat' dir='ltr'>similemque</span> <span class='ocrx_word' id='word_1_56' title='bbox 1250 866 1508 930; x_wconf 87' lang='lat' dir='ltr'>querenti:</span> 
     </span>
     <span class='ocr_line' id='line_1_12' title="bbox 188 942 1461 1008; baseline 0 -18"><span class='ocrx_word' id='word_1_57' title='bbox 188 942 310 991; x_wconf 89' lang='lat' dir='ltr'>Arte</span> <span class='ocrx_word' id='word_1_58' title='bbox 335 960 476 1000; x_wconf 91' lang='lat' dir='ltr'>nova,</span> <span class='ocrx_word' id='word_1_59' title='bbox 498 944 736 1007; x_wconf 90' lang='lat' dir='ltr'>vocisque</span> <span class='ocrx_word' id='word_1_60' title='bbox 763 945 928 992; x_wconf 89' lang='lat' dir='ltr'>Deum</span> <span class='ocrx_word' id='word_1_61' title='bbox 953 945 1218 993; x_wconf 82' lang='lat' dir='ltr'>dulcedine</span> <span class='ocrx_word' id='word_1_62' title='bbox 1244 952 1461 1008; x_wconf 89' lang='lat' dir='ltr'>captum,</span> 
     </span>
    </p>

    <p class='ocr_par' dir='ltr' id='par_1_7' title="bbox 190 1019 1576 1080">
     <span class='ocr_line' id='line_1_13' title="bbox 190 1019 1576 1080; baseline -0.001 -12"><span class='ocrx_word' id='word_1_63' title='bbox 190 1025 221 1043; x_wconf 90' lang='lat'><strong>“</strong></span> <span class='ocrx_word' id='word_1_64' title='bbox 244 1019 354 1068; x_wconf 92' lang='lat' dir='ltr'>Hoc</span> <span class='ocrx_word' id='word_1_65' title='bbox 371 1021 490 1068; x_wconf 90' lang='lat' dir='ltr'>mihi</span> <span class='ocrx_word' id='word_1_66' title='bbox 509 1021 774 1069; x_wconf 90' lang='lat' dir='ltr'>concilium</span> <span class='ocrx_word' id='word_1_67' title='bbox 791 1022 1005 1080; x_wconf 88' lang='lat' dir='ltr'>tecum‚’&#39;</span> <span class='ocrx_word' id='word_1_68' title='bbox 1023 1023 1228 1077; x_wconf 86' lang='lat' dir='ltr'>dixisse,</span> <span class='ocrx_word' id='word_1_69' title='bbox 1247 1028 1276 1046; x_wconf 93' lang='lat'>“</span> <span class='ocrx_word' id='word_1_70' title='bbox 1295 1020 1515 1068; x_wconf 84' lang='lat' dir='ltr'>manebit</span> <span class='ocrx_word' id='word_1_71' title='bbox 1532 1019 1576 1067; x_wconf 90' lang='lat'>:’&#39;</span> 
     </span>
    </p>
   </div>
   <div class='ocr_carea' id='block_1_7' title="bbox 189 1180 858 2791">
    <p class='ocr_par' dir='ltr' id='par_1_8' title="bbox 189 1180 852 1506">
     <span class='ocr_line' id='line_1_14' title="bbox 190 1180 850 1222; baseline 0.002 -11"><span class='ocrx_word' id='word_1_72' title='bbox 190 1180 286 1221; x_wconf 84' lang='lat' dir='ltr'>Argi:</span> <span class='ocrx_word' id='word_1_73' title='bbox 318 1180 425 1222; x_wconf 88' lang='lat' dir='ltr'>itaque</span> <span class='ocrx_word' id='word_1_74' title='bbox 452 1181 544 1211; x_wconf 81' lang='lat' dir='ltr'>finem</span> <span class='ocrx_word' id='word_1_75' title='bbox 573 1180 718 1211; x_wconf 88' lang='lat' dir='ltr'>narrandi</span> <span class='ocrx_word' id='word_1_76' title='bbox 749 1182 850 1212; x_wconf 82' lang='lat' dir='ltr'>facere</span> 
     </span>
     <span class='ocr_line' id='line_1_15' title="bbox 190 1229 851 1272; baseline 0.003 -13"><span class='ocrx_word' id='word_1_77' title='bbox 190 1229 342 1270; x_wconf 86' lang='lat' dir='ltr'>potuisset</span> <span class='ocrx_word' id='word_1_78' title='bbox 356 1237 468 1272; x_wconf 82' lang='lat' dir='ltr'>poeta3</span> <span class='ocrx_word' id='word_1_79' title='bbox 492 1229 547 1260; x_wconf 87' lang='lat' dir='ltr'>sed</span> <span class='ocrx_word' id='word_1_80' title='bbox 562 1241 600 1260; x_wconf 90' lang='lat' dir='ltr'>ne</span> <span class='ocrx_word' id='word_1_81' title='bbox 617 1229 772 1271; x_wconf 82' lang='lat' dir='ltr'>ignoraret</span> <span class='ocrx_word' id='word_1_82' title='bbox 788 1231 851 1261; x_wconf 88' lang='lat' dir='ltr'>lec-</span> 
     </span>
     <span class='ocr_line' id='line_1_16' title="bbox 189 1279 850 1321; baseline 0.002 -12"><span class='ocrx_word' id='word_1_83' title='bbox 189 1284 235 1309; x_wconf 84' lang='lat' dir='ltr'>tor</span> <span class='ocrx_word' id='word_1_84' title='bbox 260 1279 413 1320; x_wconf 86' lang='lat' dir='ltr'>reliquam</span> <span class='ocrx_word' id='word_1_85' title='bbox 436 1279 587 1316; x_wconf 80' lang='lat' dir='ltr'>fabulam,</span> <span class='ocrx_word' id='word_1_86' title='bbox 606 1290 675 1310; x_wconf 88' lang='lat' dir='ltr'>eam</span> <span class='ocrx_word' id='word_1_87' title='bbox 697 1286 791 1321; x_wconf 84' lang='lat' dir='ltr'>poeta</span> <span class='ocrx_word' id='word_1_88' title='bbox 813 1291 850 1310; x_wconf 85' lang='lat' dir='ltr'>ex</span> 
     </span>
     <span class='ocr_line' id='line_1_17' title="bbox 189 1328 852 1369; baseline 0.002 -11"><span class='ocrx_word' id='word_1_89' title='bbox 189 1337 246 1358; x_wconf 88' lang='lat' dir='ltr'>sua</span> <span class='ocrx_word' id='word_1_90' title='bbox 269 1338 398 1369; x_wconf 88' lang='lat' dir='ltr'>persona</span> <span class='ocrx_word' id='word_1_91' title='bbox 416 1328 562 1369; x_wconf 84' lang='lat' dir='ltr'>aspergit.</span> <span class='ocrx_word' id='word_1_92' title='bbox 607 1328 772 1369; x_wconf 75' lang='lat' dir='ltr'>Ingeniosa</span> <span class='ocrx_word' id='word_1_93' title='bbox 796 1329 852 1360; x_wconf 88' lang='lat' dir='ltr'>tali</span> 
     </span>
     <span class='ocr_line' id='line_1_18' title="bbox 190 1377 852 1419; baseline 0.003 -12"><span class='ocrx_word' id='word_1_94' title='bbox 190 1382 366 1408; x_wconf 81' lang='lat' dir='ltr'>commento</span> <span class='ocrx_word' id='word_1_95' title='bbox 393 1388 466 1408; x_wconf 87' lang='lat' dir='ltr'>usus</span> <span class='ocrx_word' id='word_1_96' title='bbox 492 1384 549 1413; x_wconf 88' lang='lat' dir='ltr'>est,</span> <span class='ocrx_word' id='word_1_97' title='bbox 572 1377 646 1419; x_wconf 83' lang='lat' dir='ltr'>quia</span> <span class='ocrx_word' id='word_1_98' title='bbox 670 1377 852 1409; x_wconf 86' lang='lat' dir='ltr'>incredibile</span> 
     </span>
     <span class='ocr_line' id='line_1_19' title="bbox 192 1425 852 1467; baseline 0.005 -12"><span class='ocrx_word' id='word_1_99' title='bbox 192 1425 290 1456; x_wconf 85' lang='lat' dir='ltr'>videri</span> <span class='ocrx_word' id='word_1_100' title='bbox 320 1432 451 1467; x_wconf 83' lang='lat' dir='ltr'>poterat,</span> <span class='ocrx_word' id='word_1_101' title='bbox 481 1437 544 1457; x_wconf 87' lang='lat' dir='ltr'>una</span> <span class='ocrx_word' id='word_1_102' title='bbox 573 1437 645 1456; x_wconf 88' lang='lat' dir='ltr'>cum</span> <span class='ocrx_word' id='word_1_103' title='bbox 676 1427 763 1458; x_wconf 85' lang='lat' dir='ltr'>finita</span> <span class='ocrx_word' id='word_1_104' title='bbox 788 1428 852 1458; x_wconf 80' lang='lat' dir='ltr'>fab.</span> 
     </span>
     <span class='ocr_line' id='line_1_20' title="bbox 193 1475 529 1506; baseline 0.003 -1"><span class='ocrx_word' id='word_1_105' title='bbox 193 1475 301 1505; x_wconf 89' lang='lat' dir='ltr'>oculos</span> <span class='ocrx_word' id='word_1_106' title='bbox 316 1475 529 1506; x_wconf 85' lang='lat' dir='ltr'>succubuisse.</span> 
     </span>
    </p>

    <p class='ocr_par' dir='ltr' id='par_1_9' title="bbox 189 1524 858 2791">
     <span class='ocr_line' id='line_1_21' title="bbox 230 1524 853 1567; baseline 0.005 -13"><span class='ocrx_word' id='word_1_107' title='bbox 230 1524 304 1555; x_wconf 86' lang='lat'>702.</span> <span class='ocrx_word' id='word_1_108' title='bbox 316 1525 506 1565; x_wconf 65' lang='lat' dir='ltr'>Placidum]</span> <span class='ocrx_word' id='word_1_109' title='bbox 522 1525 662 1555; x_wconf 76' lang='lat' dir='ltr'>Patrium.</span> <span class='ocrx_word' id='word_1_110' title='bbox 673 1525 748 1557; x_wconf 84' lang='lat' dir='ltr'>forte</span> <span class='ocrx_word' id='word_1_111' title='bbox 758 1525 853 1567; x_wconf 85' lang='lat' dir='ltr'>scrip-</span> 
     </span>
     <span class='ocr_line' id='line_1_22' title="bbox 189 1571 853 1616; baseline 0.005 -13"><span class='ocrx_word' id='word_1_112' title='bbox 189 1571 229 1603; x_wconf 86' lang='lat' dir='ltr'>sit</span> <span class='ocrx_word' id='word_1_113' title='bbox 242 1574 368 1609; x_wconf 84' lang='lat' dir='ltr'>Noster,</span> <span class='ocrx_word' id='word_1_114' title='bbox 386 1579 421 1604; x_wconf 88' lang='lat' dir='ltr'>ut</span> <span class='ocrx_word' id='word_1_115' title='bbox 441 1574 580 1605; x_wconf 86' lang='lat' dir='ltr'>Ladonis</span> <span class='ocrx_word' id='word_1_116' title='bbox 606 1574 700 1605; x_wconf 86' lang='lat' dir='ltr'>filiam</span> <span class='ocrx_word' id='word_1_117' title='bbox 722 1575 853 1616; x_wconf 86' lang='lat' dir='ltr'>Syringa</span> 
     </span>
     <span class='ocr_line' id='line_1_23' title="bbox 192 1621 854 1654; baseline 0.003 -2"><span class='ocrx_word' id='word_1_118' title='bbox 192 1621 297 1652; x_wconf 83' lang='lat' dir='ltr'>faciat.</span> <span class='ocrx_word' id='word_1_119' title='bbox 321 1623 440 1653; x_wconf 66' lang='lat' dir='ltr'>mes.</span> <span class='ocrx_word' id='word_1_120' title='bbox 488 1623 594 1653; x_wconf 77' lang='lat' dir='ltr'>Ladon</span> <span class='ocrx_word' id='word_1_121' title='bbox 620 1623 732 1654; x_wconf 86' lang='lat' dir='ltr'>fluvius</span> <span class='ocrx_word' id='word_1_122' title='bbox 756 1624 854 1654; x_wconf 85' lang='lat' dir='ltr'>Arca-</span> 
     </span>
     <span class='ocr_line' id='line_1_24' title="bbox 189 1669 853 1713; baseline 0.005 -13"><span class='ocrx_word' id='word_1_123' title='bbox 189 1669 261 1706; x_wconf 83' lang='lat' dir='ltr'>diae,</span> <span class='ocrx_word' id='word_1_124' title='bbox 282 1670 314 1701; x_wconf 90' lang='lat' dir='ltr'>in</span> <span class='ocrx_word' id='word_1_125' title='bbox 336 1671 495 1713; x_wconf 80' lang='lat' dir='ltr'>Alpheum</span> <span class='ocrx_word' id='word_1_126' title='bbox 517 1671 660 1703; x_wconf 86' lang='lat' dir='ltr'>influens.</span> <span class='ocrx_word' id='word_1_127' title='bbox 702 1673 853 1704; x_wconf 86' lang='lat' dir='ltr'>Abunda-</span> 
     </span>
     <span class='ocr_line' id='line_1_25' title="bbox 189 1719 850 1763; baseline 0.005 -13"><span class='ocrx_word' id='word_1_128' title='bbox 189 1720 244 1750; x_wconf 84' lang='lat' dir='ltr'>bat</span> <span class='ocrx_word' id='word_1_129' title='bbox 258 1719 358 1761; x_wconf 88' lang='lat' dir='ltr'>aquis,</span> <span class='ocrx_word' id='word_1_130' title='bbox 377 1731 435 1752; x_wconf 85' lang='lat' dir='ltr'>nec</span> <span class='ocrx_word' id='word_1_131' title='bbox 455 1721 510 1752; x_wconf 90' lang='lat' dir='ltr'>ulli</span> <span class='ocrx_word' id='word_1_132' title='bbox 530 1721 663 1752; x_wconf 81' lang='lat' dir='ltr'>cedebat</span> <span class='ocrx_word' id='word_1_133' title='bbox 677 1722 850 1763; x_wconf 84' lang='lat' dir='ltr'>pulchritu-</span> 
     </span>
     <span class='ocr_line' id='line_1_26' title="bbox 189 1768 849 1808; baseline 0.005 -10"><span class='ocrx_word' id='word_1_134' title='bbox 189 1768 273 1804; x_wconf 85' lang='lat' dir='ltr'>dine,</span> <span class='ocrx_word' id='word_1_135' title='bbox 301 1769 430 1799; x_wconf 90' lang='lat' dir='ltr'>Callim.</span> <span class='ocrx_word' id='word_1_136' title='bbox 458 1769 489 1800; x_wconf 91' lang='lat' dir='ltr'>h.</span> <span class='ocrx_word' id='word_1_137' title='bbox 514 1770 588 1800; x_wconf 83' lang='lat' dir='ltr'>Jov.</span> <span class='ocrx_word' id='word_1_138' title='bbox 618 1772 679 1808; x_wconf 83' lang='lat'>18;</span> <span class='ocrx_word' id='word_1_139' title='bbox 710 1771 849 1802; x_wconf 86' lang='lat' dir='ltr'>Pausan.</span> 
     </span>
     <span class='ocr_line' id='line_1_27' title="bbox 191 1817 849 1861; baseline 0.003 -13"><span class='ocrx_word' id='word_1_140' title='bbox 191 1817 268 1848; x_wconf 90' lang='lat' dir='ltr'>Arc.</span> <span class='ocrx_word' id='word_1_141' title='bbox 297 1829 328 1859; x_wconf 89' lang='lat' dir='ltr'>p.</span> <span class='ocrx_word' id='word_1_142' title='bbox 353 1819 438 1857; x_wconf 79' lang='lat'>651;</span> <span class='ocrx_word' id='word_1_143' title='bbox 463 1818 597 1860; x_wconf 79' lang='lat' dir='ltr'>Dionys.</span> <span class='ocrx_word' id='word_1_144' title='bbox 624 1820 747 1861; x_wconf 88' lang='lat' dir='ltr'>Perieg.</span> <span class='ocrx_word' id='word_1_145' title='bbox 774 1821 849 1851; x_wconf 84' lang='lat'>417.</span> 
     </span>
     <span class='ocr_line' id='line_1_28' title="bbox 191 1866 850 1906; baseline 0.006 -10"><span class='ocrx_word' id='word_1_146' title='bbox 191 1866 330 1897; x_wconf 89' lang='lat' dir='ltr'>Vocatur</span> <span class='ocrx_word' id='word_1_147' title='bbox 354 1866 387 1897; x_wconf 92' lang='lat' dir='ltr'>h.</span> <span class='ocrx_word' id='word_1_148' title='bbox 410 1867 433 1898; x_wconf 91' lang='lat' dir='ltr'>l.</span> <span class='ocrx_word' id='word_1_149' title='bbox 457 1869 607 1906; x_wconf 73' lang='lat' dir='ltr'>placidus,</span> <span class='ocrx_word' id='word_1_150' title='bbox 632 1868 687 1898; x_wconf 87' lang='lat' dir='ltr'>sed</span> <span class='ocrx_word' id='word_1_151' title='bbox 708 1869 750 1899; x_wconf 83' lang='lat' dir='ltr'>V.</span> <span class='ocrx_word' id='word_1_152' title='bbox 764 1870 850 1900; x_wconf 88' lang='lat' dir='ltr'>Fast.</span> 
     </span>
     <span class='ocr_line' id='line_1_29' title="bbox 192 1916 851 1955; baseline 0.005 -11"><span class='ocrx_word' id='word_1_153' title='bbox 192 1916 246 1945; x_wconf 86' lang='lat'>89.</span> <span class='ocrx_word' id='word_1_154' title='bbox 271 1926 388 1955; x_wconf 73' lang='lat' dir='ltr'>rapa15</span> <span class='ocrx_word' id='word_1_155' title='bbox 413 1922 444 1946; x_wconf 88' lang='lat' dir='ltr'>et</span> <span class='ocrx_word' id='word_1_156' title='bbox 467 1916 511 1947; x_wconf 91' lang='lat' dir='ltr'>II.</span> <span class='ocrx_word' id='word_1_157' title='bbox 535 1918 621 1947; x_wconf 85' lang='lat' dir='ltr'>Fast.</span> <span class='ocrx_word' id='word_1_158' title='bbox 646 1917 723 1947; x_wconf 80' lang='lat'>274.</span> <span class='ocrx_word' id='word_1_159' title='bbox 744 1917 772 1947; x_wconf 87' lang='lat' dir='ltr'>ei</span> <span class='ocrx_word' id='word_1_160' title='bbox 798 1917 851 1948; x_wconf 88' lang='lat' dir='ltr'>tri-</span> 
     </span>
     <span class='ocr_line' id='line_1_30' title="bbox 190 1963 852 2007; baseline 0.005 -13"><span class='ocrx_word' id='word_1_161' title='bbox 190 1963 328 1995; x_wconf 83' lang='lat' dir='ltr'>buuntur</span> <span class='ocrx_word' id='word_1_162' title='bbox 345 1967 410 1995; x_wconf 76' lang='lat' dir='ltr'>citae</span> <span class='ocrx_word' id='word_1_163' title='bbox 434 1977 528 2005; x_wconf 69' lang='lat' dir='ltr'>atluae.</span> <span class='ocrx_word' id='word_1_164' title='bbox 569 1965 682 2007; x_wconf 85' lang='lat' dir='ltr'>Itaque</span> <span class='ocrx_word' id='word_1_165' title='bbox 704 1966 782 1996; x_wconf 87' lang='lat' dir='ltr'>Intt.</span> <span class='ocrx_word' id='word_1_166' title='bbox 798 1977 852 1997; x_wconf 87' lang='lat' dir='ltr'>va-</span> 
     </span>
     <span class='ocr_line' id='line_1_31' title="bbox 190 2012 853 2056; baseline 0.006 -13"><span class='ocrx_word' id='word_1_167' title='bbox 190 2012 235 2044; x_wconf 82' lang='lat' dir='ltr'>rie</span> <span class='ocrx_word' id='word_1_168' title='bbox 251 2013 335 2044; x_wconf 89' lang='lat' dir='ltr'>hunc</span> <span class='ocrx_word' id='word_1_169' title='bbox 351 2013 524 2045; x_wconf 85' lang='lat' dir='ltr'>dissensum</span> <span class='ocrx_word' id='word_1_170' title='bbox 548 2025 732 2056; x_wconf 89' lang='lat' dir='ltr'>componere</span> <span class='ocrx_word' id='word_1_171' title='bbox 750 2017 853 2047; x_wconf 81' lang='lat' dir='ltr'>conati</span> 
     </span>
     <span class='ocr_line' id='line_1_32' title="bbox 191 2063 851 2107; baseline 0.005 -14"><span class='ocrx_word' id='word_1_172' title='bbox 191 2068 274 2093; x_wconf 87' lang='lat' dir='ltr'>sunt.</span> <span class='ocrx_word' id='word_1_173' title='bbox 312 2063 429 2094; x_wconf 88' lang='lat' dir='ltr'>Verum</span> <span class='ocrx_word' id='word_1_174' title='bbox 452 2063 600 2105; x_wconf 85' lang='lat' dir='ltr'>epitheta,</span> <span class='ocrx_word' id='word_1_175' title='bbox 619 2064 733 2105; x_wconf 85' lang='lat' dir='ltr'>quibus</span> <span class='ocrx_word' id='word_1_176' title='bbox 752 2071 851 2107; x_wconf 84' lang='lat' dir='ltr'>poetae</span> 
     </span>
     <span class='ocr_line' id='line_1_33' title="bbox 192 2111 853 2152; baseline 0.006 -11"><span class='ocrx_word' id='word_1_177' title='bbox 192 2111 331 2152; x_wconf 88' lang='lat' dir='ltr'>singulos</span> <span class='ocrx_word' id='word_1_178' title='bbox 353 2112 462 2143; x_wconf 91' lang='lat' dir='ltr'>fluvios</span> <span class='ocrx_word' id='word_1_179' title='bbox 486 2118 518 2144; x_wconf 91' lang='lat' dir='ltr'>et</span> <span class='ocrx_word' id='word_1_180' title='bbox 545 2120 664 2144; x_wconf 87' lang='lat' dir='ltr'>montes</span> <span class='ocrx_word' id='word_1_181' title='bbox 690 2121 853 2151; x_wconf 83' lang='lat' dir='ltr'>exornant,</span> 
     </span>
     <span class='ocr_line' id='line_1_34' title="bbox 194 2160 853 2202; baseline 0.006 -12"><span class='ocrx_word' id='word_1_182' title='bbox 194 2170 255 2190; x_wconf 89' lang='lat' dir='ltr'>non</span> <span class='ocrx_word' id='word_1_183' title='bbox 278 2160 418 2202; x_wconf 81' lang='lat' dir='ltr'>urgenda</span> <span class='ocrx_word' id='word_1_184' title='bbox 439 2168 521 2198; x_wconf 89' lang='lat' dir='ltr'>sunt,</span> <span class='ocrx_word' id='word_1_185' title='bbox 537 2172 595 2192; x_wconf 88' lang='lat' dir='ltr'>nec</span> <span class='ocrx_word' id='word_1_186' title='bbox 618 2168 728 2193; x_wconf 83' lang='lat' dir='ltr'>natura</span> <span class='ocrx_word' id='word_1_187' title='bbox 748 2174 853 2194; x_wconf 88' lang='lat' dir='ltr'>eorum</span> 
     </span>
     <span class='ocr_line' id='line_1_35' title="bbox 193 2209 853 2253; baseline 0.006 -14"><span class='ocrx_word' id='word_1_188' title='bbox 193 2209 265 2240; x_wconf 91' lang='lat' dir='ltr'>inde</span> <span class='ocrx_word' id='word_1_189' title='bbox 286 2209 539 2248; x_wconf 86' lang='lat' dir='ltr'>demonstranda,</span> <span class='ocrx_word' id='word_1_190' title='bbox 556 2211 614 2242; x_wconf 88' lang='lat' dir='ltr'>nisi</span> <span class='ocrx_word' id='word_1_191' title='bbox 631 2212 761 2243; x_wconf 87' lang='lat' dir='ltr'>accedat</span> <span class='ocrx_word' id='word_1_192' title='bbox 780 2222 853 2253; x_wconf 90' lang='lat' dir='ltr'>geo-</span> 
     </span>
     <span class='ocr_line' id='line_1_36' title="bbox 193 2258 854 2302; baseline 0.006 -14"><span class='ocrx_word' id='word_1_193' title='bbox 193 2258 378 2300; x_wconf 83' lang='lat' dir='ltr'>graphorum</span> <span class='ocrx_word' id='word_1_194' title='bbox 412 2260 593 2291; x_wconf 83' lang='lat' dir='ltr'>auctoritas.</span> <span class='ocrx_word' id='word_1_195' title='bbox 648 2260 759 2302; x_wconf 85' lang='lat' dir='ltr'>Itaque</span> <span class='ocrx_word' id='word_1_196' title='bbox 788 2261 854 2292; x_wconf 85' lang='lat' dir='ltr'>fieri</span> 
     </span>
     <span class='ocr_line' id='line_1_37' title="bbox 193 2307 854 2348; baseline 0.006 -11"><span class='ocrx_word' id='word_1_197' title='bbox 193 2312 304 2348; x_wconf 88' lang='lat' dir='ltr'>potest,</span> <span class='ocrx_word' id='word_1_198' title='bbox 321 2312 355 2337; x_wconf 89' lang='lat' dir='ltr'>ut</span> <span class='ocrx_word' id='word_1_199' title='bbox 376 2307 422 2338; x_wconf 89' lang='lat' dir='ltr'>sui</span> <span class='ocrx_word' id='word_1_200' title='bbox 447 2307 545 2344; x_wconf 84' lang='lat' dir='ltr'>obliti,</span> <span class='ocrx_word' id='word_1_201' title='bbox 566 2308 668 2339; x_wconf 86' lang='lat' dir='ltr'>eidem</span> <span class='ocrx_word' id='word_1_202' title='bbox 691 2309 784 2340; x_wconf 88' lang='lat' dir='ltr'>fluvio</span> <span class='ocrx_word' id='word_1_203' title='bbox 807 2310 854 2341; x_wconf 93' lang='lat' dir='ltr'>di-</span> 
     </span>
     <span class='ocr_line' id='line_1_38' title="bbox 196 2355 851 2389; baseline 0.008 -4"><span class='ocrx_word' id='word_1_204' title='bbox 196 2355 293 2386; x_wconf 85' lang='lat' dir='ltr'>versis</span> <span class='ocrx_word' id='word_1_205' title='bbox 308 2355 383 2386; x_wconf 88' lang='lat' dir='ltr'>locis</span> <span class='ocrx_word' id='word_1_206' title='bbox 398 2356 537 2387; x_wconf 89' lang='lat' dir='ltr'>diversas</span> <span class='ocrx_word' id='word_1_207' title='bbox 552 2357 680 2389; x_wconf 88' lang='lat' dir='ltr'>virtutes</span> <span class='ocrx_word' id='word_1_208' title='bbox 695 2359 851 2389; x_wconf 86' lang='lat' dir='ltr'>tribuant:</span> 
     </span>
     <span class='ocr_line' id='line_1_39' title="bbox 195 2404 853 2439; baseline 0.008 -5"><span class='ocrx_word' id='word_1_209' title='bbox 195 2404 267 2435; x_wconf 88' lang='lat' dir='ltr'>vide</span> <span class='ocrx_word' id='word_1_210' title='bbox 294 2406 402 2436; x_wconf 79' lang='lat' dir='ltr'>Burin.</span> <span class='ocrx_word' id='word_1_211' title='bbox 429 2406 468 2436; x_wconf 85' lang='lat' dir='ltr'>ad</span> <span class='ocrx_word' id='word_1_212' title='bbox 490 2407 598 2438; x_wconf 78' lang='lat' dir='ltr'>Valer.</span> <span class='ocrx_word' id='word_1_213' title='bbox 628 2408 712 2439; x_wconf 89' lang='lat' dir='ltr'>Flac.</span> <span class='ocrx_word' id='word_1_214' title='bbox 732 2419 762 2439; x_wconf 91' lang='lat' dir='ltr'>v.</span> <span class='ocrx_word' id='word_1_215' title='bbox 780 2410 853 2439; x_wconf 88' lang='lat'>180.</span> 
     </span>
     <span class='ocr_line' id='line_1_40' title="bbox 195 2453 856 2488; baseline 0.009 -6"><span class='ocrx_word' id='word_1_216' title='bbox 195 2453 313 2484; x_wconf 84' lang='lat' dir='ltr'>Ansam</span> <span class='ocrx_word' id='word_1_217' title='bbox 339 2454 453 2484; x_wconf 75' lang='lat' dir='ltr'>fabulae</span> <span class='ocrx_word' id='word_1_218' title='bbox 480 2454 567 2485; x_wconf 89' lang='lat' dir='ltr'>dedit</span> <span class='ocrx_word' id='word_1_219' title='bbox 592 2461 703 2487; x_wconf 80' lang='lat' dir='ltr'>natura</span> <span class='ocrx_word' id='word_1_220' title='bbox 723 2457 856 2488; x_wconf 76' lang='lat' dir='ltr'>Ladonis</span> 
     </span>
     <span class='ocr_line' id='line_1_41' title="bbox 197 2503 857 2549; baseline 0.009 -17"><span class='ocrx_word' id='word_1_221' title='bbox 197 2513 291 2543; x_wconf 89' lang='lat' dir='ltr'>quem</span> <span class='ocrx_word' id='word_1_222' title='bbox 323 2503 493 2545; x_wconf 69' lang='lat' dir='ltr'>Dionysius</span> <span class='ocrx_word' id='word_1_223' title='bbox 527 2511 630 2541; x_wconf 87' lang='lat' dir='ltr'>vocat,</span> <span class='ocrx_word' id='word_1_224' title='bbox 662 2505 857 2549; x_wconf 82' lang='grc' dir='ltr'>Εὐκάλσμον</span> 
     </span>
     <span class='ocr_line' id='line_1_42' title="bbox 197 2552 858 2595; baseline 0.008 -13"><span class='ocrx_word' id='word_1_225' title='bbox 197 2552 348 2593; x_wconf 79' lang='grc' dir='ltr'>ποταμὸν</span> <span class='ocrx_word' id='word_1_226' title='bbox 386 2554 439 2584; x_wconf 83' lang='grc' dir='ltr'>καὶ</span> <span class='ocrx_word' id='word_1_227' title='bbox 475 2553 670 2595; x_wconf 80' lang='grc' dir='ltr'>ἐϋστέφανον</span> <span class='ocrx_word' id='word_1_228' title='bbox 706 2555 858 2588; x_wconf 75' lang='grc' dir='ltr'>Λαὸῶνα.</span> 
     </span>
     <span class='ocr_line' id='line_1_43' title="bbox 199 2601 856 2647; baseline 0.008 -16"><span class='ocrx_word' id='word_1_229' title='bbox 199 2601 319 2643; x_wconf 81' lang='grc' dir='ltr'>Σύριγξ</span> <span class='ocrx_word' id='word_1_230' title='bbox 342 2603 454 2633; x_wconf 79' lang='lat' dir='ltr'>Uraece</span> <span class='ocrx_word' id='word_1_231' title='bbox 473 2603 627 2644; x_wconf 83' lang='lat' dir='ltr'>significat</span> <span class='ocrx_word' id='word_1_232' title='bbox 646 2605 780 2635; x_wconf 84' lang='lat' dir='ltr'>fistulam</span> <span class='ocrx_word' id='word_1_233' title='bbox 800 2616 856 2647; x_wconf 87' lang='lat' dir='ltr'>pa-</span> 
     </span>
     <span class='ocr_line' id='line_1_44' title="bbox 195 2650 856 2693; baseline 0.009 -14"><span class='ocrx_word' id='word_1_234' title='bbox 195 2650 348 2680; x_wconf 85' lang='lat' dir='ltr'>storitiam</span> <span class='ocrx_word' id='word_1_235' title='bbox 371 2661 390 2681; x_wconf 91' lang='lat' dir='ltr'>a</span> <span class='ocrx_word' id='word_1_236' title='bbox 408 2650 536 2693; x_wconf 78' lang='grc' dir='ltr'><strong><em>σὺριζω,</em></strong></span> <span class='ocrx_word' id='word_1_237' title='bbox 551 2653 653 2684; x_wconf 89' lang='lat' dir='ltr'>sibilo.</span> <span class='ocrx_word' id='word_1_238' title='bbox 684 2654 856 2691; x_wconf 83' lang='lat' dir='ltr'>Lucretius,</span> 
     </span>
     <span class='ocr_line' id='line_1_45' title="bbox 195 2698 857 2742; baseline 0.006 -13"><span class='ocrx_word' id='word_1_239' title='bbox 195 2698 252 2729; x_wconf 89' lang='lat' dir='ltr'>lib.</span> <span class='ocrx_word' id='word_1_240' title='bbox 270 2710 308 2729; x_wconf 89' lang='lat' dir='ltr'>v:</span> <span class='ocrx_word' id='word_1_241' title='bbox 338 2699 377 2729; x_wconf 73' lang='lat' dir='ltr'>Et</span> <span class='ocrx_word' id='word_1_242' title='bbox 401 2700 531 2740; x_wconf 76' lang='lat' dir='ltr'>Zephyri</span> <span class='ocrx_word' id='word_1_243' title='bbox 555 2712 628 2732; x_wconf 78' lang='lat' dir='ltr'>cava</span> <span class='ocrx_word' id='word_1_244' title='bbox 655 2713 707 2742; x_wconf 82' lang='lat' dir='ltr'>per</span> <span class='ocrx_word' id='word_1_245' title='bbox 729 2704 857 2733; x_wconf 76' lang='lat' dir='ltr'>calamo-</span> 
     </span>
     <span class='ocr_line' id='line_1_46' title="bbox 196 2748 856 2791; baseline 0.009 -14"><span class='ocrx_word' id='word_1_246' title='bbox 196 2758 264 2778; x_wconf 75' lang='lat' dir='ltr'>rum</span> <span class='ocrx_word' id='word_1_247' title='bbox 288 2748 373 2779; x_wconf 76' lang='lat' dir='ltr'>sibila</span> <span class='ocrx_word' id='word_1_248' title='bbox 401 2751 531 2788; x_wconf 80' lang='lat' dir='ltr'>primum</span> <span class='ocrx_word' id='word_1_249' title='bbox 558 2751 694 2791; x_wconf 80' lang='lat' dir='ltr'>Agrestes</span> <span class='ocrx_word' id='word_1_250' title='bbox 722 2753 856 2783; x_wconf 80' lang='lat' dir='ltr'>docuere.</span> 
     </span>
    </p>
   </div>
   <div class='ocr_carea' id='block_1_8' title="bbox 918 1178 1581 2797">
    <p class='ocr_par' dir='ltr' id='par_1_10' title="bbox 919 1178 1579 1416">
     <span class='ocr_line' id='line_1_47' title="bbox 919 1178 1578 1212; baseline -0.006 0"><span class='ocrx_word' id='word_1_251' title='bbox 919 1182 979 1212; x_wconf 90' lang='lat' dir='ltr'>Illa</span> <span class='ocrx_word' id='word_1_252' title='bbox 995 1182 1122 1212; x_wconf 85' lang='lat' dir='ltr'>inventa</span> <span class='ocrx_word' id='word_1_253' title='bbox 1140 1181 1245 1212; x_wconf 87' lang='lat' dir='ltr'>retulit</span> <span class='ocrx_word' id='word_1_254' title='bbox 1260 1181 1349 1211; x_wconf 85' lang='lat' dir='ltr'>Pana</span> <span class='ocrx_word' id='word_1_255' title='bbox 1368 1178 1399 1209; x_wconf 91' lang='lat' dir='ltr'>in</span> <span class='ocrx_word' id='word_1_256' title='bbox 1415 1188 1578 1209; x_wconf 87' lang='lat' dir='ltr'>numerum</span> 
     </span>
     <span class='ocr_line' id='line_1_48' title="bbox 920 1228 1579 1272; baseline -0.009 -9"><span class='ocrx_word' id='word_1_257' title='bbox 920 1233 1071 1267; x_wconf 87' lang='lat' dir='ltr'>Deorum,</span> <span class='ocrx_word' id='word_1_258' title='bbox 1083 1231 1139 1262; x_wconf 87' lang='lat' dir='ltr'>sed</span> <span class='ocrx_word' id='word_1_259' title='bbox 1152 1231 1191 1262; x_wconf 83' lang='lat' dir='ltr'>de</span> <span class='ocrx_word' id='word_1_260' title='bbox 1207 1231 1309 1272; x_wconf 87' lang='lat' dir='ltr'>plebe.</span> <span class='ocrx_word' id='word_1_261' title='bbox 1334 1229 1440 1260; x_wconf 85' lang='lat' dir='ltr'>Natal.</span> <span class='ocrx_word' id='word_1_262' title='bbox 1456 1228 1579 1264; x_wconf 88' lang='lat' dir='ltr'>Comes,</span> 
     </span>
     <span class='ocr_line' id='line_1_49' title="bbox 920 1277 1579 1323; baseline -0.009 -11"><span class='ocrx_word' id='word_1_263' title='bbox 920 1281 977 1312; x_wconf 90' lang='lat' dir='ltr'>lib.</span> <span class='ocrx_word' id='word_1_264' title='bbox 998 1293 1029 1311; x_wconf 91' lang='lat' dir='ltr'>v.</span> <span class='ocrx_word' id='word_1_265' title='bbox 1051 1292 1119 1323; x_wconf 87' lang='lat' dir='ltr'>cap.</span> <span class='ocrx_word' id='word_1_266' title='bbox 1145 1281 1186 1310; x_wconf 91' lang='lat' dir='ltr'>vi.</span> <span class='ocrx_word' id='word_1_267' title='bbox 1208 1280 1340 1320; x_wconf 77' lang='lat' dir='ltr'>legatur,</span> <span class='ocrx_word' id='word_1_268' title='bbox 1366 1284 1397 1308; x_wconf 87' lang='lat' dir='ltr'>et</span> <span class='ocrx_word' id='word_1_269' title='bbox 1422 1277 1579 1307; x_wconf 83' lang='lat' dir='ltr'>Francisci</span> 
     </span>
     <span class='ocr_line' id='line_1_50' title="bbox 920 1328 1579 1371; baseline -0.008 -10"><span class='ocrx_word' id='word_1_270' title='bbox 920 1331 1040 1361; x_wconf 90' lang='lat' dir='ltr'>Baconi</span> <span class='ocrx_word' id='word_1_271' title='bbox 1067 1330 1106 1361; x_wconf 87' lang='lat' dir='ltr'>de</span> <span class='ocrx_word' id='word_1_272' title='bbox 1135 1329 1295 1371; x_wconf 86' lang='lat' dir='ltr'>Sapientia</span> <span class='ocrx_word' id='word_1_273' title='bbox 1322 1328 1484 1362; x_wconf 74' lang='lat' dir='ltr'>Veterum,</span> <span class='ocrx_word' id='word_1_274' title='bbox 1509 1336 1579 1368; x_wconf 87' lang='lat' dir='ltr'>cap.</span> 
     </span>
     <span class='ocr_line' id='line_1_51' title="bbox 920 1380 1308 1416; baseline -0.008 -6"><span class='ocrx_word' id='word_1_275' title='bbox 920 1380 949 1410; x_wconf 92' lang='lat' dir='ltr'>vi</span> <span class='ocrx_word' id='word_1_276' title='bbox 964 1392 970 1410; x_wconf 91' lang='lat'>:</span> <span class='ocrx_word' id='word_1_277' title='bbox 1000 1381 1078 1416; x_wconf 82' lang='grc' dir='ltr'><em>Ριιη,</em></span> <span class='ocrx_word' id='word_1_278' title='bbox 1094 1382 1152 1410; x_wconf 78' lang='lat' dir='ltr'>sive</span> <span class='ocrx_word' id='word_1_279' title='bbox 1172 1380 1308 1409; x_wconf 75' lang='lat' dir='ltr'>Natura.</span> 
     </span>
    </p>

    <p class='ocr_par' dir='ltr' id='par_1_11' title="bbox 920 1424 1580 1665">
     <span class='ocr_line' id='line_1_52' title="bbox 964 1424 1578 1469; baseline -0.008 -10"><span class='ocrx_word' id='word_1_280' title='bbox 964 1430 1036 1460; x_wconf 77' lang='lat'>704.</span> <span class='ocrx_word' id='word_1_281' title='bbox 1054 1429 1189 1469; x_wconf 71' lang='lat' dir='ltr'>Liquidae</span> <span class='ocrx_word' id='word_1_282' title='bbox 1210 1426 1346 1467; x_wconf 49' lang='lat' dir='ltr'>sin-ores]</span> <span class='ocrx_word' id='word_1_283' title='bbox 1374 1424 1531 1467; x_wconf 85' lang='lat' dir='ltr'>Nymphae</span> <span class='ocrx_word' id='word_1_284' title='bbox 1547 1425 1578 1455; x_wconf 91' lang='lat' dir='ltr'>in</span> 
     </span>
     <span class='ocr_line' id='line_1_53' title="bbox 921 1473 1580 1508; baseline -0.006 0"><span class='ocrx_word' id='word_1_285' title='bbox 921 1478 1048 1508; x_wconf 90' lang='lat' dir='ltr'>Ladone</span> <span class='ocrx_word' id='word_1_286' title='bbox 1062 1477 1252 1508; x_wconf 82' lang='lat' dir='ltr'>habitantes.</span> <span class='ocrx_word' id='word_1_287' title='bbox 1281 1474 1433 1507; x_wconf 84' lang='lat' dir='ltr'>Similiter</span> <span class='ocrx_word' id='word_1_288' title='bbox 1444 1473 1580 1505; x_wconf 84' lang='lat' dir='ltr'>Inachus</span> 
     </span>
     <span class='ocr_line' id='line_1_54' title="bbox 921 1523 1579 1566; baseline -0.003 -11"><span class='ocrx_word' id='word_1_289' title='bbox 921 1531 1049 1556; x_wconf 83' lang='lat' dir='ltr'>vocatur</span> <span class='ocrx_word' id='word_1_290' title='bbox 1065 1527 1197 1566; x_wconf 75' lang='lat' dir='ltr'>liquidus</span> <span class='ocrx_word' id='word_1_291' title='bbox 1208 1536 1327 1565; x_wconf 77' lang='lat' dir='ltr'>parens,</span> <span class='ocrx_word' id='word_1_292' title='bbox 1344 1523 1473 1554; x_wconf 90' lang='lat' dir='ltr'>Heroid.</span> <span class='ocrx_word' id='word_1_293' title='bbox 1488 1524 1579 1554; x_wconf 87' lang='lat' dir='ltr'>XIV.</span> 
     </span>
     <span class='ocr_line' id='line_1_55' title="bbox 923 1574 1579 1616; baseline -0.005 -11"><span class='ocrx_word' id='word_1_294' title='bbox 923 1576 974 1606; x_wconf 85' lang='lat'>89.</span> <span class='ocrx_word' id='word_1_295' title='bbox 1000 1575 1140 1616; x_wconf 88' lang='lat' dir='ltr'>Propert.</span> <span class='ocrx_word' id='word_1_296' title='bbox 1158 1575 1202 1606; x_wconf 88' lang='grc' dir='ltr'>ΙΙ.</span> <span class='ocrx_word' id='word_1_297' title='bbox 1219 1585 1293 1604; x_wconf 80' lang='lat' dir='ltr'>xxv.</span> <span class='ocrx_word' id='word_1_298' title='bbox 1310 1574 1370 1604; x_wconf 76' lang='lat'>342</span> <span class='ocrx_word' id='word_1_299' title='bbox 1397 1574 1519 1604; x_wconf 81' lang='lat' dir='ltr'>Acheloi</span> <span class='ocrx_word' id='word_1_300' title='bbox 1541 1574 1579 1602; x_wconf 87' lang='lat' dir='ltr'>li-</span> 
     </span>
     <span class='ocr_line' id='line_1_56' title="bbox 920 1625 1103 1665; baseline 0.005 -11"><span class='ocrx_word' id='word_1_301' title='bbox 920 1635 994 1664; x_wconf 77' lang='lat' dir='ltr'>quor</span> <span class='ocrx_word' id='word_1_302' title='bbox 1009 1625 1103 1665; x_wconf 76' lang='lat' dir='ltr'>luget.</span> 
     </span>
    </p>

    <p class='ocr_par' dir='ltr' id='par_1_12' title="bbox 918 1672 1581 2106">
     <span class='ocr_line' id='line_1_57' title="bbox 964 1672 1580 1713; baseline -0.003 -9"><span class='ocrx_word' id='word_1_303' title='bbox 964 1673 1037 1704; x_wconf 90' lang='lat'>706.</span> <span class='ocrx_word' id='word_1_304' title='bbox 1062 1672 1223 1713; x_wconf 64' lang='lat' dir='ltr'>calamos]</span> <span class='ocrx_word' id='word_1_305' title='bbox 1256 1673 1429 1703; x_wconf 88' lang='lat' dir='ltr'>Burmann.</span> <span class='ocrx_word' id='word_1_306' title='bbox 1454 1682 1492 1702; x_wconf 90' lang='lat' dir='ltr'>ex</span> <span class='ocrx_word' id='word_1_307' title='bbox 1518 1681 1580 1702; x_wconf 89' lang='lat' dir='ltr'>uno</span> 
     </span>
     <span class='ocr_line' id='line_1_58' title="bbox 919 1720 1579 1763; baseline -0.003 -11"><span class='ocrx_word' id='word_1_308' title='bbox 919 1722 1038 1753; x_wconf 88' lang='lat' dir='ltr'>Medic.</span> <span class='ocrx_word' id='word_1_309' title='bbox 1061 1734 1174 1753; x_wconf 82' lang='lat' dir='ltr'>cannas</span> <span class='ocrx_word' id='word_1_310' title='bbox 1198 1723 1334 1758; x_wconf 76' lang='lat' dir='ltr'>tenuisse,</span> <span class='ocrx_word' id='word_1_311' title='bbox 1357 1722 1431 1763; x_wconf 87' lang='lat' dir='ltr'>quia</span> <span class='ocrx_word' id='word_1_312' title='bbox 1453 1720 1579 1762; x_wconf 86' lang='lat' dir='ltr'>Apulei.</span> 
     </span>
     <span class='ocr_line' id='line_1_59' title="bbox 919 1772 1580 1806; baseline -0.003 -3"><span class='ocrx_word' id='word_1_313' title='bbox 919 1773 960 1803; x_wconf 86' lang='lat' dir='ltr'>V.</span> <span class='ocrx_word' id='word_1_314' title='bbox 975 1773 1108 1803; x_wconf 88' lang='lat' dir='ltr'>Metam.</span> <span class='ocrx_word' id='word_1_315' title='bbox 1141 1772 1235 1802; x_wconf 83' lang='lat' dir='ltr'>Deam</span> <span class='ocrx_word' id='word_1_316' title='bbox 1263 1772 1399 1802; x_wconf 78' lang='lat' dir='ltr'>Cunnum</span> <span class='ocrx_word' id='word_1_317' title='bbox 1425 1778 1526 1806; x_wconf 85' lang='lat' dir='ltr'>vocat,</span> <span class='ocrx_word' id='word_1_318' title='bbox 1548 1776 1580 1801; x_wconf 89' lang='lat' dir='ltr'>et</span> 
     </span>
     <span class='ocr_line' id='line_1_60' title="bbox 918 1820 1581 1862; baseline -0.002 -11"><span class='ocrx_word' id='word_1_319' title='bbox 918 1820 993 1862; x_wconf 88' lang='lat' dir='ltr'>quia</span> <span class='ocrx_word' id='word_1_320' title='bbox 1012 1831 1074 1851; x_wconf 89' lang='lat' dir='ltr'>ver.</span> <span class='ocrx_word' id='word_1_321' title='bbox 1093 1821 1165 1851; x_wconf 88' lang='lat'>711.</span> <span class='ocrx_word' id='word_1_322' title='bbox 1203 1820 1265 1851; x_wconf 88' lang='lat' dir='ltr'>Sed</span> <span class='ocrx_word' id='word_1_323' title='bbox 1289 1820 1374 1851; x_wconf 87' lang='lat' dir='ltr'>Plin.</span> <span class='ocrx_word' id='word_1_324' title='bbox 1397 1820 1480 1850; x_wconf 79' lang='lat' dir='ltr'>Hist.</span> <span class='ocrx_word' id='word_1_325' title='bbox 1504 1820 1581 1850; x_wconf 89' lang='lat' dir='ltr'>Nat.</span> 
     </span>
     <span class='ocr_line' id='line_1_61' title="bbox 919 1869 1580 1901; baseline 0 -1"><span class='ocrx_word' id='word_1_326' title='bbox 919 1869 982 1900; x_wconf 90' lang='lat' dir='ltr'>xvi.</span> <span class='ocrx_word' id='word_1_327' title='bbox 995 1871 1036 1901; x_wconf 88' lang='lat'>36</span> <span class='ocrx_word' id='word_1_328' title='bbox 1053 1881 1077 1901; x_wconf 91' lang='lat' dir='ltr'>s.</span> <span class='ocrx_word' id='word_1_329' title='bbox 1099 1871 1159 1900; x_wconf 89' lang='lat'>66:</span> <span class='ocrx_word' id='word_1_330' title='bbox 1185 1875 1204 1888; x_wconf 90' lang='lat'>“</span> <span class='ocrx_word' id='word_1_331' title='bbox 1222 1870 1372 1901; x_wconf 86' lang='lat' dir='ltr'>Calamus</span> <span class='ocrx_word' id='word_1_332' title='bbox 1394 1870 1474 1900; x_wconf 89' lang='lat' dir='ltr'>alius</span> <span class='ocrx_word' id='word_1_333' title='bbox 1497 1874 1580 1900; x_wconf 85' lang='lat' dir='ltr'>totus</span> 
     </span>
     <span class='ocr_line' id='line_1_62' title="bbox 919 1918 1579 1960; baseline -0.002 -11"><span class='ocrx_word' id='word_1_334' title='bbox 919 1928 1086 1954; x_wconf 87' lang='lat' dir='ltr'>concavus,</span> <span class='ocrx_word' id='word_1_335' title='bbox 1101 1929 1194 1960; x_wconf 90' lang='lat' dir='ltr'>quem</span> <span class='ocrx_word' id='word_1_336' title='bbox 1207 1919 1375 1960; x_wconf 84' lang='lat' dir='ltr'>syringiam</span> <span class='ocrx_word' id='word_1_337' title='bbox 1385 1925 1509 1954; x_wconf 78' lang='lat' dir='ltr'>vocant,</span> <span class='ocrx_word' id='word_1_338' title='bbox 1521 1918 1579 1949; x_wconf 87' lang='lat' dir='ltr'>uti-</span> 
     </span>
     <span class='ocr_line' id='line_1_63' title="bbox 918 1967 1580 2009; baseline -0.002 -11"><span class='ocrx_word' id='word_1_339' title='bbox 918 1967 1053 1998; x_wconf 85' lang='lat' dir='ltr'>lissimus</span> <span class='ocrx_word' id='word_1_340' title='bbox 1077 1968 1200 2004; x_wconf 87' lang='lat' dir='ltr'>fistulis,</span> <span class='ocrx_word' id='word_1_341' title='bbox 1217 1968 1364 2009; x_wconf 85' lang='lat' dir='ltr'>quoniam</span> <span class='ocrx_word' id='word_1_342' title='bbox 1383 1967 1460 1999; x_wconf 89' lang='lat' dir='ltr'>nihil</span> <span class='ocrx_word' id='word_1_343' title='bbox 1480 1967 1508 1999; x_wconf 87' lang='lat' dir='ltr'>ei</span> <span class='ocrx_word' id='word_1_344' title='bbox 1533 1973 1580 1998; x_wconf 87' lang='lat' dir='ltr'>est</span> 
     </span>
     <span class='ocr_line' id='line_1_64' title="bbox 919 2017 1578 2058; baseline 0 -11"><span class='ocrx_word' id='word_1_345' title='bbox 919 2017 1110 2058; x_wconf 85' lang='lat' dir='ltr'>cartilaginis</span> <span class='ocrx_word' id='word_1_346' title='bbox 1134 2023 1229 2058; x_wconf 88' lang='lat' dir='ltr'>atque</span> <span class='ocrx_word' id='word_1_347' title='bbox 1252 2017 1386 2049; x_wconf 87' lang='lat' dir='ltr'>earnis.’&#39;</span> <span class='ocrx_word' id='word_1_348' title='bbox 1433 2018 1578 2048; x_wconf 77' lang='lat' dir='ltr'>Laetam.</span> 
     </span>
     <span class='ocr_line' id='line_1_65' title="bbox 919 2066 1546 2106; baseline 0 -9"><span class='ocrx_word' id='word_1_349' title='bbox 919 2066 952 2097; x_wconf 86' lang='lat' dir='ltr'>in</span> <span class='ocrx_word' id='word_1_350' title='bbox 966 2066 1097 2106; x_wconf 87' lang='lat' dir='ltr'>Argum.</span> <span class='ocrx_word' id='word_1_351' title='bbox 1114 2068 1144 2096; x_wconf 83' lang='lat' dir='ltr'>in</span> <span class='ocrx_word' id='word_1_352' title='bbox 1160 2068 1325 2097; x_wconf 30' lang='lat' dir='ltr'>[arundines</span> <span class='ocrx_word' id='word_1_353' title='bbox 1341 2078 1477 2097; x_wconf 72' lang='lat' dir='ltr'>conversa</span> <span class='ocrx_word' id='word_1_354' title='bbox 1495 2073 1546 2097; x_wconf 81' lang='lat' dir='ltr'>est.</span> 
     </span>
    </p>

    <p class='ocr_par' dir='ltr' id='par_1_13' title="bbox 920 2115 1579 2256">
     <span class='ocr_line' id='line_1_66' title="bbox 964 2115 1579 2155; baseline 0 -10"><span class='ocrx_word' id='word_1_355' title='bbox 964 2116 1036 2146; x_wconf 89' lang='lat'>707.</span> <span class='ocrx_word' id='word_1_356' title='bbox 1062 2115 1202 2155; x_wconf 77' lang='lat' dir='ltr'>Dumque</span> <span class='ocrx_word' id='word_1_357' title='bbox 1225 2117 1264 2145; x_wconf 84' lang='lat' dir='ltr'>ibi</span> <span class='ocrx_word' id='word_1_358' title='bbox 1289 2115 1447 2155; x_wconf 63' lang='lat' dir='ltr'>suspirat]</span> <span class='ocrx_word' id='word_1_359' title='bbox 1476 2115 1521 2146; x_wconf 78' lang='lat' dir='ltr'>Ibi</span> <span class='ocrx_word' id='word_1_360' title='bbox 1547 2115 1579 2145; x_wconf 85' lang='lat' dir='ltr'>in</span> 
     </span>
     <span class='ocr_line' id='line_1_67' title="bbox 920 2163 1579 2207; baseline 0.002 -13"><span class='ocrx_word' id='word_1_361' title='bbox 920 2163 1040 2195; x_wconf 78' lang='lat' dir='ltr'>calamo</span> <span class='ocrx_word' id='word_1_362' title='bbox 1075 2164 1208 2205; x_wconf 88' lang='lat' dir='ltr'>suspirat</span> <span class='ocrx_word' id='word_1_363' title='bbox 1242 2164 1365 2205; x_wconf 82' lang='lat' dir='ltr'>Syrinx,</span> <span class='ocrx_word' id='word_1_364' title='bbox 1397 2165 1446 2195; x_wconf 82' lang='lat' dir='ltr'>vel</span> <span class='ocrx_word' id='word_1_365' title='bbox 1478 2165 1579 2207; x_wconf 84' lang='lat' dir='ltr'>potius</span> 
     </span>
     <span class='ocr_line' id='line_1_68' title="bbox 921 2214 1422 2256; baseline 0.002 -12"><span class='ocrx_word' id='word_1_366' title='bbox 921 2214 998 2250; x_wconf 87' lang='lat' dir='ltr'>Pan,</span> <span class='ocrx_word' id='word_1_367' title='bbox 1015 2215 1053 2245; x_wconf 91' lang='lat' dir='ltr'>ob</span> <span class='ocrx_word' id='word_1_368' title='bbox 1070 2214 1213 2245; x_wconf 86' lang='lat' dir='ltr'>amissam</span> <span class='ocrx_word' id='word_1_369' title='bbox 1231 2214 1422 2256; x_wconf 86' lang='lat' dir='ltr'>Nympham.</span> 
     </span>
    </p>

    <p class='ocr_par' dir='ltr' id='par_1_14' title="bbox 920 2264 1580 2393">
     <span class='ocr_line' id='line_1_69' title="bbox 964 2264 1578 2305; baseline 0.002 -11"><span class='ocrx_word' id='word_1_370' title='bbox 964 2265 1037 2295; x_wconf 84' lang='lat'>708.</span> <span class='ocrx_word' id='word_1_371' title='bbox 1060 2264 1170 2294; x_wconf 70' lang='lat' dir='ltr'>Sanum</span> <span class='ocrx_word' id='word_1_372' title='bbox 1194 2270 1322 2300; x_wconf 76' lang='lat' dir='ltr'>tenuem,</span> <span class='ocrx_word' id='word_1_373' title='bbox 1337 2264 1463 2305; x_wconf 87' lang='lat' dir='ltr'>qualem</span> <span class='ocrx_word' id='word_1_374' title='bbox 1484 2264 1578 2295; x_wconf 85' lang='lat' dir='ltr'>habet</span> 
     </span>
     <span class='ocr_line' id='line_1_70' title="bbox 922 2312 1580 2355; baseline 0.002 -12"><span class='ocrx_word' id='word_1_375' title='bbox 922 2313 1034 2349; x_wconf 82' lang='lat' dir='ltr'>fistula,</span> <span class='ocrx_word' id='word_1_376' title='bbox 1054 2313 1137 2344; x_wconf 89' lang='lat' dir='ltr'>unde</span> <span class='ocrx_word' id='word_1_377' title='bbox 1156 2313 1223 2355; x_wconf 88' lang='lat' dir='ltr'>ipsa</span> <span class='ocrx_word' id='word_1_378' title='bbox 1243 2312 1422 2349; x_wconf 84' lang='grc' dir='ltr'>λεπταλέα,</span> <span class='ocrx_word' id='word_1_379' title='bbox 1437 2319 1468 2344; x_wconf 85' lang='lat' dir='ltr'>et</span> <span class='ocrx_word' id='word_1_380' title='bbox 1483 2316 1580 2345; x_wconf 68' lang='lat' dir='ltr'>tenuis</span> 
     </span>
     <span class='ocr_line' id='line_1_71' title="bbox 920 2361 1047 2393; baseline 0.008 -1"><span class='ocrx_word' id='word_1_381' title='bbox 920 2361 1047 2393; x_wconf 90' lang='lat' dir='ltr'>dicitur.</span> 
     </span>
    </p>

    <p class='ocr_par' dir='ltr' id='par_1_15' title="bbox 921 2411 1579 2797">
     <span class='ocr_line' id='line_1_72' title="bbox 965 2411 1577 2452; baseline 0.002 -11"><span class='ocrx_word' id='word_1_382' title='bbox 965 2412 1036 2443; x_wconf 90' lang='lat'>710.</span> <span class='ocrx_word' id='word_1_383' title='bbox 1062 2412 1256 2452; x_wconf 65' lang='lat' dir='ltr'>Concilium]</span> <span class='ocrx_word' id='word_1_384' title='bbox 1290 2411 1375 2442; x_wconf 90' lang='lat' dir='ltr'>Olim</span> <span class='ocrx_word' id='word_1_385' title='bbox 1396 2411 1486 2442; x_wconf 89' lang='lat' dir='ltr'>edeb.</span> <span class='ocrx_word' id='word_1_386' title='bbox 1510 2423 1577 2442; x_wconf 81' lang='lat' dir='ltr'>con—</span> 
     </span>
     <span class='ocr_line' id='line_1_73' title="bbox 921 2459 1578 2501; baseline 0 -11"><span class='ocrx_word' id='word_1_387' title='bbox 921 2461 1022 2490; x_wconf 72' lang='lat' dir='ltr'>silium</span> <span class='ocrx_word' id='word_1_388' title='bbox 1043 2466 1097 2491; x_wconf 90' lang='lat' dir='ltr'>aut</span> <span class='ocrx_word' id='word_1_389' title='bbox 1121 2461 1312 2501; x_wconf 79' lang='lat' dir='ltr'>colloquium.</span> <span class='ocrx_word' id='word_1_390' title='bbox 1353 2459 1578 2492; x_wconf 83' lang='lat' dir='ltr'>Jac.-a-Cruce</span> 
     </span>
     <span class='ocr_line' id='line_1_74' title="bbox 923 2508 1579 2550; baseline 0 -11"><span class='ocrx_word' id='word_1_391' title='bbox 923 2508 1077 2539; x_wconf 84' lang='lat' dir='ltr'>suadebat</span> <span class='ocrx_word' id='word_1_392' title='bbox 1111 2511 1285 2545; x_wconf 73' lang='lat' dir='ltr'>condilinm,</span> <span class='ocrx_word' id='word_1_393' title='bbox 1315 2509 1389 2550; x_wconf 88' lang='lat' dir='ltr'>quia</span> <span class='ocrx_word' id='word_1_394' title='bbox 1416 2508 1448 2539; x_wconf 91' lang='lat' dir='ltr'>in</span> <span class='ocrx_word' id='word_1_395' title='bbox 1476 2508 1579 2540; x_wconf 86' lang='lat' dir='ltr'>fistula</span> 
     </span>
     <span class='ocr_line' id='line_1_75' title="bbox 925 2557 1578 2600; baseline 0.002 -13"><span class='ocrx_word' id='word_1_396' title='bbox 925 2557 1015 2588; x_wconf 85' lang='lat' dir='ltr'>multi</span> <span class='ocrx_word' id='word_1_397' title='bbox 1035 2558 1159 2594; x_wconf 88' lang='lat' dir='ltr'>calami,</span> <span class='ocrx_word' id='word_1_398' title='bbox 1174 2565 1323 2600; x_wconf 83' lang='lat' dir='ltr'>tanquam</span> <span class='ocrx_word' id='word_1_399' title='bbox 1346 2558 1480 2594; x_wconf 89' lang='lat' dir='ltr'>annulis,</span> <span class='ocrx_word' id='word_1_400' title='bbox 1494 2568 1578 2589; x_wconf 89' lang='lat' dir='ltr'>com-</span> 
     </span>
     <span class='ocr_line' id='line_1_76' title="bbox 924 2606 1578 2648; baseline 0.002 -11"><span class='ocrx_word' id='word_1_401' title='bbox 924 2606 1015 2648; x_wconf 81' lang='lat' dir='ltr'>positi</span> <span class='ocrx_word' id='word_1_402' title='bbox 1028 2606 1150 2639; x_wconf 82' lang='lat' dir='ltr'>suerint.</span> <span class='ocrx_word' id='word_1_403' title='bbox 1173 2608 1293 2638; x_wconf 88' lang='lat' dir='ltr'>Ciofan.</span> <span class='ocrx_word' id='word_1_404' title='bbox 1305 2618 1342 2638; x_wconf 85' lang='lat' dir='ltr'>ex</span> <span class='ocrx_word' id='word_1_405' title='bbox 1355 2607 1475 2639; x_wconf 89' lang='lat' dir='ltr'>duobus</span> <span class='ocrx_word' id='word_1_406' title='bbox 1486 2607 1578 2638; x_wconf 86' lang='lat' dir='ltr'>MSS.</span> 
     </span>
     <span class='ocr_line' id='line_1_77' title="bbox 924 2655 1577 2695; baseline 0.002 -10"><span class='ocrx_word' id='word_1_407' title='bbox 924 2655 1097 2695; x_wconf 79' lang='lat' dir='ltr'>proferebat</span> <span class='ocrx_word' id='word_1_408' title='bbox 1125 2658 1296 2692; x_wconf 78' lang='lat' dir='ltr'>concilium,</span> <span class='ocrx_word' id='word_1_409' title='bbox 1327 2656 1346 2687; x_wconf 89' lang='lat' dir='ltr'>i.</span> <span class='ocrx_word' id='word_1_410' title='bbox 1370 2667 1398 2687; x_wconf 82' lang='lat' dir='ltr'>e.</span> <span class='ocrx_word' id='word_1_411' title='bbox 1435 2655 1577 2691; x_wconf 87' lang='lat' dir='ltr'>societas,</span> 
     </span>
     <span class='ocr_line' id='line_1_78' title="bbox 923 2705 1577 2747; baseline 0.003 -13"><span class='ocrx_word' id='word_1_412' title='bbox 923 2705 1126 2741; x_wconf 83' lang='lat' dir='ltr'>consuetudo,</span> <span class='ocrx_word' id='word_1_413' title='bbox 1141 2706 1237 2747; x_wconf 88' lang='lat' dir='ltr'>quod,</span> <span class='ocrx_word' id='word_1_414' title='bbox 1252 2716 1348 2747; x_wconf 90' lang='lat' dir='ltr'>quum</span> <span class='ocrx_word' id='word_1_415' title='bbox 1362 2706 1455 2737; x_wconf 87' lang='lat' dir='ltr'>etiam</span> <span class='ocrx_word' id='word_1_416' title='bbox 1470 2705 1502 2736; x_wconf 90' lang='lat' dir='ltr'>in</span> <span class='ocrx_word' id='word_1_417' title='bbox 1518 2706 1577 2736; x_wconf 95' lang='lat' dir='ltr'>Lo-</span> 
     </span>
     <span class='ocr_line' id='line_1_79' title="bbox 922 2755 1576 2797; baseline 0.003 -14"><span class='ocrx_word' id='word_1_418' title='bbox 922 2764 995 2783; x_wconf 81' lang='lat' dir='ltr'>van.</span> <span class='ocrx_word' id='word_1_419' title='bbox 1015 2759 1162 2789; x_wconf 80' lang='lat' dir='ltr'>exstaret,</span> <span class='ocrx_word' id='word_1_420' title='bbox 1179 2755 1288 2785; x_wconf 85' lang='lat' dir='ltr'>merito</span> <span class='ocrx_word' id='word_1_421' title='bbox 1304 2761 1459 2797; x_wconf 83' lang='lat' dir='ltr'>receptum</span> <span class='ocrx_word' id='word_1_422' title='bbox 1475 2760 1521 2785; x_wconf 84' lang='lat' dir='ltr'>est</span> <span class='ocrx_word' id='word_1_423' title='bbox 1538 2755 1576 2785; x_wconf 88' lang='lat' dir='ltr'>ab</span> 
     </span>
    </p>
   </div>
  </div>
 </body>
</html>
