1763 3181
209 169 294 211 310

593 172 643 213 P.
677 171 889 214 OVIDII
921 171 1200 214 NASONIS

218 285 383 332 Saxea
406 285 537 333 sacta
559 303 734 334 manus
759 288 808 334 in
833 287 1033 335 easdem
1058 287 1266 351 porrigit
1290 288 1474 336 undas:

214 361 394 424 Hujus,
422 370 476 410 ut
501 363 758 428 adreptum
783 364 1000 412 laniabat
1024 364 1206 412 vertice
1232 364 1433 420 crinem,

214 438 429 486 Duratos
451 439 616 487 subito
641 441 820 503 digitos
847 442 895 488 in
920 441 1053 489 crine
1077 441 1284 489 videreS.

215 513 324 568 Quo
341 531 552 579 quaeque
573 517 622 563 in
637 526 779 579 gestu
799 518 1134 581 deprenditur,
1153 517 1297 564 haesit
1311 517 1360 563 in
1376 517 1474 563 illo.
1495 520 1588 564 559

214 591 337 638 Pars
353 593 574 641 volucres
600 594 740 641 factae
764 614 773 652 ;
805 612 916 658 quae
942 611 1072 642 nunc
1100 610 1299 658 quoque
1325 595 1516 656 gurgite
1542 595 1592 640 in

212 668 432 731 AEquora
455 670 768 733 destringunt
788 671 991 719 summis
1018 670 1293 718 Ismenides
1319 670 1423 717 alis.
1487 671 1591 732 [illo

280 744 378 792 III.
400 745 574 794 Nescit
589 747 896 809 Agenorides
913 755 1097 804 natam,
1118 763 1423 811 parvumque
1438 763 1590 811 nepo-

213 820 442 883 AEquoris
469 839 578 871 esse
601 824 762 872 Deos:
792 826 928 872 luctu
954 825 1180 887 serieque
1205 825 1442 871 malorum
1470 825 1592 886 [tem

212 897 404 954 Victus,
433 906 484 946 et
508 901 732 957 ostentis,
760 918 869 964 quae
892 901 1104 965 plurima
1126 901 1329 957 viderat,
1357 901 1460 947 exit

215 974 456 1022 Conditor
474 978 594 1024 urbe
617 994 732 1035 sua3
761 986 998 1041 tanquam
1023 977 1219 1025 fortuna
1242 978 1477 1032 locorum,
1496 979 1590 1024 565

214 1050 329 1097 Non
355 1068 444 1099 sua
468 1069 521 1100 se
547 1062 818 1116 premeret;
858 1054 1120 1118 longisque
1147 1054 1386 1101 erratibus
1411 1061 1568 1110 actus,

216 1127 440 1191 Contigit
456 1129 682 1193 Illyricos
699 1131 906 1194 profuga
927 1147 1040 1178 cum
1061 1132 1271 1194 conjuge
1292 1131 1432 1178 fines.
1462 1132 1592 1193 [tant

212 1203 427 1268 Jamque
445 1207 588 1254 malis
610 1208 851 1271 annisque
877 1223 1064 1272 graves,
1083 1208 1202 1254 dum
1226 1208 1386 1271 prima
1408 1214 1590 1254 retrac-

212 1281 336 1331 Fata
360 1283 552 1340 domus,
579 1285 904 1348 releguntque
930 1301 1044 1333 suos
1071 1301 1295 1332 sermone
1320 1285 1514 1332 labores
1536 1302 1547 1342 ;

256 1449 329 1480 561.
362 1449 519 1481 Revocavi
549 1451 754 1493 antiquiorem
782 1452 870 1484 lecti-

213 1507 303 1528 onem
320 1501 448 1536 summis,
464 1511 559 1541 quum
580 1501 728 1532 Heinsius
749 1504 871 1542 sumptis

213 1547 407 1579 correxisset.
464 1549 548 1579 Illud
579 1549 662 1580 enim
689 1551 768 1581 bene
798 1561 870 1581 con-

212 1594 298 1626 venit
325 1607 395 1627 voc.
424 1598 628 1639 destringunt.
685 1599 758 1629 Non
791 1610 870 1630 mer—

212 1650 327 1684 guntur
342 1644 404 1676 illae
427 1657 511 1682 aves,
533 1647 588 1677 sed
609 1650 725 1678 summis
748 1653 871 1678 tantum

212 1695 268 1724 alis
293 1696 496 1737 destringunt,
519 1697 630 1727 radunt
655 1708 747 1738 super
770 1697 871 1728 ficiem

212 1742 315 1774 maris.
353 1744 461 1786 Supra,
478 1756 540 1776 ver.
556 1747 634 1776 136:
651 1758 749 1787 aequor
763 1750 871 1788 exigua

213 1803 303 1831 quum
337 1804 482 1824 summum
517 1797 682 1836 stringitur
710 1807 798 1827 aura.
828 1796 870 1828 xi.

214 1841 298 1872 733:
325 1843 496 1884 Stringebat
523 1856 648 1875 summas
670 1846 729 1875 ales
749 1847 870 1875 misera-

212 1890 278 1921 bilis
293 1893 400 1922 undas.

255 1934 436 1965 562—602.
470 1935 570 1966 Nescit
596 1937 779 1977 Agenorides
814 1949 868 1967 mz-

216 1989 285 2019 tam,
314 1984 391 2024 etc.]
425 1984 575 2021 Cadmus,
599 1985 714 2016 Thebis
740 1985 868 2022 relictis,

215 2030 254 2061 ad
284 2032 458 2064 Encheleas
486 2033 576 2074 fugit,
606 2045 625 2064 a
653 2034 776 2075 quibus,
803 2045 867 2064 mo-

214 2085 306 2111 nente
336 2082 469 2117 oraculo,
499 2081 632 2123 primum
666 2082 728 2113 dux
763 2089 869 2114 contra

213 2128 364 2170 Illyricos,
380 2141 450 2161 mox
474 2141 526 2162 rex
551 2138 683 2163 creatur.
719 2131 868 2174 Apollod.

213 2178 276 2209 ΙΙΙ.
298 2191 328 2210 ν.
354 2181 391 2217 4;
424 2180 559 2212 Pausan.
582 2181 688 2212 Boeot.
717 2192 749 2222 p.
777 2182 838 2212 719
859 2194 865 2219 3

212 2228 332 2263 Strabo,
347 2228 401 2258 vii.
416 2241 448 2271 p.
464 2230 536 2260 503.
573 2229 634 2260 Sed
651 2230 733 2271 apud
749 2230 868 2272 Mythi-

214 2287 266 2307 cos
290 2277 330 2307 ad
352 2283 523 2309 extremum
545 2284 682 2309 mutatur
708 2279 739 2309 in
758 2279 867 2310 draco-

214 2336 298 2356 nem.
315 2326 455 2369 Euripid.
471 2328 589 2359 Bacch.
605 2338 668 2359 ver.
681 2329 763 2359 1328
779 2339 847 2370 sqq.
861 2341 869 2368 3

213 2374 333 2416 Hygin.
361 2375 423 2406 fab.
451 2376 505 2414 vi;
538 2376 683 2418 Apollon.
710 2376 750 2409 iv.
782 2379 866 2417 5173

213 2423 319 2453 Nonni
345 2423 475 2465 Dionys.
497 2425 551 2456 lib.
574 2425 647 2456 xliv.
694 2426 800 2468 Atque
824 2426 868 2457 ita

214 2477 359 2503 eventum
385 2473 493 2504 habuit
520 2476 679 2505 oraculum
705 2485 798 2517 supra
824 2475 868 2507 iii.

213 2522 268 2552 98.
285 2521 313 2552 ei
328 2521 447 2553 datum.
494 2523 558 2554 Aut
575 2524 773 2565 Etymologia
788 2525 868 2556 hanc

213 2569 277 2600 sab.
296 2571 424 2612 peperit,
441 2571 516 2613 quia
539 2572 678 2604 Cadmus
699 2573 739 2604 ad
755 2572 869 2615 Ἐγχε-

212 2619 280 2655 λεῖς
294 2619 442 2661 confugit,
459 2626 513 2651 aut
535 2621 706 2662 symbolica
725 2623 868 2664 quaedam

214 2667 325 2708 imago,
336 2668 374 2699 de
390 2680 452 2710 qua
467 2668 507 2700 ad
517 2680 640 2701 versum
656 2671 727 2701 602.
754 2671 866 2708 Nescit,

214 2716 296 2747 unde
332 2718 475 2749 solatium
504 2729 615 2762 capere
650 2720 801 2762 potuisset
835 2721 866 2752 in

939 1453 1035 1482 luctu.
1077 1451 1171 1482 Series
1194 1450 1249 1481 illa
1274 1452 1419 1481 malorum
1442 1449 1474 1480 in
1500 1459 1591 1490 supe-

937 1500 1066 1532 rioribus
1083 1506 1216 1537 narrata,
1233 1500 1305 1531 inde
1322 1510 1340 1530 a
1354 1499 1400 1530 iii.
1419 1500 1491 1530 138.
1524 1499 1592 1529 Vic-

937 1559 997 1586 tus,
1028 1550 1143 1581 fractus
1180 1549 1293 1580 animo.
1349 1549 1489 1584 Ostentis,
1522 1558 1592 1590 quae

938 1600 1041 1630 sutura
1064 1599 1158 1630 etiam
1178 1599 1260 1629 mala
1282 1598 1518 1640 portendebant.
1562 1597 1592 1628 A

938 1648 1064 1679 Baccho
1085 1648 1113 1678 ei
1135 1647 1219 1690 apud
1243 1647 1425 1688 Euripidem
1449 1647 1593 1688 praedici*

938 1704 987 1728 tur
1000 1698 1101 1739 ὄχλος
1114 1697 1261 1739 μόχθων.
1301 1697 1385 1732 Erit,
1403 1697 1496 1726 immo
1511 1697 1592 1738 ejec-

939 1753 987 1778 tus
1003 1754 1060 1783 est,
1082 1747 1131 1777 vel
1155 1746 1239 1787 quod
1254 1746 1416 1777 Bacchum
1433 1752 1591 1788 contemp-

937 1802 1029 1832 serat,
1045 1794 1187 1837 Euripid.
1205 1794 1236 1825 d.
1251 1795 1274 1825 l.
1291 1794 1340 1825 vel
1358 1795 1396 1825 ab
1414 1793 1592 1836 Amphione

937 1850 968 1875 et
983 1844 1089 1879 Zetho,
1106 1844 1229 1885 syncel.
1245 1855 1276 1885 p.
1294 1844 1365 1875 157.
1402 1843 1507 1874 Etiam
1523 1847 1593 1875 locis

938 1894 1075 1924 Fortuna
1099 1892 1243 1934 quaedam
1264 1900 1402 1932 proferat,
1424 1903 1591 1935 eorumque

937 1941 1001 1972 fata
1030 1942 1169 1983 regebat.
1215 1941 1329 1973 Confer
1360 1941 1410 1972 vii.
1435 1942 1520 1980 5763
1556 1953 1590 1973 x.

937 1992 1021 2030 3353
1045 1991 1151 2032 ibique
1174 1997 1292 2022 notam.
1334 1992 1494 2027 Premeret,
1518 2001 1592 2022 vex-

937 2046 1014 2071 aret.
1063 2040 1234 2076 Erroribus,
1248 2040 1410 2076 erroribus,
1429 2050 1507 2071 nove
1527 2040 1593 2071 dic-

936 2095 1012 2121 tum.
1045 2090 1171 2120 Erravit
1187 2095 1291 2120 autem
1307 2100 1362 2131 per
1372 2089 1592 2121 Macedoniam

935 2144 966 2169 et
982 2137 1121 2180 Epirum.
1138 2138 1356 2180 ApollodorUS.

979 2188 1054 2218 568.
1079 2187 1232 2228 Jamque]
1274 2188 1395 2230 Nempe
1425 2193 1590 2230 postquam

935 2235 1118 2277 aliquandiu
1142 2241 1326 2277 regnaverat
1353 2236 1408 2273 ibi,
1432 2236 1592 2279 filiumque

936 2284 1097 2325 Illyricum
1123 2290 1292 2325 genuerat3
1315 2285 1420 2315 confer
1444 2284 1592 2326 Apollod.

937 2333 1061 2369 Graves,
1076 2333 1249 2374 defatigati.
1284 2334 1389 2364 Etiam
1409 2334 1512 2365 Graec.
1531 2334 1593 2366 ε’νι-

934 2383 1045 2419 αυτοῖς
1058 2381 1284 2424 βεβαρυμένοι.
1321 2382 1430 2414 Horat.
1444 2382 1471 2413 Ῑ.
1487 2383 1551 2414 Sat.
1566 2383 1590 2414 i.

935 2431 964 2461 4.
994 2431 1082 2462 miles
1112 2434 1200 2462 annis
1228 2434 1340 2473 gravis.
1397 2432 1591 2470 Βείναοίαπῑ,

934 2480 1082 2511 memoria
1119 2485 1151 2511 et
1186 2491 1327 2512 sermone
1356 2486 1510 2523 repetunt.
1538 2481 1592 2512 vii.

935 2529 1008 2560 714.
1045 2529 1162 2560 Eodem
1178 2529 1257 2560 redit
1273 2531 1401 2571 relegere
1415 2542 1422 2567 ;
1446 2541 1519 2561 nam
1535 2530 1589 2572 qui

937 2578 1041 2619 relegit
1064 2579 1134 2614 iter,
1154 2578 1181 2609 is
1208 2578 1331 2615 eadem,
1363 2589 1426 2620 qua
1453 2585 1591 2616 venerat,

935 2625 985 2656 via
999 2626 1088 2657 redit.

979 2676 1052 2706 570.
1075 2676 1192 2716 Sacer]
1218 2675 1314 2707 Marti
1337 2681 1403 2707 erat
1426 2687 1587 2708 consecra-

936 2728 995 2760 tus,
1011 2723 1151 2766 adeoque
1167 2724 1369 2757 inviolabilis.
1407 2725 1491 2757 Hinc
1507 2725 1588 2757 Cad-
