1763 3181
225 185 308 227 344
599 186 650 226 Ρ.
684 184 896 226 OVIDII
931 182 1208 225 NASONIS

294 299 364 347 ΙΙ.
405 299 577 347 Victor
597 299 903 347 Abantiades
928 299 1114 363 patrios
1140 313 1253 345 cum
1278 299 1488 361 conjuge
1503 312 1609 343 mu—

227 376 402 432 Intrat‚
431 383 481 423 et
505 376 736 423 immeriti
760 375 942 422 vindex
968 375 1198 438 ultorque
1223 374 1442 438 parentis
1509 374 1611 436 [ros

226 452 525 517 Aggreditur
551 453 772 500 Proetum
793 471 802 510 3
844 468 956 500 nam
981 451 1130 501 fratre
1155 468 1243 517 per
1268 467 1403 499 arma
1425 450 1596 514 fugato

226 530 543 578 Acrisioneas
574 530 770 577 Proetus
797 531 1088 594 possederat
1112 545 1267 577 arces.
1515 529 1611 574 239

229 607 330 656 Sed
364 624 456 656 nec
495 624 588 672 ope
622 623 887 663 armorum,
915 624 1022 664 nec,
1050 622 1201 671 quam
1234 606 1360 653 male
1394 611 1611 668 ceperat,

227 684 389 732 Torva
413 684 691 733 colubriferi
719 684 970 748 superavit
991 684 1178 731 lumina
1202 681 1422 730 monstri.
1459 683 1610 743 [arce,

228 760 299 809 Te
325 768 507 817 tamen,
535 778 563 809 o
588 777 751 825 parvae
777 768 952 817 rector,
977 760 1269 823 Polydecta‚
1299 758 1511 822 Seriphi,

229 837 336 886 Nec
355 838 552 902 juvenis
573 838 743 895 virtus,
770 853 858 902 per
881 844 955 885 tot
979 844 1205 901 spectata
1228 836 1438 891 labores,

226 913 274 961 N
278 931 335 963 ec
361 916 492 963 mala
516 915 822 962 mollierant:
864 914 952 961 sed
977 913 1283 962 inexorabile
1307 913 1458 959 durus

226 990 446 1040 Exerces
471 992 667 1046 odium;
707 1008 798 1039 nec
824 991 996 1056 iniqua
1018 992 1128 1039 finis
1154 991 1204 1039 in
1228 991 1299 1038 ira
1323 998 1414 1038 est.

1514 991 1612 1036 245

228 1068 491 1118 Detrectas
516 1070 666 1117 etiam
690 1070 880 1125 laudes,
907 1070 1174 1133 fictamque
1200 1068 1428 1116 Medusae

266 1212 341 1244 236.
359 1213 461 1244 Patria*
471 1215 562 1250 muri,
572 1214 646 1245 urbs
655 1213 768 1254 Argos,
779 1224 885 1255 quam,

224 1261 281 1292 etsi
317 1262 445 1293 tenebat
472 1262 609 1299 Proetus,
638 1269 743 1295 tamen
771 1263 885 1294 intrare

226 1309 358 1342 Perseus
372 1317 504 1353 poterat.
542 1312 615 1342 Non
630 1311 725 1354 igitur
740 1317 816 1348 erat,
831 1322 886 1342 cur

224 1360 424 1392 Burmannus
438 1361 596 1404 praeserret
607 1362 690 1402 fines
706 1367 760 1392 aut
771 1368 885 1402 portus.

225 1408 302 1439 Cum
317 1412 454 1451 conjuge,
470 1410 681 1441 Andromeda.

266 1459 340 1489 237.
366 1459 407 1489 Et
431 1461 584 1496 immeriti,
610 1460 689 1500 etc.]
738 1459 886 1491 Heinsius

220 1518 259 1538 ex
283 1508 432 1549 Naugerii
456 1509 548 1540 MSS.
564 1509 652 1540 dedit
673 1512 837 1547 immeritae,
852 1516 886 1541 ut

219 1568 328 1597 parens
349 1557 399 1588 hic
426 1557 466 1588 sit
487 1559 619 1598 Danae;
643 1570 713 1601 quae
738 1570 799 1601 quo
815 1559 885 1601 jure

225 1606 349 1637 dicatur
363 1609 522 1645 immerita,
537 1614 569 1639 et
589 1619 682 1650 quam
698 1607 841 1650 injuriam
857 1608 885 1640 ei

222 1665 239 1686 e
262 1655 368 1687 Proeto
390 1656 513 1688 illatam
534 1656 643 1688 ulcisci
658 1656 790 1688 voluerit
809 1658 883 1688 Per-

220 1714 304 1742 seus,
319 1716 380 1736 non
395 1705 530 1738 invenio.
575 1707 694 1738 Verum
717 1706 803 1738 haud
826 1707 883 1738 du-

220 1753 272 1785 bie
300 1754 378 1786 vidit
403 1756 550 1787 Lactant.
579 1756 611 1787 in
639 1756 773 1798 Argum.
804 1756 884 1788 hanc

221 1802 370 1839 fabulam,
383 1803 437 1845 qui
450 1816 504 1847 per
512 1812 675 1846 parentem,
689 1816 782 1836 avum
794 1805 884 1836 Acri-

219 1852 300 1884 sium
310 1853 471 1895 intelligit,
487 1865 581 1896 quem
594 1855 688 1886 etiam
704 1857 885 1886 immeritum

220 1912 282 1933 non
306 1902 387 1934 bene
415 1903 455 1933 de
484 1904 598 1934 Perseo
624 1903 769 1935 meritum
793 1905 884 1946 (arca

221 1950 306 1981 enim
324 1950 479 1982 inclusum
501 1953 615 1983 Persea
639 1963 709 1984 cum
730 1959 828 1984 matre
851 1953 884 1984 in

220 2010 306 2031 mare
334 2001 536 2043 projecerat)
564 2004 727 2038 vindicare,
755 2002 787 2033 in
815 2013 884 2044 reg-

221 2059 306 2085 num,
323 2060 384 2091 quo
406 2050 515 2092 pulsus
539 2060 557 2081 a
579 2051 672 2082 fratre
697 2057 773 2087 erat,
796 2051 883 2082 resti-

219 2106 307 2130 tuere
323 2098 466 2130 voluerit.
514 2099 645 2131 Rectius
659 2106 764 2131 tamen
784 2103 882 2131 imme-

218 2149 314 2178 ritum
338 2147 602 2190 interpretaberis,
625 2149 678 2191 qui
701 2149 796 2180 talem
820 2161 882 2181 sor-

219 2202 282 2227 tem
308 2207 369 2228 non
392 2204 560 2234 meruerat,
581 2204 614 2229 ut
637 2208 655 2229 a
677 2199 770 2230 fratre
790 2209 883 2240 regno

215 2252 394 2277 exueretur.
422 2246 557 2279 Abantis
568 2247 624 2278 filii
639 2258 767 2290 regnum
779 2255 881 2291 pater-

219 2305 293 2326 num
309 2295 354 2326 ita
367 2295 448 2327 inter
461 2306 494 2327 se
510 2296 690 2332 diviserant,
701 2302 736 2327 ut
746 2298 882 2329 Acrisius

218 2344 314 2386 Argis
338 2351 488 2382 maneret,
506 2346 625 2378 Proetus
645 2346 828 2388 Tirynthem
849 2354 882 2378 et

219 2393 282 2424 alia
310 2394 494 2437 possideret.
539 2395 681 2427 Dissidia
708 2395 788 2427 inter
817 2407 881 2433 eos,

218 2448 286 2473 orta
312 2453 390 2479 esse,
415 2443 509 2474 etiarn
538 2443 674 2477 Pausan.
700 2444 735 2476 ii.
758 2457 789 2487 p.
811 2446 881 2478 145.

218 2498 322 2523 narrat
334 2504 342 2531 ;
365 2492 419 2524 sed
435 2494 576 2524 Proetum
590 2495 775 2526 Acrisimzeas
787 2506 880 2534 posse-

216 2541 291 2571 disse
301 2552 392 2577 arces,
404 2541 504 2583 Argos
514 2543 621 2573 urbem
632 2544 812 2586 occupasse,
823 2553 879 2575 nec

218 2589 257 2619 ab
273 2590 338 2627 illo,
354 2601 411 2622 nec
428 2592 467 2621 ab
483 2591 544 2622 alio
559 2599 684 2623 auctore
700 2592 843 2624 traditur.

261 2640 335 2672 242.
360 2642 386 2671 Ο
399 2642 526 2682 parum]
574 2643 682 2673 Codex
700 2643 820 2685 Regius
834 2644 876 2679 A,

215 2691 322 2728 parvi5
347 2696 379 2720 at
393 2691 569 2727 Juvenalis,
584 2691 688 2733 Satyr.
706 2691 746 2723 vi.
762 2693 835 2723 564.
851 2700 878 2723 et

212 2747 306 2775 parva
332 2741 448 2769 tandem
470 2742 598 2770 carnisse
622 2741 766 2780 Seripho;
791 2748 821 2773 et
847 2754 876 2773 x.

957 1214 1026 1244 170.
1041 1220 1077 1244 ut
1094 1213 1194 1254 Gyari
1215 1213 1342 1253 scopulis
1360 1221 1508 1252 parvaque
1532 1210 1613 1241 Seri-

950 1264 1018 1303 pho.
1077 1263 1265 1304 Polydectes,
1294 1273 1347 1293 rex
1376 1260 1497 1302 Seriphi
1525 1260 1613 1301 (quae

953 1312 1012 1344 suit
1033 1323 1096 1344 una
1120 1323 1158 1344 ex
1177 1310 1399 1354 Cycladibus,)
1416 1310 1508 1341 frater
1532 1309 1610 1340 Dic-

954 1361 1025 1404 tyis‚
1041 1361 1094 1404 qui
1116 1360 1230 1403 Dictys
1248 1361 1360 1392 Persea
1375 1370 1445 1391 cum
1461 1364 1560 1389 matre
1581 1357 1614 1389 in

954 1422 1027 1442 arca
1042 1411 1082 1442 ad
1101 1410 1235 1442 insulam
1255 1409 1395 1440 delatum
1415 1407 1613 1439 educandum

953 1466 1127 1493 curaverat.
1184 1459 1371 1501 Polydectes
1399 1464 1515 1493 autem,
1545 1457 1611 1488 Da-

954 1521 1028 1542 naes
1047 1520 1150 1542 amore
1175 1514 1296 1550 captus,
1311 1508 1366 1539 sed
1393 1505 1611 1549 Hippodamiae

951 1560 1076 1603 nuptias
1104 1559 1264 1595 simulans,
1294 1568 1390 1600 quum
1417 1566 1545 1588 munera
1573 1556 1614 1586 ab

952 1610 1061 1642 amicis
1083 1609 1254 1650 colligeret,
1275 1607 1388 1649 quibus
1405 1604 1612 1648 Hippodami-

953 1670 1002 1691 am
1019 1664 1147 1695 emeret,
1165 1658 1296 1689 Perseus
1310 1657 1390 1688 ultro
1409 1654 1562 1699 promisit,
1578 1665 1612 1686 se

954 1709 1002 1740 vel
1016 1707 1170 1750 Gorgonis
1185 1713 1280 1749 caput
1294 1707 1461 1737 allaturum
1473 1717 1481 1743 3
1496 1704 1611 1746 quibus

951 1757 1107 1800 promissis
1121 1762 1157 1788 ut
1170 1761 1277 1793 staret,
1292 1766 1363 1787 eum
1378 1754 1503 1797 impulit
1517 1753 1611 1795 Poly-

951 1807 1071 1838 dectes.
1116 1806 1275 1839 Reversus
1303 1803 1452 1847 comperit
1479 1809 1611 1834 matrem

951 1867 1023 1888 cum
1041 1855 1158 1897 Dictye
1175 1856 1215 1887 ob
1237 1855 1417 1897 Polydectae
1432 1853 1611 1884 violentiam

951 1906 991 1937 ad
1007 1916 1075 1937 aras
1094 1905 1269 1946 confugisse
1284 1917 1291 1942 3
1317 1914 1379 1946 qua
1392 1914 1424 1934 re
1440 1908 1611 1934 commotus

951 1955 1040 1986 illurn
1063 1965 1134 1986 cum
1157 1953 1248 1985 sociis
1271 1953 1303 1984 in
1328 1963 1404 1984 saxa
1423 1957 1536 1983 mutat.
1560 1950 1610 1982 Sic

951 2003 1099 2046 Apollod.
1124 2003 1169 2034 ΙΙ.
1188 2002 1229 2034 iv.
1251 2003 1353 2040 1—4;
1378 2001 1484 2032 confer
1506 1999 1612 2031 Schol.

950 2052 1097 2095 Apollon.
1117 2053 1158 2084 iv.
1177 2053 1270 2083 1091.
1296 2056 1327 2082 et
1350 2050 1455 2082 Schol.
1480 2048 1610 2081 Pindari

950 2102 986 2133 P.
1009 2113 1039 2132 x.
1063 2103 1116 2132 72.
1138 2106 1170 2133 et
1194 2100 1247 2131 xii.
1276 2101 1333 2139 183
1367 2099 1483 2131 Zenob.
1500 2099 1522 2129 i.
1546 2099 1609 2138 423

949 2150 1067 2192 Hygin.
1089 2149 1210 2181 fabulas
1230 2150 1284 2186 63,
1302 2150 1354 2180 64.
1369 2149 1444 2180 273.
1488 2146 1609 2178 Extite-

949 2206 1018 2231 rant
1032 2200 1106 2231 olim
1122 2198 1265 2240 AEschyli
1285 2197 1480 2240 Polydectes,
1491 2197 1609 2239 Sopho—

948 2249 1006 2281 clis
1018 2250 1141 2284 Danae,
1153 2247 1310 2290 Euripidis
1320 2248 1433 2279 Danae
1444 2252 1476 2278 et
1486 2246 1610 2288 Dictys.

948 2298 1009 2331 Sed
1019 2299 1051 2329 in
1063 2298 1170 2341 primis
1181 2297 1393 2339 Pherecydem
1402 2296 1531 2327 seriores
1541 2306 1610 2337 my-

948 2348 1066 2391 thologi
1090 2348 1213 2390 sequuti
1238 2358 1304 2379 esse
1326 2347 1484 2378 videntur.
1533 2345 1608 2377 Per-

947 2408 1002 2429 sea
1029 2408 1100 2429 cum
1121 2396 1265 2428 Medusae
1287 2396 1390 2438 capite
1408 2395 1441 2426 in
1459 2394 1609 2437 Seriphon

947 2447 1130 2478 redeuntem
1145 2446 1289 2489 pinxerat
1303 2446 1504 2487 Polygnotus.
1528 2444 1610 2475 Pau-

947 2506 1014 2527 san.
1028 2508 1059 2539 p.
1075 2497 1130 2527 52.

990 2546 1064 2576 244.
1090 2545 1206 2581 Durus,
1230 2542 1441 2578 inexorabilis,
1466 2548 1500 2573 ut
1525 2542 1612 2573 Fast.

947 2595 990 2625 iv.
1018 2595 1090 2625 111.
1115 2596 1193 2624 dura
1219 2594 1344 2633 puella,·
1379 2598 1410 2624 et
1434 2591 1501 2624 h.l.
1529 2591 1609 2623 bene

946 2654 1018 2685 opp.
1039 2644 1088 2684 τῷ
1107 2644 1288 2674 mollierunt.
1335 2642 1442 2674 Otiose
1467 2641 1607 2672 additum

947 2704 999 2723 nec
1014 2693 1129 2732 iniqua,
1146 2697 1206 2723 etc.

989 2741 1062 2773 246.
1096 2740 1283 2781 Detrectas-J
1334 2740 1520 2773 Detrectare,
1551 2739 1606 2769 mi-
