1763 3181
216 187 301 228 1911·

618 186 668 228 Ρ.
702 185 915 228 OVIDII
951 184 1230 227 NASONIS

218 302 533 364 Incaluitque
561 299 686 357 Deo,
711 317 860 363 quem
883 301 1105 347 clausum
1131 307 1331 363 pectore
1356 300 1588 356 habebat,

215 380 412 444 Aspicit
437 379 700 433 infantem;
744 385 772 402 ‘⁴
796 378 1065 441 Toti-''que
1093 383 1122 401 “
1151 376 1372 424 salutifer
1395 377 1501 424 orbi

220 458 421 512 Cresce,
450 456 619 520 puer‚’'
645 455 798 502 dixit:
842 461 872 478 “
892 455 982 502 tibi
1007 471 1059 501 se
1086 454 1312 501 mortalia
1335 470 1469 518 saepe
1505 457 1602 501 643

219 534 443 597 Corpora
466 533 750 581 debebunt:
790 533 978 580 animas
1004 532 1093 579 tibi
1119 532 1323 579 reddere
1344 532 1602 595 ademptas

218 611 313 658 Fas
339 610 459 667 erit;
500 610 651 672 idque
677 610 830 656 semel
859 609 948 656 Dis
976 609 1345 671 indignantibus
1371 625 1538 664 ausus,

217 687 378 734 Posse
402 687 520 734 dare
544 687 637 733 hoc
663 687 841 733 iterum
866 686 1066 733 flamma
1089 686 1363 749 prohiberis
1389 686 1546 733 avita:

218 764 362 828 Eque
391 764 499 810 Deo
520 779 699 827 corpus
724 763 812 810 fies
839 779 1094 826 exsangue
1117 783 1127 821 ;
1170 763 1428 826 Deusque‚

219 841 317 896 Qui
343 840 489 888 modo
514 856 695 905 corpus
721 856 857 898 eras;
899 847 948 887 et
972 841 1048 887 bis
1072 848 1159 887 tua
1182 840 1283 887 fata
1306 839 1529 887 novabis.

215 981 309 1017 teque
324 973 439 1005 moveri
454 972 672 1010 credebantur,
685 972 770 1004 unde
785 972 878 1004 iidem

215 1026 400 1064 Θεόληπτοι,
417 1023 674 1065 Θεοφορούμενοι,
687 1023 879 1055 ἐνθουσιῶν-

218 1087 281 1112 τες,
297 1075 493 1105 dicebantur.
540 1073 698 1103 Dicuntur
715 1073 811 1103 Deum
829 1086 878 1104 αε-

215 1127 312 1164 cipere
331 1130 456 1163 pectore,
480 1124 615 1153 clausum¹
638 1129 736 1153 tenere
751 1130 878 1162 pectore,

216 1180 353 1205 excutere
376 1179 505 1212 pectore.
539 1172 651 1202 Senec.
677 1172 785 1214 OEdip.
811 1183 876 1203 ver.

217 1224 293 1254 298.
310 1228 398 1252 vates
409 1227 526 1261 pectore
541 1222 653 1251 escutit
670 1222 779 1252 Deum.

261 1274 335 1304 642.
362 1272 483 1312 Totique
498 1271 639 1313 salutifer
655 1272 745 1312 (γι-δὴ]
794 1272 879 1302 Geb-

219 1322 334 1353 hardus
355 1322 433 1362 legit
452 1323 531 1357 urbi,
547 1326 578 1351 et
597 1321 636 1352 de
659 1321 762 1351 Roma
783 1323 878 1363 capit,

219 1383 281 1414 quo
305 1371 474 1402 translatus
498 1376 607 1412 postea
635 1370 794 1412 Epidauro
822 1370 881 1401 fuit

218 1421 432 1462 AEsculapius.
476 1419 645 1450 Mirificam
666 1419 804 1460 profecto
826 1431 879 1450 va-

217 1475 280 1501 tem
302 1470 389 1500 nobis
414 1469 574 1500 exhibuit!
624 1469 719 1509 Totiq.
739 1470 881 1511 salutifer

217 1522 290 1551 orbi.
324 1518 528 1560 [Esculapius
541 1518 624 1549 enim
639 1518 717 1549 adeo
732 1525 882 1560 praestans

218 1570 251 1600 in
266 1568 429 1600 Medicina
440 1568 508 1604 fuit,
521 1574 555 1598 ut
565 1567 659 1598 etiam
675 1568 882 1609 Hippolytum

219 1620 257 1649 ab
273 1617 378 1648 inferis
392 1616 582 1648 revocaverit
596 1629 604 1655 3
627 1622 751 1658 propter
766 1617 848 1658 quod
865 1628 884 1648 a

217 1668 296 1699 Jove
313 1667 442 1697 fulmine
457 1666 515 1697 fuit
537 1665 706 1702 extinctus,
723 1676 759 1696 ac
776 1672 884 1707 postea

219 1718 308 1748 Deus
324 1716 465 1747 effectus.
495 1716 525 1746 A
538 1715 631 1746 Celso
647 1715 677 1746 in
690 1715 881 1757 praefatione,

221 1765 422 1807 *Esculapius
444 1770 624 1795 numeratur
645 1764 762 1806 primus
784 1765 882 1795 medi-

220 1826 286 1851 cus,
299 1815 352 1856 qui
367 1814 476 1845 rudem
492 1813 594 1844 adhuc
610 1814 773 1845 scientiam
788 1815 883 1856 paulo

220 1864 365 1895 subtilius
394 1863 574 1894 excoluerit.
620 1863 764 1894 Clinicen
797 1874 883 1905 repe-

220 1914 296 1945 risse
312 1912 443 1944 traditur
458 1913 496 1943 ab
510 1911 631 1953 Hygin.
649 1912 713 1942 fab.
725 1913 798 1942 274.
844 1913 884 1943 Et

222 1974 335 1994 nomen
371 1963 494 2003 σωτὴρ,
521 1962 674 2003 salutifer,
709 1962 815 1992 multis
852 1962 883 1992 in

221 2012 356 2044 nummis
379 2011 408 2042 ei
431 2011 594 2042 tribuitur:
621 2011 690 2041 vide
715 2011 883 2053 Spanhem.

222 2062 261 2093 de
288 2062 356 2093 Usu
382 2066 414 2091 et
441 2061 621 2103 praestantia
648 2061 882 2097 numismatum,

223 2123 254 2154 p.
268 2112 341 2142 416.
355 2117 386 2142 et
400 2122 432 2153 p.
443 2112 516 2142 500.
552 2109 700 2141 Medicus
714 2110 796 2141 enim
809 2110 882 2141 felix

223 2162 348 2191 salutem
364 2160 386 2190 i.
400 2170 427 2191 e.
443 2159 654 2190 valetudinem
671 2158 772 2190 reddit
787 2170 884 2200 aegro-

224 2209 377 2240 tantibus.

265 2260 338 2290 643.
366 2258 431 2289 Tibi
456 2269 484 2288 se
506 2259 658 2294 mortalia,
685 2258 762 2298 etc.]
795 2258 883 2299 Saepe

222 2307 435 2339 valetudinem
459 2318 621 2349 corporum
641 2318 764 2338 suorum
786 2313 817 2338 et
839 2307 883 2338 vi-

223 2364 288 2389 tam
304 2357 360 2388 tibi
382 2357 542 2388 debebunt
560 2357 718 2388 mortales.
763 2358 886 2388 Animus

223 2408 346 2438 reddere
361 2408 523 2445 ademptas,
536 2412 671 2436 mortuos
683 2406 715 2436 in
728 2406 823 2436 vitam
838 2416 885 2437 re-

224 2467 347 2491 vocare,
365 2455 498 2495 tibifcm,
518 2455 665 2497 possibile
687 2455 756 2491 erit,
777 2455 809 2486 in
833 2461 886 2486 tua

224 2510 378 2548 potestate
395 2504 463 2535 erit.
508 2504 662 2535 Pindarus
677 2505 771 2546 Pyth.
787 2506 818 2536 3.
834 2506 886 2537 83.

224 2561 340 2590 narrat,
350 2565 421 2584 eum
436 2554 601 2584 herbarum
617 2553 728 2588 succis,
741 2554 885 2585 carmini-

224 2606 295 2639 buS,
314 2603 458 2634 amuletis
473 2609 504 2633 et
521 2603 598 2634 ferro
614 2603 735 2633 morbos
751 2603 886 2639 sanasse,

224 2654 355 2684 vulnera
374 2658 470 2694 atque
486 2652 587 2682 calore
603 2657 657 2682 aut
671 2652 782 2693 frigore
805 2652 886 2683 male

226 2703 339 2733 affecta
359 2712 498 2743 corpora,
519 2707 584 2732 tum
610 2700 740 2732 avaritia
765 2700 885 2732 adduc-

227 2757 293 2782 tum
312 2756 466 2781 mortuum
482 2750 619 2792 aliquem
634 2749 666 2781 in
684 2750 778 2781 vitam
799 2761 884 2782 revo-

947 974 1047 1005 casse.
1091 973 1212 1004 Similia
1235 972 1432 1014 Pherecydes
1447 978 1479 1010 et
1493 972 1606 1003 Hesio-

946 1023 1004 1054 dus
1031 1022 1234 1058 tradiderunt,
1262 1021 1345 1052 unde
1369 1021 1473 1052 Schol.
1497 1021 1607 1063 Eurip.

947 1072 986 1102 ad
1000 1072 1071 1103 Alc.
1083 1073 1114 1102 2.
1130 1071 1281 1102 nonnulla
1297 1070 1399 1101 affert.

990 1122 1064 1152 645.
1089 1122 1182 1151 Semel
1197 1120 1315 1160 ausus]
1342 1121 1445 1157 Quem
1460 1118 1606 1150 AEscula-

946 1170 1015 1213 pius
1033 1170 1066 1201 in
1086 1170 1180 1201 vitam
1205 1169 1408 1204 revocaverit,
1426 1168 1464 1199 de
1488 1178 1524 1199 eo
1544 1168 1607 1200 dis-

946 1219 1084 1251 sentiunt
1120 1219 1302 1260 mythologi,
1332 1217 1402 1248 aliis
1438 1218 1610 1254 Glaucum,

946 1269 1064 1300 Minois
1106 1268 1217 1304 filium,
1256 1267 1499 1303 nominantibus,
1539 1267 1610 1297 aliis

948 1319 1166 1360 Hippolytum,
1203 1317 1272 1348 aliis
1306 1316 1505 1358 Tyndareon,
1540 1316 1610 1347 aliis

948 1367 1035 1399 alios
1070 1367 1149 1398 Vide
1173 1367 1321 1409 Apollod.
1342 1367 1405 1397 III.
1428 1378 1458 1398 x.
1479 1367 1519 1405 33
1552 1366 1608 1397 Ze-

948 1417 1020 1447 nob.
1037 1416 1056 1447 i.
1078 1418 1124 1447 18.
1140 1422 1172 1446 et
1192 1417 1336 1446 Munker.
1351 1415 1391 1446 ad
1413 1415 1530 1457 Hygin.
1546 1416 1613 1447 fab.

950 1465 1025 1497 xlix.
1070 1466 1162 1496 Hanc
1184 1465 1276 1506 igitur
1296 1466 1334 1496 ob
1353 1475 1479 1496 causam
1495 1475 1514 1496 a
1529 1466 1609 1497 Jove

950 1515 1078 1545 fulmine
1094 1521 1223 1546 necatus
1239 1520 1296 1546 est.
1343 1515 1400 1545 Dis
1418 1516 1610 1556 indignanti-

951 1566 1012 1595 Ims.
1057 1565 1215 1595 Eratosth.
1244 1565 1312 1596 τῶν
1337 1565 1418 1595 Θεῶν
1446 1563 1613 1606 δυσχερῶς

951 1616 1046 1646 τοῦτο
1061 1614 1238 1656 φερόντων,
1255 1620 1315 1645 etc.
1360 1613 1502 1644 Plutonis
1517 1614 1555 1644 de
1572 1624 1610 1644 ea

951 1675 983 1694 re
1008 1664 1149 1706 querelas
1173 1664 1269 1694 habet
1289 1662 1420 1694 Diodor.
1443 1662 1540 1694 Sicul.
1563 1662 1609 1693 iv.

951 1714 1002 1744 71.
1049 1714 1107 1744 Dis
1122 1715 1295 1755 indignant.
1308 1725 1318 1750 ,·
1340 1713 1476 1744 Plutone
1491 1712 1612 1743 scilicet

951 1768 1101 1805 querente
1124 1768 1156 1794 et
1176 1764 1256 1794 Jove
1274 1762 1469 1803 indignante,
1489 1762 1610 1804 Hippo-

951 1814 1051 1855 lytum
1085 1814 1123 1843 ab
1153 1812 1243 1854 equis
1275 1812 1465 1854 discerptum
1491 1811 1612 1844 restitui

953 1863 992 1893 ab
1010 1861 1191 1903 AEsculapio
1215 1861 1247 1891 in
1269 1860 1335 1891 vita
1354 1871 1454 1902 posse.
1498 1860 1612 1901 virgil.

952 1912 1081 1943 AEIneid.
1097 1912 1151 1942 vii.
1170 1912 1251 1942 772:
1278 1911 1344 1951 Ipse
1361 1916 1537 1950 repertorem
1551 1921 1611 1941 ‘me-

951 1963 1057 1991 dicinae
1082 1962 1151 1991 talis
1176 1967 1202 1991 et
1229 1962 1304 1991 artis
1329 1960 1470 1990 Fulmine
1492 1959 1612 1991 Phoebi-

950 2022 1057 2053 genam
1073 2011 1193 2051 Stygius
1209 2012 1337 2041 detrusit
1351 2010 1390 2039 ad
1404 2010 1512 2040 undas.
1535 2009 1612 2040 AEs-

951 2060 1104 2101 culapius‚
1131 2065 1162 2090 et
1196 2059 1262 2101 ipse
1298 2070 1359 2089 non
1395 2057 1460 2089 sine
1495 2057 1612 2099 flagitio

950 2108 1108 2151 Apollinis
1132 2114 1236 2142 natus,
1259 2107 1335 2150 quid
1359 2107 1433 2138 fecit
1455 2107 1541 2138 aliud
1565 2106 1613 2138 di-

950 2158 1029 2189 vinis
1050 2158 1216 2189 honoribus
1234 2158 1375 2199 dignum,
1391 2157 1450 2188 nisi
1464 2157 1548 2199 quod
1563 2167 1612 2188 sa—

951 2208 1038 2239 navit
1072 2208 1305 2250 Hippolytum?
1364 2208 1500 2238 Mortem
1537 2217 1612 2237 sane

951 2257 1062 2288 habuit
1083 2257 1253 2293 clariorem,
1269 2256 1350 2298 quod
1374 2267 1393 2286 a
1412 2256 1482 2287 Deo
1500 2255 1616 2287 meruit

953 2306 1121 2338 fulminari.

996 2357 1069 2387 646.
1090 2355 1287 2396 Prohiberis]
1312 2355 1452 2386 Praesens
1475 2363 1529 2395 pro
1552 2354 1614 2384 Fu-

953 2410 1032 2442 turo,
1055 2406 1129 2448 quia
1153 2412 1240 2437 vates
1264 2406 1368 2436 futura
1394 2410 1426 2435 ut
1448 2404 1615 2446 praesentia

953 2454 1011 2485 sibi
1039 2455 1171 2496 fingunt.
1222 2455 1276 2485 Bis
1302 2462 1354 2485 tua
1374 2455 1449 2496 fam
1479 2455 1611 2489 novabis,

954 2504 1111 2546 duplicem
1136 2505 1301 2547 experieris
1325 2503 1611 2545 metamorphosin:

954 2553 1052 2594 primo
1078 2564 1094 2584 e
1119 2553 1225 2584 matris
1251 2552 1410 2584 morientis
1434 2558 1520 2583 utero
1543 2562 1614 2593 rap-

954 2609 1025 2637 tus;
1049 2603 1185 2634 secundo
1207 2602 1261 2633 ubi
1287 2613 1305 2633 a
1329 2601 1468 2633 fulminis
1496 2602 1613 2633 confla-

953 2652 1093 2693 gratione
1116 2652 1304 2684 reviviscens
1323 2652 1519 2682 divinitatem
1539 2661 1613 2682 con-

953 2710 1106 2743 sequutus
1121 2712 1163 2733 es.
1211 2701 1343 2737 Novare,
1361 2701 1404 2732 sic
1419 2706 1451 2732 et
1463 2701 1547 2739 6743
1568 2699 1613 2730 xi.

953 2750 1028 2781 261.
