1729 3207
215 195 272 236 96
603 195 651 235 P.
685 195 897 236 OVIDlI
932 194 1209 236 NASONIS

220 308 300 365 Et,
328 309 474 356 modo
499 324 600 371 qua
619 309 823 371 graciles
849 325 1052 371 gramen
1071 325 1300 373 carpsere
1325 310 1545 373 capellae,

218 384 265 431 N
271 401 364 432 unc
390 384 457 431 ibi
476 384 721 432 deformes
742 392 932 448 ponunt
952 401 1042 432 sua
1065 401 1273 449 corpora
1292 386 1480 449 phocae.
1499 390 1596 433 300

216 461 461 509 Mirantur
484 462 576 509 sub
602 477 733 524 aqua
755 461 910 516 lucos,
938 462 1203 524 urbesque,
1232 462 1507 525 domosque

217 538 264 585 N
270 539 489 596 ereides3
519 540 767 601 silvasque
790 545 964 586 tenent
988 539 1265 602 delphines,
1293 546 1343 586 et
1367 539 1478 586 altis

215 615 478 663 Incursant
501 616 666 673 ramis,
693 615 979 678 agitataque
1004 617 1180 663 robora
1204 617 1419 679 pulsant.

215 692 319 740 Nat
341 693 488 757 lupus
513 694 639 740 inter
663 709 804 740 oves:
834 692 990 740 fulvos
1015 693 1151 740 vehit
1175 694 1309 740 unda
1331 694 1528 750 leones;

216 769 366 817 Unda
387 771 522 817 vehit
541 771 720 832 tigres:
762 786 853 817 nec
878 770 1004 817 vires
1029 770 1248 817 fulminis
1275 787 1411 834 apro,

1498 774 1594 818 305

216 846 374 894 Crura
398 863 489 894 nec
515 848 681 895 ablato
706 854 916 911 prosunt
939 847 1128 894 velocia
1151 863 1323 895 cervo:

216 922 550 987 Quaesitisque
575 925 661 971 diu
688 925 848 981 terris,
875 925 959 972 ubi
985 925 1146 972 sidere
1170 925 1331 981 detur,

215 999 275 1047 In
299 1017 433 1049 mare
458 1002 655 1049 lassatis
679 1001 893 1049 volucris
917 1017 1044 1064 vaga
1066 1001 1253 1049 decidit
1276 1001 1385 1049 alis.

217 1077 467 1126 Obruerat
489 1080 706 1126 tumulos
733 1079 975 1128 immensa
997 1079 1199 1127 licentia
1217 1079 1372 1142 ponti,

211 1226 302 1261 putes
326 1227 451 1252 ornatus
476 1231 571 1253 causa
595 1221 748 1259 additum,
771 1228 806 1254 ut
832 1223 872 1254 sit

210 1279 248 1299 ex
267 1269 375 1300 eodem
390 1281 515 1311 genere,
530 1282 567 1302 ex
585 1272 741 1314 quofnlvi
754 1273 869 1309 leones,

208 1320 337 1359 graciles
347 1320 477 1362 capellae
489 1326 521 1351 et
533 1320 605 1351 alia.
631 1322 747 1352 Terunt
758 1323 869 1359 vineta,

212 1367 256 1398 nil
272 1368 330 1399 nisi
346 1369 494 1410 navigant
509 1381 601 1412 supra
616 1371 730 1402 vineta.

255 1418 329 1448 299.
354 1418 491 1449 Graciles
515 1420 669 1461 gramen]
700 1421 871 1452 Burmann.

210 1466 341 1497 offendit
362 1467 474 1509 ingrati
491 1469 557 1499 soni
578 1469 729 1511 repetitio,
742 1473 872 1512 graciles

208 1526 344 1555 gramen.
388 1516 501 1558 Itaque
523 1528 578 1559 pro
599 1530 724 1559 gramen
748 1521 872 1561 praefert

209 1565 338 1601 culmen,
375 1566 459 1607 quod
495 1577 575 1598 unus
611 1567 730 1608 Regius
762 1568 870 1600 habet.

210 1612 330 1655 Capras
350 1615 432 1646 enim
452 1615 484 1646 in
502 1616 630 1658 rupibus
650 1618 712 1648 fere
726 1617 823 1659 pasci,
839 1625 871 1650 et

207 1661 251 1693 sic
274 1664 420 1705 majorem
440 1675 506 1696 esse
528 1666 727 1707 oppositionis
748 1667 821 1704 vim,
836 1674 872 1699 ut

210 1712 330 1752 phocae,
346 1724 416 1754 quae
432 1715 464 1744 in
481 1714 577 1745 fundo
593 1716 686 1746 maris
706 1727 772 1747 esse
791 1717 870 1748 sole-

210 1767 276 1797 ant,
299 1773 381 1793 nunc
404 1763 435 1794 in
459 1764 595 1795 culmine
619 1766 731 1796 montis
755 1772 872 1807 ponant

210 1820 266 1840 sua
280 1821 418 1853 corpora.

253 1861 327 1890 300.
359 1861 516 1902 Corpora]
549 1864 704 1903 Barnegg.
731 1866 870 1904 pignora,

211 1908 295 1950 quod
319 1916 350 1940 et
372 1909 474 1952 ipsum
502 1911 606 1953 placet
633 1913 804 1942 Burmann.
826 1913 870 1944 sic

212 1957 294 1988 enim
310 1959 372 1990 (lici
385 1959 490 1996 foetus,
504 1966 536 1991 et
544 1971 651 2000 ponere
665 1971 730 1991 esse
742 1962 870 1992 verbum

211 2007 367 2048 proprium
382 2008 420 2039 de
436 2015 536 2050 partu.
582 2009 696 2045 Phocae,
711 2009 801 2040 vituli
817 2016 870 2041 aut

210 2056 306 2087 boves
324 2057 445 2088 marini.
492 2059 654 2089 Vocantur
668 2059 822 2100 deformes,
838 2066 869 2091 et

212 2104 294 2146 apud
311 2105 396 2147 Virg.
413 2106 454 2137 G.
468 2106 510 2137 iv.
525 2108 597 2139 395.
614 2114 724 2147 turpes,
739 2109 777 2139 ob
793 2108 868 2140 saci-

209 2164 259 2184 em
284 2155 412 2191 foedam,
431 2166 611 2197 quanquam
634 2167 692 2187 nec
718 2156 792 2188 odor
816 2168 867 2189 eo-

210 2213 277 2233 rum
299 2209 403 2243 gratus
429 2209 495 2235 est:
533 2205 604 2237 vide
628 2206 724 2237 Hom.
752 2207 810 2238 od.
833 2211 870 2239 Δ.

211 2251 286 2281 442.
319 2253 441 2283 Panum
455 2264 508 2283 sua
523 2265 656 2294 corpora,
673 2257 868 2293 recumbunt,

212 2306 245 2331 ut
268 2311 300 2331 x.
326 2302 397 2333 128.
424 2301 486 2333 xiv.
507 2303 582 2334 427.
604 2302 681 2334 alias
704 2305 782 2335 lutus
801 2307 868 2335 sub-

209 2352 337 2381 mittere.

254 2401 330 2430 302.
356 2400 525 2442 Nereides]
555 2401 706 2438 Nereides,
724 2403 869 2444 nymphae

210 2448 352 2485 inarime,
384 2450 478 2480 Nerei
507 2457 538 2481 et
566 2450 692 2482 Doridis
720 2451 802 2488 filize,
831 2452 870 2484 de

210 2498 324 2539 quibus
337 2499 407 2530 vide
421 2499 548 2530 Hesiod.
562 2500 681 2541 Theog.
696 2502 758 2531 240
773 2512 842 2543 sqq.

259 2549 332 2579 303.
348 2549 486 2589 Agitata,
510 2550 617 2580 Burin.
633 2549 779 2591 explicat,
795 2561 867 2581 con-

210 2608 300 2628 cussa
312 2597 341 2627 vi
359 2608 519 2638 aquarum.
546 2598 645 2629 Male.
679 2599 771 2640 Aqua
786 2599 868 2630 enim

210 2652 359 2687 stagnans
374 2657 434 2677 non
447 2649 543 2687 agitat
561 2648 693 2678 arbores.
732 2649 771 2678 Et
792 2649 866 2689 quid

211 2695 268 2726 hoc
298 2696 337 2727 ad
367 2706 440 2732 rem,
463 2696 626 2738 delphinos
653 2696 792 2738 pulsasse
819 2709 863 2728 ar-

209 2744 297 2776 bores
314 2745 379 2786 jam
404 2745 442 2775 ab
468 2745 556 2786 aquis
580 2745 736 2785 agitatas?
766 2746 864 2777 Immo

942 1233 1061 1259 sensus,
1076 1222 1202 1264 pulsant
1216 1223 1339 1253 arbores
1354 1220 1410 1258 sie,
1422 1228 1458 1253 ut
1479 1222 1598 1264 agiten-

942 1277 1003 1307 tur,
1024 1282 1140 1313 magna
1160 1271 1191 1301 vi
1212 1271 1357 1313 pulsant:
1382 1271 1452 1302 vide
1474 1272 1514 1302 ad
1537 1283 1601 1303 ver.

942 1321 994 1351 32.
1016 1321 1143 1357 Noster,
1167 1320 1208 1352 vi.
1234 1321 1309 1352 248.
1338 1321 1453 1351 laniata
1479 1328 1600 1360 pectora

935 1371 1096 1411 plangens,
1107 1370 1258 1411 plangens
1271 1369 1328 1406 sic,
1341 1375 1375 1400 ut
1389 1369 1599 1409 laniarentur;

939 1429 991 1448 xx.
1007 1419 1080 1450 591.
1095 1414 1189 1460 refert
1203 1419 1313 1454 oblata,
1324 1423 1404 1449 retro
1420 1418 1487 1454 dat,
1505 1425 1539 1449 ut
1553 1419 1599 1449 of-

938 1467 1094 1505 ferantur;
1118 1467 1186 1497 Liv.
1206 1466 1241 1497 ii.
1260 1469 1291 1498 5.
1303 1466 1461 1508 frumeuti
1481 1479 1600 1498 acervos

936 1518 1041 1547 sedisse
1051 1518 1084 1546 in
1095 1518 1178 1547 vadis
1190 1517 1282 1547 illitos
1294 1517 1374 1552 limo,
1388 1515 1433 1546 ita
1445 1522 1480 1547 ut
1494 1516 1598 1548 illine-

937 1570 1043 1596 rentur
1057 1565 1144 1596 limo.

979 1616 1051 1646 305.
1080 1615 1341 1657 Vires-fulminis]
1369 1615 1460 1647 Vires
1479 1616 1598 1648 terribi-

935 1662 992 1699 les,
1004 1663 1118 1704 quibus
1133 1674 1208 1706 aper
1221 1664 1325 1695 omnia
1335 1669 1446 1696 vastat.
1472 1664 1598 1698 Phaedr.

938 1712 967 1742 Ι.
984 1712 1048 1743 fab.
1061 1713 1125 1744 xxi.
1141 1715 1171 1744 5.
1184 1713 1333 1755 fulminei
1347 1716 1448 1744 dentes
1463 1715 1539 1757 apri.

981 1762 1054 1792 306.
1079 1762 1181 1792 Crura
1206 1773 1258 1793 nec
1283 1764 1393 1798 ablato,
1419 1764 1495 1804 etc.]
1525 1764 1597 1796 Scio

938 1820 1004 1841 esse
1019 1810 1073 1852 qui
1089 1813 1171 1842 alato
1186 1812 1314 1852 legant;
1335 1812 1419 1853 quod
1441 1813 1529 1844 nobis
1549 1820 1596 1845 ta-

938 1869 1010 1890 men
1025 1871 1086 1891 non
1101 1861 1259 1903 probatur.
1292 1862 1482 1898 Praesertim,
1499 1873 1596 1904 quum

938 1914 973 1939 ut
986 1915 1068 1940 recte
1085 1910 1118 1940 in
1139 1921 1193 1941 suo
1208 1910 1316 1941 codice
1338 1917 1499 1942 notaverat
1514 1912 1598 1944 Gru-

938 1962 1033 1995 terus,
1055 1958 1121 2000 ipse
1143 1965 1249 1990 auctor
1267 1959 1346 1990 libro
1367 1960 1459 2002 hujus
1481 1963 1595 2004 operis,

937 2006 982 2037 ita
1001 2008 1124 2039 locutus
1150 2009 1199 2040 sit.
1237 2009 1288 2040 De
1311 2010 1434 2051 Europe
1461 2021 1594 2054 nempe:

933 2064 1022 2096 pavet
1053 2058 1134 2095 haec,·
1171 2059 1299 2099 litusque
1327 2060 1428 2089 ablata
1454 2061 1596 2092 relictum

938 2105 1079 2146 Respicit.
1124 2108 1175 2138 Ita
1189 2107 1251 2144 hic,
1267 2118 1358 2139 cervo
1373 2109 1489 2146 ablato,
1504 2110 1596 2142 mari-

935 2154 993 2191 nis,
1010 2166 1120 2198 nempe
1137 2157 1293 2188 fluctibus.
1338 2159 1446 2189 Ablata
1461 2158 1594 2202 duplici-

935 2209 980 2235 ter
995 2206 1064 2247 capi
1080 2212 1200 2247 potest;
1224 2206 1339 2237 etenim
1355 2208 1475 2249 auferri
1489 2208 1549 2240 drr.
1563 2217 1596 2240 et

935 2253 989 2294 qui
1019 2254 1213 2297 abripiuntur
1239 2255 1270 2286 vi
1299 2267 1461 2297 aquarum,
1484 2263 1515 2288 et
1540 2259 1594 2300 qui

937 2303 1030 2334 celeri
1052 2315 1083 2335 se
1104 2305 1292 2336 subtrahunt
1314 2306 1398 2347 fuga,
1420 2313 1455 2338 ut
1477 2307 1532 2338 Sil.
1556 2309 1596 2340 vi.

936 2352 1010 2383 257.
1024 2354 1122 2384 ablato
1135 2357 1297 2386 instantem
1312 2357 1432 2387 eludere
1444 2368 1525 2397 equo,
1538 2358 1592 2389 ubi

937 2412 968 2431 v.
983 2401 1059 2433 Intt.

980 2451 1053 2482 307.
1098 2453 1210 2489 Sidere,
1227 2455 1386 2490 considere,
1401 2456 1530 2486 insidere
1547 2467 1593 2498 pr.

936 2499 974 2531 de
999 2500 1108 2532 avibus
1136 2503 1168 2533 in
1200 2508 1313 2534 terram
1340 2513 1372 2534 se
1401 2503 1592 2536 demittenti-

935 2549 1003 2579 bus.
1053 2549 1135 2591 Vaga
1163 2551 1262 2592 poetis
1289 2551 1350 2582 drr.
1378 2552 1491 2589 omnia,
1521 2564 1591 2595 quae

935 2599 1041 2628 crebro
1056 2605 1230 2630 moventur.
1268 2601 1318 2630 Ita
1331 2607 1361 2631 et
1376 2613 1469 2643 vvagus
1487 2609 1592 2634 nauta.

977 2649 1050 2678 309.
1077 2649 1220 2680 [inmensa
1235 2651 1357 2681 licentia
1371 2652 1482 2692 ponti]
1509 2652 1589 2683 Pon-

933 2705 992 2733 tus,
1009 2698 1061 2739 qui
1082 2705 1180 2730 totum
1201 2706 1350 2731 terrarum
1371 2701 1475 2732 orbem
1497 2712 1589 2733 occu-

931 2754 1068 2789 paverat.
1111 2749 1203 2785 Nora,
1219 2760 1289 2791 quae
1308 2749 1455 2781 inusitata
1470 2757 1541 2782 sunt
1559 2751 1591 2783 in
