1763 3181
402 184 974 225 METAMORPHOSEO
984 185 1025 225 N
1060 186 1178 226 LIB.
1210 186 1318 227 VII.

1477 188 1560 228 471

173 296 453 345 Concidere
477 298 648 345 infelix
672 299 860 346 validos
888 300 1092 346 miratur
1116 307 1278 347 arator

171 370 310 421 Inter
333 390 459 437 opus
485 381 670 430 tauros,
697 376 964 438 medioque
990 377 1279 423 recumbere
1305 377 1459 424 sulco.

172 449 428 513 Lanigeris
453 451 704 513 gregibus,
732 452 927 498 balatus
952 451 1187 498 dantibus
1213 469 1385 515 aegros,

1464 455 1560 500 540

172 527 364 590 Sponte
385 544 475 575 sua
498 529 726 591 lanaeque
752 529 953 584 cadunt,
978 535 1028 576 et
1051 544 1259 591 corpora
1283 530 1472 576 tabent.

168 603 301 651 Acer
320 620 480 667 equus
501 606 768 668 quondam,
788 621 1084 668 magnaeque
1106 605 1155 650 in
1175 606 1377 668 pulvere
1396 605 1556 660 famae,

171 679 458 743 Degenerat
480 682 699 745 palmas;
739 688 1066 744 veterumque
1091 681 1276 728 oblitus
1301 682 1556 736 honorum,

169 756 250 803 Ad
275 773 498 821 praesepe
523 758 694 820 gemit,
721 758 820 805 leto
847 757 1114 804 moriturus
1139 757 1300 804 inerti.

170 831 286 879 Non
311 848 430 896 aper
452 833 597 881 irasci
623 834 875 889 meminit3
917 849 1008 880 nec
1035 833 1187 879 fidere
1212 849 1359 879 cursu

1463 836 1558 881 545

170 908 358 966 Cerva3
400 925 492 956 nec
518 910 754 957 armentis
780 910 1028 956 incurrere
1053 908 1263 956 fortibus
1289 909 1418 956 ursi:

170 985 354 1033 Omnia
377 986 584 1048 languor
608 986 785 1042 habet;
816 986 1072 1048 silvisque,
1095 986 1344 1048 agrisque,
1366 986 1559 1049 viisque

211 1155 286 1186 538.
311 1155 474 1186 Concidere
498 1156 615 1196 infelix,
631 1157 708 1198 ete]
728 1157 831 1199 Virgi-

169 1203 242 1240 lius,
259 1203 343 1234 dicto
358 1204 438 1240 loco,
450 1205 514 1236 515
528 1217 534 1234 :
554 1205 631 1236 Ecce
645 1213 743 1237 autem
756 1209 832 1237 duro

158 1252 291 1294 fumans
320 1252 468 1294 (sudore)
499 1255 552 1284 sub
582 1266 695 1285 vomere
725 1262 831 1286 taurus

169 1302 320 1338 Concidit,
337 1308 365 1333 et
385 1303 510 1333 mixtum
538 1306 647 1343 spumis
670 1306 760 1334 vomit
782 1315 831 1334 ore

166 1362 313 1387 cruorem,
331 1351 538 1392 Extremosque
553 1354 610 1382 ciet
630 1355 781 1394 gemitus:
805 1356 830 1384 ic

169 1400 263 1430 tristis
278 1405 381 1430 arator
394 1400 569 1431 Maerentem
580 1402 829 1443 abjungenssra-

166 1454 253 1480 terna
268 1456 361 1479 morte
365 1451 535 1489 juvencum
545 1462 556 1487 ,-
581 1451 679 1491 Atque
697 1461 781 1490 opere
797 1453 829 1482 in

166 1499 261 1528 medio
286 1499 383 1538 defixa
402 1501 550 1539 relinquit
573 1505 690 1530 aratra.
735 1499 829 1530 Adde

166 1557 246 1577 vers.
274 1547 460 1579 494—497.
509 1548 681 1584 Concidere,
708 1555 743 1579 ut
769 1550 828 1579 col-

168 1596 240 1632 labi,
263 1595 303 1627 de
328 1597 488 1628 moriente.
536 1596 622 1627 Inter
648 1608 730 1636 opas,
750 1597 831 1628 inter

169 1645 334 1675 arandum.

211 1694 285 1725 540.
310 1694 442 1725 Balatus
464 1706 565 1736 trgi-os,
586 1701 633 1730 ut,
651 1705 739 1725 versu
755 1695 829 1725 319.

169 1749 252 1773 tener
266 1743 394 1774 balatus.

211 1792 285 1822 542.
301 1792 380 1822 Acer
394 1802 485 1832 equus
495 1793 655 1832 quondam,
667 1792 744 1832 etc.]
762 1792 828 1822 Hos

165 1850 272 1871 versus
308 1840 457 1882 Apolline
494 1840 606 1881 dignos
643 1841 828 1882 pronunciat

165 1889 286 1931 Tanaq.
308 1889 419 1920 Faber.
464 1891 553 1924 Acer,
580 1900 756 1930 generosus,
783 1890 827 1920 fe-

165 1948 232 1969 rox.
277 1937 316 1968 In
335 1939 470 1977 pulvere,
487 1938 519 1967 in
545 1938 779 1974 certaminibus,
795 1938 827 1968 in

166 1997 298 2029 quorum
323 1986 584 2029 descriptionibus
605 1987 742 2029 pulveris
764 1988 826 2018 fere

166 2036 201 2066 fit
227 2036 354 2067 mentio.
391 2036 467 2068 Vid.
490 2036 566 2068 Jani
592 2036 631 2067 ad
658 2036 770 2067 Horat.
795 2037 824 2067 Ι.

168 2084 230 2115 Od.
245 2083 268 2114 i.
285 2084 316 2116 3.
364 2084 496 2120 Ριιίνηαε,
513 2083 674 2115 victoriam
689 2096 697 2122 3
723 2085 824 2126 Virgi-

165 2132 238 2169 lius,
267 2133 383 2173 Georg.
405 2132 426 2163 i.
452 2134 506 2164 59.
536 2133 683 2163 Eliadum
711 2134 847 2173 palmas,

164 2192 321 2222 equarum.
369 2181 543 2222 Degenerat
571 2182 696 2221 palmas,
722 2182 824 2222 indig-

165 2241 240 2261 num
263 2240 295 2261 se
317 2230 436 2271 praebet
457 2229 606 2265 victoriis,
631 2230 827 2260 deteriorem.

163 2279 227 2311 Sed
250 2289 308 2320 ego
332 2289 405 2310 cum
429 2279 610 2309 Schirachio
634 2289 694 2309 non
717 2279 826 2310 dubito

164 2327 331 2359 defendere
368 2327 531 2368 vulgatam
577 2327 742 2358 lectionem
787 2328 826 2358 ab

166 2376 297 2407 Heinsio
316 2377 450 2418 pulsam,
465 2378 638 2417 degenerat,
653 2378 757 2415 palmce
780 2388 825 2408 re-

163 2433 320 2466 terumque
329 2427 438 2456 oblitus
449 2426 602 2456 honorum.
626 2427 826 2468 Quamquam

164 2475 249 2507 enim
273 2476 464 2516 degenerare.
479 2474 581 2505 active
599 2474 755 2505 interdum
779 2475 825 2505 di-

166 2529 267 2560 catur,
279 2529 314 2554 ut
329 2523 421 2554 docet
434 2523 594 2559 Heinsius,
606 2523 646 2553 ad
663 2523 753 2554 Pom.
765 2524 827 2553 ΙΙΙ.

165 2573 187 2604 i.
202 2574 257 2604 45.
278 2578 384 2603 tamen
404 2574 503 2611 palma
523 2577 556 2602 et
576 2572 699 2602 honores
714 2573 826 2602 melius

164 2622 211 2653 sie
237 2621 420 2663 junguntur.
459 2620 563 2652 Possis
591 2627 622 2652 et
651 2631 723 2652 cum
750 2632 825 2652 non-

167 2669 263 2700 nullis
275 2669 378 2711 legere
390 2672 519 2712 degener
538 2672 577 2701 ad
595 2671 721 2710 palmas,
738 2681 825 2700 nam-

167 2729 230 2760 que
255 2720 295 2749 ad
320 2719 481 2760 eleganter
506 2730 562 2760 pro
584 2719 699 2761 quoad.
744 2718 826 2750 Hinc

901 1157 995 1188 facile
1011 1157 1075 1188 fieri
1091 1157 1192 1199 potuit
1205 1159 1385 1199 ἄρξωσι-αι,-
1401 1167 1462 1198 quo
1477 1157 1560 1187 sacto

901 1207 954 1236 alii
978 1213 1009 1237 et
1028 1208 1142 1246 palmas
1161 1207 1332 1237 mutarunt.
1378 1207 1453 1236 Leto
1471 1207 1560 1236 mori-

901 1264 988 1287 turus
1002 1268 1013 1293 ,·
1051 1255 1146 1297 vulgo
1174 1258 1272 1286 morbo
1301 1258 1478 1291 moriturus,
1505 1265 1561 1297 pro

899 1316 960 1346 quo
986 1306 1197 1340 Burmannus,
1220 1315 1236 1336 e
1257 1304 1479 1335 vetustioribus
1505 1305 1561 1334 leto

897 1356 1061 1384 moriturus
1083 1353 1181 1389 dedit,
1203 1359 1237 1383 ut
1252 1352 1403 1383 vitaretur
1417 1358 1560 1393 κακοφω·

898 1402 964 1433 νὶα.
1009 1402 1083 1432 Leto
1109 1404 1223 1438 ἐπεῖ-τί,-
1246 1401 1371 1442 ignavo,
1395 1400 1461 1431 sine
1487 1410 1558 1431 san-

895 1450 1002 1491 guine,
1019 1457 1053 1481 ut
1078 1457 1125 1481 est
1138 1449 1202 1480 viii.
1218 1451 1295 1481 518.
1317 1449 1480 1491 inglorius,
1497 1460 1558 1480 non

895 1500 928 1530 in
942 1500 1111 1530 certamine
1127 1505 1181 1530 aut
1195 1499 1289 1529 bello.
1325 1500 1456 1529 Sensum
1469 1499 1558 1529 Grae-

896 1558 1004 1578 corum
1019 1548 1128 1578 tribuit
1144 1558 1236 1589 equo.
1283 1547 1401 1589 Ignava
1422 1558 1497 1577 mors
1513 1547 1557 1578 sic

898 1597 982 1638 apud
1004 1597 1125 1633 Silium,
1148 1597 1190 1627 ix.
1207 1598 1288 1627 512:
1320 1596 1478 1637 Virgilius,
1495 1607 1558 1627 ver.

896 1647 958 1676 498
1018 1646 1147 1676 Labitur
1174 1646 1293 1687 infelix,
1315 1647 1483 1675 studiorum
1508 1652 1556 1676 at-

894 1706 949 1735 que
965 1697 1113 1725 immemor
1133 1696 1226 1725 herbae
1248 1695 1349 1725 Victor
1371 1694 1555 1735 equus,fon-

896 1750 992 1784 tesque
1008 1746 1171 1780 avertitur,
1187 1750 1215 1774 et
1226 1745 1300 1783 pede
1317 1750 1426 1774 terram
1444 1744 1556 1774 Crebra

884 1793 969 1834 ferit
985 1806 994 1823 .·
1017 1795 1144 1823 demissae
1159 1804 1257 1829 aures,
1274 1799 1335 1823 etc.

937 1843 1013 1872 545.
1038 1842 1106 1871 Non
1127 1853 1198 1882 aper
1220 1843 1319 1877 irasci,
1339 1841 1415 1881 etc.]
1442 1841 1557 1872 Confer

895 1889 1059 1930 Virgilius,
1097 1890 1213 1931 Georg.
1241 1890 1285 1920 iii.
1315 1891 1389 1921 537.
1443 1890 1554 1921 Irasci.

894 1939 1024 1975 Seneca,
1044 1939 1082 1969 de
1110 1940 1173 1976 Ira,
1198 1940 1218 1970 i.
1244 1941 1275 1970 3.
1296 1939 1350 1970 ubi
1374 1939 1428 1969 hos
1450 1950 1556 1970 versus

895 1988 1013 2024 laudat,
1041 1988 1147 2019 addit:
1176 1989 1272 2019 Irasci
1303 1990 1389 2024 dicit,
1418 1991 1555 2025 incitari,

893 2039 1031 2078 impingi.
1090 2037 1187 2067 Irasci
1213 2039 1330 2078 quidem
1359 2037 1466 2078 (ferae)
1496 2049 1556 2068 non

892 2087 987 2127 magis
1001 2087 1111 2122 sciunt,
1126 2098 1215 2126 quam
1235 2089 1397 2127 ignoscere.
1446 2086 1556 2116 Fidei-e

893 2135 1000 2176 aliqua
1022 2145 1066 2170 re,
1085 2145 1141 2177 ope
1163 2135 1230 2176 ejus
1253 2135 1385 2165 salutem
1404 2145 1554 2175 quaerere.

893 2183 955 2213 Sed
972 2183 1038 2213 haec
1061 2183 1100 2214 de
1125 2194 1209 2224 apro,
1225 2193 1330 2218 cerva,
1348 2183 1426 2213 ursis
1441 2182 1555 2214 rectius

893 2232 1049 2262 abessent.
1106 2232 1239 2262 Modum
1268 2241 1389 2261 servare
1420 2231 1554 2262 Ovidius

895 2280 1005 2310 nescit.
1057 2281 1135 2316 Quis
1172 2286 1343 2311 nostrorum
1380 2280 1556 2321 probaverit

895 2329 1113 2360 Germanicam
1144 2329 1237 2359 istam
1265 2329 1463 2370 gravitatem,
1489 2339 1554 2370 qua

897 2378 1005 2419 Gierz'g
1031 2377 1090 2408 hoc
1117 2378 1185 2408 loco
1214 2377 1362 2408 Ovidium
1383 2377 1430 2408 sui
1454 2377 1553 2419 impo-

894 2431 1011 2456 tentem
1023 2425 1156 2456 dixerit?
1180 2425 1339 2456 Radenda
1351 2435 1422 2466 ergo
1434 2431 1466 2455 et
1478 2425 1552 2455 abo-

893 2474 987 2505 lenda
1007 2485 1130 2515 quoque
1155 2473 1337 2504 suavissima
1356 2474 1411 2504 illa
1426 2484 1495 2514 quae
1519 2473 1552 2503 in

894 2534 950 2554 sua
974 2524 1044 2554 libri
1058 2524 1111 2554 vii.
1134 2522 1241 2553 fabula
1259 2524 1288 2553 l.
1305 2522 1420 2553 cecinit
1440 2522 1554 2552 Noster

896 2573 943 2602 La
965 2573 1124 2607 fontaine,
1147 2571 1344 2602 felicissimus
1367 2577 1484 2601 naturae
1510 2580 1552 2599 ae-

894 2621 1006 2651 mulus.
1051 2620 1198 2661 Languor
1214 2631 1224 2657 ;
1258 2620 1392 2650 morbus.
1436 2619 1552 2649 Lucre-

893 2669 965 2705 tius,
990 2669 1033 2699 vi.
1065 2669 1159 2699 1217.
1184 2668 1385 2709 Languebant
1413 2669 1554 2708 pleraque

892 2719 1000 2749 morbo.
1046 2718 1073 2747 F
1074 2720 1148 2753 oeda,
1163 2717 1383 2759 putrescentia.
