1763 3181
414 179 1032 223 METAMORPHOSEON
1063 179 1180 219 LIB.
1214 178 1304 219 ΙΙΙ.

1446 178 1501 218 23

1503 178 1530 219 3

153 295 443 354 Exclamat3
485 304 515 321 “
543 313 632 345 nec
659 302 708 344 te
733 295 958 343 civilibus
983 295 1143 341 insere
1167 292 1363 341 bellis.''

149 374 319 437 Atque
344 375 413 422 ita
435 374 694 437 terrigenis
720 373 877 436 rigido
902 373 964 420 de
988 371 1220 419 fratribus
1245 386 1398 417 unum

153 450 391 499 Cominus
416 468 533 500 ense
557 452 669 499 ferit
684 470 695 509 ;
730 451 898 514 jaculo
923 450 1056 498 cadit
1078 449 1269 497 eminus
1294 448 1418 512 ipse.

151 526 248 575 Hic
271 545 487 592 quoque,
511 529 595 593 qui
618 530 717 576 leto
743 528 964 584 dederat,
982 543 1079 573 non
1102 525 1294 588 longius
1319 524 1403 571 illo
1441 527 1532 570 12O

150 604 312 664 Vivit3
353 613 403 653 et
427 607 636 670 expirat,
662 606 810 652 modo
836 620 962 668 quas
989 608 1267 666 acceperat,
1295 617 1466 658 auras3

152 681 500 746 Exemploque
525 682 631 747 pari
655 682 770 729 furit
793 680 951 728 omnis
977 681 1122 727 turba
1143 698 1153 737 3
1194 694 1386 742 suoque

151 758 317 806 Marte
343 760 528 806 cadunt
552 759 703 807 subiti
728 774 815 822 per
838 764 1011 804 mutua
1032 757 1238 804 vulnera
1260 755 1451 803 fratres.

150 835 367 899 Jamque
390 836 551 884 brevis
577 836 792 900 spatium
816 835 928 881 vitae
954 833 1127 881 sortita
1145 834 1379 896 juventus
1442 834 1533 878 124

156 912 493 976 Sanguineam
517 914 710 977 trepido
735 912 1041 976 plangebant
1064 917 1266 974 pectore
1290 916 1514 964 matrem,

154 990 389 1054 Quinque
414 990 793 1054 superstitibus3
824 1004 1033 1051 quorum
1057 987 1149 1034 fuit
1172 1003 1298 1033 unus
1326 985 1532 1032 Echion.

154 1066 204 1114 Is
230 1084 321 1115 sua
338 1068 462 1131 Jecit
485 1067 636 1123 humi,
664 1066 855 1114 monitu
881 1065 1166 1120 Tritonidis,
1192 1080 1354 1121 arma3

155 1143 504 1208 Fraternaeque
529 1145 677 1193 fidem
702 1143 840 1208 pacis
865 1142 1127 1206 petiitque,
1153 1140 1410 1203 deditque.

153 1305 222 1331 rent
245 1300 309 1342 peti
335 1312 367 1332 se
395 1302 434 1332 ab
457 1301 526 1332 aliis
551 1312 567 1332 e
592 1312 648 1332 suo
672 1311 810 1337 numero,

154 1361 265 1381 manus
276 1351 478 1382 conseruisse.
493 1351 599 1382 Schol.
612 1352 757 1393 Apollon.
768 1350 811 1382 iii.

158 1400 250 1431 1185.
266 1400 334 1431 Hoc
350 1400 403 1431 alii
418 1400 588 1432 variarunt.
621 1401 734 1435 Novus,
749 1400 811 1432 sin-

157 1449 258 1490 gulari
274 1454 305 1480 et
318 1449 395 1480 miro
406 1450 497 1481 modo
508 1456 648 1488 creatus;
665 1456 698 1480 ut
709 1449 729 1480 i.
740 1450 813 1480 310.

159 1497 305 1538 Populus,
327 1504 441 1529 coetus.
487 1500 589 1536 Δαναΐ,
613 1501 724 1535 anima,
751 1501 813 1529 rita

156 1547 332 1589 promiscue
356 1553 530 1590 ponuntur3
565 1554 601 1579 ut
628 1559 706 1578 aura
730 1550 814 1584 vesci,

157 1596 272 1633 vivere,
302 1598 408 1628 vitales
439 1609 530 1628 auras
557 1600 701 1638 accipere,
730 1597 815 1628 nasci

158 1645 325 1686 significat,
355 1645 400 1677 sic
428 1648 563 1686 eipz'rare
589 1658 692 1682 auras,
725 1645 814 1676 mori.

159 1695 286 1730 Furere.
309 1695 421 1727 acriter
443 1706 594 1738 pugnare.
638 1696 746 1732 subiti,
766 1706 815 1726 su-

158 1745 224 1776 bito
246 1747 323 1776 nati.
346 1745 426 1776 Inde
442 1745 555 1777 Claud.
570 1745 633 1777 d.l.
649 1746 816 1776 exercitum

158 1801 285 1837 repente
300 1802 443 1826 coactum
457 1805 519 1825 non
533 1795 615 1826 male
631 1806 701 1825 cum
717 1795 819 1826 subita

160 1845 338 1886 Spartorum
353 1844 470 1885 origine
485 1850 655 1886 comparat.

207 1895 278 1925 125.
304 1894 440 1933 Trepido,
455 1893 640 1935 trepidante.
676 1892 822 1923 Membra

162 1943 370 1980 morientium,
386 1949 440 1974 aut
450 1942 556 1973 decisa
571 1953 589 1973 a
605 1953 740 1984 corpore,
753 1944 821 1980 pal-

158 1996 260 2033 pitare
282 2002 313 2024 et
338 1994 487 2032 trepidare
510 1992 668 2022 dicuntur.
688 1992 729 2022 iv.
748 1991 819 2021 129.

163 2042 252 2084 Virg.
266 2044 343 2073 AEn.
357 2042 379 2072 i.
395 2042 471 2072 212.
497 2042 656 2071 trementia
680 2042 819 2075 membra,

162 2092 216 2123 ubi
232 2092 338 2133 Heyn.
351 2096 456 2132 negat,
469 2100 597 2121 suavem
612 2090 670 2121 hoc
683 2088 822 2131 epitheto

161 2140 331 2182 imaginem
344 2140 448 2170 sensui
463 2139 567 2181 objici.

210 2191 280 2221 126.
305 2190 454 2230 Quinque,
469 2189 582 2230 quibus
593 2187 735 2218 nonnulli
749 2197 822 2218 sex-

165 2246 230 2271 tum
243 2239 374 2275 addunt,
389 2239 535 2270 Creonta.
558 2237 687 2268 Illorum
699 2237 824 2267 nomina

165 2299 184 2320 a
211 2288 400 2330 Lysimacho
433 2293 464 2319 et
499 2285 666 2317 Hellanico
701 2291 824 2316 servata

165 2338 256 2370 multi
270 2336 471 2379 repetierunt.
518 2336 657 2366 Pausan.
677 2334 823 2376 quoniam

166 2387 245 2418 nihil
268 2387 380 2418 melius
403 2387 530 2422 habeat,
557 2384 699 2416 assentiri
722 2395 755 2415 se
781 2384 825 2414 ait

166 2438 281 2469 fabulae
297 2437 336 2469 de
351 2448 455 2468 eorum
470 2436 598 2478 origine.
643 2435 714 2466 Sine
731 2434 825 2465 dubio

168 2488 270 2528 Spartz'
286 2487 471 2518 dicebantur
491 2485 611 2527 antiqui
624 2485 709 2516 illius
727 2483 826 2525 regio-

167 2535 215 2568 nis
236 2537 357 2568 incolae.
400 2537 488 2567 Inter
508 2535 575 2571 hos,
591 2534 712 2566 Cadmo
733 2533 827 2563 adve-

167 2586 285 2622 niente,
307 2586 426 2617 bellum
451 2584 542 2616 civile
569 2590 681 2620 ortum,
706 2582 738 2613 in
766 2593 827 2624 quo

168 2634 296 2678 plurimi
319 2635 494 2677 perierunt3
527 2636 656 2674 quinque
681 2638 785 2664 autem
810 2642 826 2662 e

168 2683 354 2727 primoribus
363 2683 542 2726 superstites
553 2683 687 2718 fuerunt,
697 2690 828 2723 quorum

173 2732 300 2764 nomina
314 2732 429 2765 tradita
449 2738 532 2769 sunt,
547 2731 622 2774 quia
642 2730 740 2762 serius
759 2729 828 2760 toti-

879 1299 948 1331 dem
964 1298 1090 1330 samiliae
1100 1297 1264 1329 Thebanae
1272 1296 1419 1326 illustres.
1449 1294 1540 1325 Echi-

878 1361 934 1379 ona
951 1348 1099 1384 Cadmus,
1116 1348 1158 1385 ὡς
1181 1345 1370 1388 προέχοντα
1390 1343 1458 1375 κατ’
1481 1343 1540 1375 ἀν-

879 1398 1072 1440 δραγαθίαν,
1088 1406 1236 1438 generum
1249 1393 1425 1436 assumpsit.
1457 1393 1542 1423 Pau-

880 1459 946 1479 san.
962 1448 1024 1479 d.l.
1040 1449 1112 1479 Jam
1136 1456 1231 1488 quum
1252 1443 1394 1475 Thebani
1417 1443 1543 1485 Sparto-

880 1509 947 1529 rum
963 1508 1076 1529 nomen
1092 1508 1129 1528 ex
1151 1493 1340 1537 etymologia
1360 1492 1544 1534 interpreta-

881 1554 997 1583 rentur,
1026 1548 1102 1577 forte
1132 1551 1163 1576 et
1191 1549 1356 1579 constaret,
1385 1543 1545 1582 ingentem

882 1598 1047 1628 draconem
1066 1607 1133 1627 esse
1149 1605 1167 1625 a
1184 1594 1304 1626 Cadmo
1325 1592 1523 1623 interfectum
1537 1602 1544 1628 3

882 1647 954 1678 inde
971 1645 1141 1687 composita
1155 1650 1201 1675 est
1217 1644 1284 1673 haec
1299 1641 1421 1672 fabula.

929 1698 1001 1728 127.
1025 1697 1147 1726 Monitn
1181 1691 1373 1731 Tritonidis]
1421 1690 1459 1721 Id
1489 1694 1546 1724 est,

885 1746 1067 1789 sapientius,
1095 1742 1266 1775 consultius
1295 1741 1383 1771 duxit
1411 1739 1546 1780 abjicere

887 1807 980 1827 arma.
1013 1793 1160 1825 Similiter
1188 1792 1315 1821 Homer.
1344 1789 1387 1819 Il.
1415 1788 1457 1818 A.
1486 1787 1547 1818 194

886 1856 956 1887 sqq.
1002 1844 1156 1874 Minervae
1181 1840 1299 1871 monitu
1315 1838 1458 1869 Achilles
1483 1837 1549 1878 gla-

887 1895 972 1925 dium
1000 1893 1141 1924 strictum
1165 1889 1306 1920 recondit
1332 1887 1364 1917 in
1388 1886 1547 1927 vaginam.

888 1943 980 1975 Unde
1017 1941 1123 1972 Pallas
1154 1939 1286 1969 Tritonis
1319 1942 1372 1967 aut
1412 1936 1550 1966 Tritonia

888 1993 973 2024 dicta
984 1992 1034 2027 sit,
1048 1991 1233 2032 disputatur.
1250 1985 1373 2028 Heynio
1385 1984 1424 2015 ad
1438 1984 1551 2025 Virgil.

890 2042 1019 2074 fEneid.
1033 2041 1068 2071 ii.
1084 2040 1157 2070 170.
1172 2036 1307 2068 maxime
1326 2033 1486 2077 probabile
1506 2034 1551 2063 vi-

890 2092 990 2127 detur,
1010 2101 1028 2121 a
1050 2087 1163 2131 Τριτὼ,
1188 2086 1271 2128 quod
1295 2084 1441 2116 AEolibus
1463 2090 1554 2122 caput

891 2146 950 2177 est,
966 2150 1034 2171 eam
1056 2138 1174 2169 dictam
1195 2145 1262 2166 esse
1283 2131 1520 2175 Τριτογένειαν,
1537 2143 1553 2163 6

892 2189 994 2232 capite
1010 2190 1029 2220 J
1033 2187 1098 2218 ovis
1113 2192 1230 2216 natam.

935 2240 1007 2269 128.
1031 2237 1135 2267 Fidem
1148 2236 1240 2274 pacis,
1258 2232 1339 2272 etc.]
1366 2229 1553 2266 Postulavit,

890 2294 925 2320 ut
953 2286 1064 2327 reliqui
1090 2283 1150 2314 fide
1180 2283 1255 2313 data
1280 2280 1495 2322 promitterent
1522 2289 1554 2309 se

891 2335 1059 2378 quieturos,
1084 2333 1230 2372 idemque
1256 2336 1286 2361 et
1311 2330 1376 2371 ipse
1405 2327 1555 2369 promisit.

893 2386 997 2425 Operis
1012 2385 1140 2415 comites.
1157 2379 1356 2421 Pherecydes
1371 2391 1376 2407 :
1394 2377 1450 2407 hos
1465 2376 1555 2417 quin-

893 2446 953 2476 que
971 2432 1101 2474 Κάδμος
1124 2431 1263 2461 ποιεῖται
1285 2428 1423 2463 πολίτας
1447 2437 1555 2456 κατοι-

894 2487 986 2519 κίσας
1005 2481 1123 2517 αὐτοὺς
1144 2479 1179 2511 ὲν
1200 2477 1335 2517 Θήβαις.
1380 2475 1460 2506 Inde
1475 2474 1556 2505 The-

893 2532 969 2562 bani
984 2529 1060 2561 dicti
1075 2530 1307 2569 dracontigenoe.
1332 2525 1383 2556 Cf.
1398 2524 1479 2555 infra
1494 2524 1556 2554 543

895 2592 964 2622 sqq.
1009 2580 1128 2610 Jussam
1153 2578 1296 2611 Phoebeis,
1314 2581 1374 2605 etc.
1419 2574 1457 2604 In
1474 2573 1555 2603 Ora—

895 2630 1100 2671 culojubetur
1113 2627 1201 2668 ὄχθῳ
1214 2627 1248 2657 ἐν
1259 2623 1427 2666 ἀκροτάτῳ
1439 2622 1560 2657 κτίζειν

898 2679 997 2711 πόλιν
1025 2676 1234 2720 εὐρυάγυιαν.
1280 2674 1341 2704 1116
1369 2683 1442 2703 vero
1472 2671 1557 2703 Cad-

898 2739 1000 2760 meam
1020 2733 1142 2758 tantum
1165 2724 1324 2767 acropolin
1339 2721 1490 2759 condidit,
1507 2720 1559 2752 cui
