<?xml version="1.0" encoding="UTF-8"?>
<!DOCTYPE html PUBLIC "-//W3C//DTD XHTML 1.0 Transitional//EN"
    "http://www.w3.org/TR/xhtml1/DTD/xhtml1-transitional.dtd">
<html xmlns="http://www.w3.org/1999/xhtml" xml:lang="en" lang="en">
 <head>
  <title>
</title>
<meta http-equiv="Content-Type" content="text/html;charset=utf-8" />
  <meta name='ocr-system' content='tesseract 3.04.00' />
  <meta name='ocr-capabilities' content='ocr_page ocr_carea ocr_par ocr_line ocrx_word'/>
</head>
<body>
  <div class='ocr_page' id='page_1' title='image "./povidiinasonisop03oviduoft_0232.png"; bbox 0 0 1763 3181; ppageno 0'>
   <div class='ocr_carea' id='block_1_1' title="bbox 219 201 1210 249">
    <p class='ocr_par' dir='ltr' id='par_1_1' title="bbox 219 201 1210 249">
     <span class='ocr_line' id='line_1_1' title="bbox 219 201 1210 249; baseline -0.006 0"><span class='ocrx_word' id='word_1_1' title='bbox 219 207 304 249; x_wconf 92' lang='grc'>222</span> <span class='ocrx_word' id='word_1_2' title='bbox 605 206 655 247; x_wconf 92' lang='grc' dir='ltr'>Ρ.</span> <span class='ocrx_word' id='word_1_3' title='bbox 689 203 900 247; x_wconf 90' lang='lat' dir='ltr'>OVIDII</span> <span class='ocrx_word' id='word_1_4' title='bbox 933 201 1210 244; x_wconf 92' lang='lat' dir='ltr'><strong>NASONIS</strong></span> 
     </span>
    </p>
   </div>
   <div class='ocr_carea' id='block_1_2' title="bbox 223 316 1603 1229">
    <p class='ocr_par' dir='ltr' id='par_1_2' title="bbox 223 316 1603 1231">
     <span class='ocr_line' id='line_1_2' title="bbox 225 316 1484 387; baseline -0.006 -18"><span class='ocrx_word' id='word_1_5' title='bbox 225 322 425 387; x_wconf 87' lang='lat' dir='ltr'>Spargit</span> <span class='ocrx_word' id='word_1_6' title='bbox 448 320 583 367; x_wconf 91' lang='lat' dir='ltr'>humi</span> <span class='ocrx_word' id='word_1_7' title='bbox 601 321 784 383; x_wconf 89' lang='lat' dir='ltr'>jussos,</span> <span class='ocrx_word' id='word_1_8' title='bbox 811 317 1038 365; x_wconf 85' lang='lat' dir='ltr'>mortalia</span> <span class='ocrx_word' id='word_1_9' title='bbox 1061 317 1265 372; x_wconf 90' lang='lat' dir='ltr'>semina,</span> <span class='ocrx_word' id='word_1_10' title='bbox 1291 316 1484 363; x_wconf 88' lang='lat' dir='ltr'>dentes.</span> 
     </span>
     <span class='ocr_line' id='line_1_3' title="bbox 224 393 1347 459; baseline -0.007 -12"><span class='ocrx_word' id='word_1_11' title='bbox 224 399 365 454; x_wconf 90' lang='lat' dir='ltr'>Inde,</span> <span class='ocrx_word' id='word_1_12' title='bbox 391 398 487 444; x_wconf 91' lang='lat' dir='ltr'>fide</span> <span class='ocrx_word' id='word_1_13' title='bbox 513 396 696 459; x_wconf 87' lang='lat' dir='ltr'>majus!</span> <span class='ocrx_word' id='word_1_14' title='bbox 736 395 894 458; x_wconf 87' lang='lat' dir='ltr'>glebae</span> <span class='ocrx_word' id='word_1_15' title='bbox 919 409 1112 458; x_wconf 87' lang='lat' dir='ltr'>coepere</span> <span class='ocrx_word' id='word_1_16' title='bbox 1137 393 1347 450; x_wconf 89' lang='lat' dir='ltr'>moveri;</span> 
     </span>
     <span class='ocr_line' id='line_1_4' title="bbox 224 470 1374 537; baseline -0.003 -16"><span class='ocrx_word' id='word_1_17' title='bbox 224 475 493 537; x_wconf 89' lang='lat' dir='ltr'>Primaque</span> <span class='ocrx_word' id='word_1_18' title='bbox 518 473 581 520; x_wconf 91' lang='lat' dir='ltr'>de</span> <span class='ocrx_word' id='word_1_19' title='bbox 606 472 754 519; x_wconf 90' lang='lat' dir='ltr'>sulcis</span> <span class='ocrx_word' id='word_1_20' title='bbox 780 471 911 519; x_wconf 90' lang='lat' dir='ltr'>acies</span> <span class='ocrx_word' id='word_1_21' title='bbox 938 470 1167 533; x_wconf 90' lang='lat' dir='ltr'>apparuit</span> <span class='ocrx_word' id='word_1_22' title='bbox 1190 471 1374 517; x_wconf 87' lang='lat' dir='ltr'>hastae:</span> 
     </span>
     <span class='ocr_line' id='line_1_5' title="bbox 223 536 1437 614; baseline -0.005 -15"><span class='ocrx_word' id='word_1_23' title='bbox 223 551 466 614; x_wconf 82' lang='lat' dir='ltr'>Tegmina</span> <span class='ocrx_word' id='word_1_24' title='bbox 489 565 604 597; x_wconf 83' lang='lat' dir='ltr'>mox</span> <span class='ocrx_word' id='word_1_25' title='bbox 629 549 849 612; x_wconf 87' lang='lat' dir='ltr'>capitum</span> <span class='ocrx_word' id='word_1_26' title='bbox 873 547 1008 611; x_wconf 86' lang='lat' dir='ltr'>picto</span> <span class='ocrx_word' id='word_1_27' title='bbox 1034 536 1260 594; x_wconf 89' lang='lat' dir='ltr'>nutantia</span> <span class='ocrx_word' id='word_1_28' title='bbox 1283 563 1437 603; x_wconf 90' lang='lat' dir='ltr'>cono;</span> 
     </span>
     <span class='ocr_line' id='line_1_6' title="bbox 225 623 1569 690; baseline -0.004 -14"><span class='ocrx_word' id='word_1_29' title='bbox 225 628 350 676; x_wconf 84' lang='lat' dir='ltr'>Mox</span> <span class='ocrx_word' id='word_1_30' title='bbox 375 627 563 675; x_wconf 87' lang='lat' dir='ltr'>humeri</span> <span class='ocrx_word' id='word_1_31' title='bbox 590 633 883 690; x_wconf 82' lang='lat' dir='ltr'>pectusque,</span> <span class='ocrx_word' id='word_1_32' title='bbox 907 632 1208 687; x_wconf 79' lang='lat' dir='ltr'>onerataque</span> <span class='ocrx_word' id='word_1_33' title='bbox 1233 624 1435 671; x_wconf 90' lang='lat' dir='ltr'>brachia</span> <span class='ocrx_word' id='word_1_34' title='bbox 1459 623 1569 671; x_wconf 86' lang='lat' dir='ltr'>telis</span> 
     </span>
     <span class='ocr_line' id='line_1_7' title="bbox 225 701 1487 765; baseline -0.004 -13"><span class='ocrx_word' id='word_1_35' title='bbox 225 704 489 760; x_wconf 86' lang='lat' dir='ltr'>Existunt;</span> <span class='ocrx_word' id='word_1_36' title='bbox 531 703 810 765; x_wconf 82' lang='lat' dir='ltr'>crescitque</span> <span class='ocrx_word' id='word_1_37' title='bbox 837 717 979 764; x_wconf 89' lang='lat' dir='ltr'>seges</span> <span class='ocrx_word' id='word_1_38' title='bbox 1005 701 1236 765; x_wconf 82' lang='lat' dir='ltr'>clypeata</span> <span class='ocrx_word' id='word_1_39' title='bbox 1259 701 1487 748; x_wconf 89' lang='lat' dir='ltr'>virorum.</span> 
     </span>
     <span class='ocr_line' id='line_1_8' title="bbox 226 778 1596 837; baseline -0.004 -9"><span class='ocrx_word' id='word_1_40' title='bbox 226 781 326 837; x_wconf 91' lang='lat' dir='ltr'>Sic,</span> <span class='ocrx_word' id='word_1_41' title='bbox 350 780 434 826; x_wconf 92' lang='lat' dir='ltr'>ubi</span> <span class='ocrx_word' id='word_1_42' title='bbox 459 780 695 826; x_wconf 87' lang='lat' dir='ltr'>tolluntur</span> <span class='ocrx_word' id='word_1_43' title='bbox 719 778 857 826; x_wconf 89' lang='lat' dir='ltr'>festis</span> <span class='ocrx_word' id='word_1_44' title='bbox 880 779 1036 825; x_wconf 78' lang='lat' dir='ltr'>aulaea</span> <span class='ocrx_word' id='word_1_45' title='bbox 1059 778 1281 833; x_wconf 85' lang='lat' dir='ltr'>theatris,</span> <span class='ocrx_word' id='word_1_46' title='bbox 1510 779 1596 823; x_wconf 94' lang='grc'>111</span> 
     </span>
     <span class='ocr_line' id='line_1_9' title="bbox 227 853 1601 919; baseline -0.004 -14"><span class='ocrx_word' id='word_1_47' title='bbox 227 858 440 919; x_wconf 85' lang='lat' dir='ltr'>Surgere</span> <span class='ocrx_word' id='word_1_48' title='bbox 471 856 612 918; x_wconf 90' lang='lat' dir='ltr'>signa</span> <span class='ocrx_word' id='word_1_49' title='bbox 645 855 832 913; x_wconf 88' lang='lat' dir='ltr'>solent;</span> <span class='ocrx_word' id='word_1_50' title='bbox 873 855 1187 918; x_wconf 90' lang='lat' dir='ltr'>primumque</span> <span class='ocrx_word' id='word_1_51' title='bbox 1220 854 1479 901; x_wconf 89' lang='lat' dir='ltr'>ostendere</span> <span class='ocrx_word' id='word_1_52' title='bbox 1498 853 1601 900; x_wconf 88' lang='lat' dir='ltr'>vul-</span> 
     </span>
     <span class='ocr_line' id='line_1_10' title="bbox 227 932 1601 997; baseline -0.003 -16"><span class='ocrx_word' id='word_1_53' title='bbox 227 935 424 982; x_wconf 85' lang='lat' dir='ltr'>Caetera</span> <span class='ocrx_word' id='word_1_54' title='bbox 438 933 676 997; x_wconf 88' lang='lat' dir='ltr'>paulatim</span> <span class='ocrx_word' id='word_1_55' title='bbox 693 952 704 991; x_wconf 82' lang='lat'>3</span> <span class='ocrx_word' id='word_1_56' title='bbox 733 933 1033 996; x_wconf 90' lang='lat' dir='ltr'>placidoque</span> <span class='ocrx_word' id='word_1_57' title='bbox 1053 932 1233 979; x_wconf 91' lang='lat' dir='ltr'>educta</span> <span class='ocrx_word' id='word_1_58' title='bbox 1250 938 1420 978; x_wconf 90' lang='lat' dir='ltr'>tenore</span> <span class='ocrx_word' id='word_1_59' title='bbox 1458 932 1601 992; x_wconf 90' lang='lat' dir='ltr'>[tum,</span> 
     </span>
     <span class='ocr_line' id='line_1_11' title="bbox 225 1008 1545 1074; baseline -0.004 -16"><span class='ocrx_word' id='word_1_60' title='bbox 225 1011 352 1058; x_wconf 89' lang='lat' dir='ltr'>Tota</span> <span class='ocrx_word' id='word_1_61' title='bbox 375 1017 576 1074; x_wconf 85' lang='lat' dir='ltr'>patent3</span> <span class='ocrx_word' id='word_1_62' title='bbox 617 1011 818 1073; x_wconf 90' lang='lat' dir='ltr'>imoque</span> <span class='ocrx_word' id='word_1_63' title='bbox 842 1010 997 1074; x_wconf 89' lang='lat' dir='ltr'>pedes</span> <span class='ocrx_word' id='word_1_64' title='bbox 1022 1009 1072 1055; x_wconf 92' lang='lat' dir='ltr'>in</span> <span class='ocrx_word' id='word_1_65' title='bbox 1096 1008 1314 1070; x_wconf 82' lang='lat' dir='ltr'>margine</span> <span class='ocrx_word' id='word_1_66' title='bbox 1340 1014 1545 1071; x_wconf 88' lang='lat' dir='ltr'>ponunt.</span> 
     </span>
     <span class='ocr_line' id='line_1_12' title="bbox 225 1085 1599 1150; baseline -0.003 -16"><span class='ocrx_word' id='word_1_67' title='bbox 225 1087 448 1135; x_wconf 89' lang='lat' dir='ltr'>Territus</span> <span class='ocrx_word' id='word_1_68' title='bbox 468 1088 610 1135; x_wconf 88' lang='lat' dir='ltr'>hoste</span> <span class='ocrx_word' id='word_1_69' title='bbox 628 1103 753 1134; x_wconf 89' lang='lat' dir='ltr'>novo</span> <span class='ocrx_word' id='word_1_70' title='bbox 775 1087 996 1134; x_wconf 88' lang='lat' dir='ltr'>Cadmus</span> <span class='ocrx_word' id='word_1_71' title='bbox 1016 1102 1193 1150; x_wconf 89' lang='lat' dir='ltr'>capere</span> <span class='ocrx_word' id='word_1_72' title='bbox 1215 1100 1350 1132; x_wconf 91' lang='lat' dir='ltr'>arma</span> <span class='ocrx_word' id='word_1_73' title='bbox 1370 1085 1599 1148; x_wconf 90' lang='lat' dir='ltr'>parabat:</span> 
     </span>
     <span class='ocr_line' id='line_1_13' title="bbox 228 1164 1603 1229; baseline -0.004 -16"><span class='ocrx_word' id='word_1_74' title='bbox 228 1170 259 1189; x_wconf 89' lang='lat'><strong>“</strong></span> <span class='ocrx_word' id='word_1_75' title='bbox 281 1165 360 1213; x_wconf 90' lang='lat' dir='ltr'>Ne</span> <span class='ocrx_word' id='word_1_76' title='bbox 381 1164 551 1229; x_wconf 88' lang='lat' dir='ltr'>cape,”</span> <span class='ocrx_word' id='word_1_77' title='bbox 571 1164 633 1212; x_wconf 91' lang='lat' dir='ltr'>de</span> <span class='ocrx_word' id='word_1_78' title='bbox 649 1164 850 1228; x_wconf 84' lang='lat' dir='ltr'>populO,</span> <span class='ocrx_word' id='word_1_79' title='bbox 872 1180 1022 1226; x_wconf 88' lang='lat' dir='ltr'>quem</span> <span class='ocrx_word' id='word_1_80' title='bbox 1040 1170 1171 1211; x_wconf 90' lang='lat' dir='ltr'>terra</span> <span class='ocrx_word' id='word_1_81' title='bbox 1188 1168 1454 1217; x_wconf 87' lang='lat' dir='ltr'>creaverat,</span> <span class='ocrx_word' id='word_1_82' title='bbox 1478 1177 1603 1208; x_wconf 90' lang='lat' dir='ltr'>unus</span> 
     </span>
    </p>
   </div>
   <div class='ocr_carea' id='block_1_3' title="bbox 1511 394 1600 438">
    <p class='ocr_par' dir='ltr' id='par_1_3' title="bbox 1511 394 1600 438">
     <span class='ocr_line' id='line_1_14' title="bbox 1511 394 1600 438; baseline 0 0"><span class='ocrx_word' id='word_1_83' title='bbox 1511 394 1600 438; x_wconf 88' lang='lat'>106</span> 
     </span>
    </p>
   </div>
   <div class='ocr_carea' id='block_1_4' title="bbox 220 1286 886 2796">
    <p class='ocr_par' dir='ltr' id='par_1_4' title="bbox 225 1286 881 1372">
     <span class='ocr_line' id='line_1_15' title="bbox 226 1286 881 1323; baseline -0.002 -4"><span class='ocrx_word' id='word_1_84' title='bbox 226 1287 331 1319; x_wconf 88' lang='lat' dir='ltr'>Verba</span> <span class='ocrx_word' id='word_1_85' title='bbox 355 1293 459 1319; x_wconf 86' lang='lat' dir='ltr'>autem</span> <span class='ocrx_word' id='word_1_86' title='bbox 483 1294 522 1323; x_wconf 81' lang='lat' dir='ltr'>et,</span> <span class='ocrx_word' id='word_1_87' title='bbox 546 1288 726 1318; x_wconf 72' lang='lat' dir='ltr'>ut—dentes</span> <span class='ocrx_word' id='word_1_88' title='bbox 747 1286 773 1318; x_wconf 90' lang='lat' dir='ltr'>si</span> <span class='ocrx_word' id='word_1_89' title='bbox 795 1287 881 1318; x_wconf 87' lang='lat' dir='ltr'>abes-</span> 
     </span>
     <span class='ocr_line' id='line_1_16' title="bbox 225 1336 659 1372; baseline -0.005 -4"><span class='ocrx_word' id='word_1_90' title='bbox 225 1341 305 1372; x_wconf 80' lang='lat' dir='ltr'>sent,</span> <span class='ocrx_word' id='word_1_91' title='bbox 322 1347 383 1368; x_wconf 86' lang='lat' dir='ltr'>non</span> <span class='ocrx_word' id='word_1_92' title='bbox 399 1336 659 1367; x_wconf 82' lang='lat' dir='ltr'>desiderarentur.</span> 
     </span>
    </p>

    <p class='ocr_par' dir='ltr' id='par_1_5' title="bbox 220 1384 885 1808">
     <span class='ocr_line' id='line_1_17' title="bbox 269 1384 880 1427; baseline -0.002 -11"><span class='ocrx_word' id='word_1_93' title='bbox 269 1387 341 1417; x_wconf 89' lang='grc'>106.</span> <span class='ocrx_word' id='word_1_94' title='bbox 365 1386 513 1426; x_wconf 76' lang='lat' dir='ltr'>Indefide</span> <span class='ocrx_word' id='word_1_95' title='bbox 527 1386 649 1426; x_wconf 52' lang='lat' dir='ltr'>majus]</span> <span class='ocrx_word' id='word_1_96' title='bbox 675 1384 782 1427; x_wconf 87' lang='lat' dir='ltr'>Eurip.</span> <span class='ocrx_word' id='word_1_97' title='bbox 799 1385 861 1416; x_wconf 78' lang='lat'>674</span> <span class='ocrx_word' id='word_1_98' title='bbox 875 1398 880 1415; x_wconf 95' lang='lat'><strong>:</strong></span> 
     </span>
     <span class='ocr_line' id='line_1_18' title="bbox 220 1433 884 1476; baseline -0.005 -9"><span class='ocrx_word' id='word_1_99' title='bbox 220 1434 340 1467; x_wconf 80' lang='grc' dir='ltr'>ἘνΘεν</span> <span class='ocrx_word' id='word_1_100' title='bbox 364 1434 497 1473; x_wconf 73' lang='grc' dir='ltr'>ἐξανῆκε</span> <span class='ocrx_word' id='word_1_101' title='bbox 522 1437 565 1476; x_wconf 84' lang='grc' dir='ltr'>γῆ</span> <span class='ocrx_word' id='word_1_102' title='bbox 594 1434 778 1466; x_wconf 78' lang='grc' dir='ltr'>Πάνοπλον</span> <span class='ocrx_word' id='word_1_103' title='bbox 807 1433 884 1475; x_wconf 70' lang='grc' dir='ltr'>ὄψιν</span> 
     </span>
     <span class='ocr_line' id='line_1_19' title="bbox 225 1482 882 1526; baseline -0.006 -10"><span class='ocrx_word' id='word_1_104' title='bbox 225 1484 307 1526; x_wconf 87' lang='grc' dir='ltr'>ὑπὲρ</span> <span class='ocrx_word' id='word_1_105' title='bbox 327 1484 434 1525; x_wconf 79' lang='grc' dir='ltr'>ἄκρων</span> <span class='ocrx_word' id='word_1_106' title='bbox 442 1482 554 1525; x_wconf 75' lang='grc' dir='ltr'>’Ὀρων</span> <span class='ocrx_word' id='word_1_107' title='bbox 571 1483 698 1524; x_wconf 79' lang='grc' dir='ltr'>χθονός.</span> <span class='ocrx_word' id='word_1_108' title='bbox 741 1483 802 1513; x_wconf 88' lang='lat' dir='ltr'>Sed</span> <span class='ocrx_word' id='word_1_109' title='bbox 818 1483 882 1512; x_wconf 86' lang='lat' dir='ltr'>No-</span> 
     </span>
     <span class='ocr_line' id='line_1_20' title="bbox 224 1532 884 1574; baseline -0.005 -9"><span class='ocrx_word' id='word_1_110' title='bbox 224 1540 286 1565; x_wconf 85' lang='lat' dir='ltr'>ster</span> <span class='ocrx_word' id='word_1_111' title='bbox 294 1544 345 1565; x_wconf 91' lang='lat' dir='ltr'>eos</span> <span class='ocrx_word' id='word_1_112' title='bbox 357 1533 471 1564; x_wconf 86' lang='lat' dir='ltr'>sensim</span> <span class='ocrx_word' id='word_1_113' title='bbox 482 1533 571 1563; x_wconf 87' lang='lat' dir='ltr'>nobis</span> <span class='ocrx_word' id='word_1_114' title='bbox 580 1543 597 1563; x_wconf 93' lang='lat' dir='ltr'>e</span> <span class='ocrx_word' id='word_1_115' title='bbox 608 1538 688 1563; x_wconf 88' lang='lat' dir='ltr'>terra</span> <span class='ocrx_word' id='word_1_116' title='bbox 699 1532 884 1574; x_wconf 86' lang='lat' dir='ltr'>prodeuntes</span> 
     </span>
     <span class='ocr_line' id='line_1_21' title="bbox 224 1580 884 1617; baseline -0.003 -4"><span class='ocrx_word' id='word_1_117' title='bbox 224 1581 369 1617; x_wconf 88' lang='lat' dir='ltr'>ostendit,</span> <span class='ocrx_word' id='word_1_118' title='bbox 396 1581 504 1612; x_wconf 84' lang='lat' dir='ltr'>addita</span> <span class='ocrx_word' id='word_1_119' title='bbox 529 1581 730 1612; x_wconf 84' lang='lat' dir='ltr'>similitudine</span> <span class='ocrx_word' id='word_1_120' title='bbox 759 1580 884 1611; x_wconf 89' lang='lat' dir='ltr'>minime</span> 
     </span>
     <span class='ocr_line' id='line_1_22' title="bbox 224 1629 883 1672; baseline -0.003 -10"><span class='ocrx_word' id='word_1_121' title='bbox 224 1631 355 1672; x_wconf 85' lang='lat' dir='ltr'>vulgari.</span> <span class='ocrx_word' id='word_1_122' title='bbox 401 1631 527 1666; x_wconf 71' lang='lat' dir='ltr'>Moneri,</span> <span class='ocrx_word' id='word_1_123' title='bbox 553 1641 673 1661; x_wconf 89' lang='lat' dir='ltr'>sursum</span> <span class='ocrx_word' id='word_1_124' title='bbox 703 1629 785 1666; x_wconf 85' lang='lat' dir='ltr'>ferri,</span> <span class='ocrx_word' id='word_1_125' title='bbox 813 1640 883 1660; x_wconf 86' lang='lat' dir='ltr'>mox</span> 
     </span>
     <span class='ocr_line' id='line_1_23' title="bbox 224 1677 885 1720; baseline -0.003 -10"><span class='ocrx_word' id='word_1_126' title='bbox 224 1679 335 1711; x_wconf 86' lang='lat' dir='ltr'>dilabi.</span> <span class='ocrx_word' id='word_1_127' title='bbox 352 1679 464 1710; x_wconf 89' lang='lat' dir='ltr'>Claud.</span> <span class='ocrx_word' id='word_1_128' title='bbox 478 1677 544 1709; x_wconf 83' lang='lat' dir='ltr'>xxi.</span> <span class='ocrx_word' id='word_1_129' title='bbox 556 1679 617 1709; x_wconf 88' lang='grc'>318</span> <span class='ocrx_word' id='word_1_130' title='bbox 632 1691 637 1708; x_wconf 87' lang='lat'>:</span> <span class='ocrx_word' id='word_1_131' title='bbox 662 1680 750 1720; x_wconf 79' lang='lat' dir='ltr'>galea</span> <span class='ocrx_word' id='word_1_132' title='bbox 763 1685 885 1709; x_wconf 79' lang='lat' dir='ltr'>matrem</span> 
     </span>
     <span class='ocr_line' id='line_1_24' title="bbox 225 1727 885 1770; baseline -0.002 -11"><span class='ocrx_word' id='word_1_133' title='bbox 225 1735 362 1760; x_wconf 74' lang='lat' dir='ltr'>nascente</span> <span class='ocrx_word' id='word_1_134' title='bbox 380 1729 520 1770; x_wconf 83' lang='lat' dir='ltr'>feriunt,</span> <span class='ocrx_word' id='word_1_135' title='bbox 545 1733 658 1759; x_wconf 88' lang='lat' dir='ltr'>eruunt</span> <span class='ocrx_word' id='word_1_136' title='bbox 685 1734 797 1759; x_wconf 88' lang='lat' dir='ltr'>terram</span> <span class='ocrx_word' id='word_1_137' title='bbox 825 1727 885 1758; x_wconf 87' lang='lat' dir='ltr'>sibi</span> 
     </span>
     <span class='ocr_line' id='line_1_25' title="bbox 223 1778 415 1808; baseline 0 0"><span class='ocrx_word' id='word_1_138' title='bbox 223 1778 415 1808; x_wconf 78' lang='lat' dir='ltr'>obstantem.</span> 
     </span>
    </p>

    <p class='ocr_par' dir='ltr' id='par_1_6' title="bbox 220 1825 885 2309">
     <span class='ocr_line' id='line_1_26' title="bbox 269 1825 883 1867; baseline 0 -10"><span class='ocrx_word' id='word_1_139' title='bbox 269 1828 341 1859; x_wconf 86' lang='grc'>108.</span> <span class='ocrx_word' id='word_1_140' title='bbox 367 1826 509 1867; x_wconf 83' lang='lat' dir='ltr'>Tegmina</span> <span class='ocrx_word' id='word_1_141' title='bbox 529 1827 672 1866; x_wconf 79' lang='lat' dir='ltr'>capitum,</span> <span class='ocrx_word' id='word_1_142' title='bbox 697 1825 807 1866; x_wconf 85' lang='lat' dir='ltr'>galeae,</span> <span class='ocrx_word' id='word_1_143' title='bbox 828 1826 883 1857; x_wconf 89' lang='lat' dir='ltr'>ha-</span> 
     </span>
     <span class='ocr_line' id='line_1_27' title="bbox 223 1875 884 1912; baseline -0.003 -5"><span class='ocrx_word' id='word_1_144' title='bbox 223 1877 341 1907; x_wconf 87' lang='lat' dir='ltr'>bebant</span> <span class='ocrx_word' id='word_1_145' title='bbox 351 1887 467 1910; x_wconf 77' lang='lat' dir='ltr'>conum,</span> <span class='ocrx_word' id='word_1_146' title='bbox 481 1875 676 1906; x_wconf 87' lang='lat' dir='ltr'>tuberculum</span> <span class='ocrx_word' id='word_1_147' title='bbox 688 1881 884 1912; x_wconf 78' lang='lat' dir='ltr'>excavatum,</span> 
     </span>
     <span class='ocr_line' id='line_1_28' title="bbox 223 1924 884 1966; baseline 0 -10"><span class='ocrx_word' id='word_1_148' title='bbox 223 1925 274 1956; x_wconf 90' lang='lat' dir='ltr'>cui</span> <span class='ocrx_word' id='word_1_149' title='bbox 297 1925 484 1955; x_wconf 79' lang='lat' dir='ltr'>indebantur</span> <span class='ocrx_word' id='word_1_150' title='bbox 505 1925 618 1961; x_wconf 86' lang='lat' dir='ltr'>cristae,</span> <span class='ocrx_word' id='word_1_151' title='bbox 636 1935 705 1966; x_wconf 84' lang='lat' dir='ltr'>quae</span> <span class='ocrx_word' id='word_1_152' title='bbox 729 1924 791 1955; x_wconf 89' lang='lat' dir='ltr'>fere</span> <span class='ocrx_word' id='word_1_153' title='bbox 810 1936 884 1956; x_wconf 91' lang='lat' dir='ltr'>con-</span> 
     </span>
     <span class='ocr_line' id='line_1_29' title="bbox 223 1972 884 2014; baseline 0.002 -10"><span class='ocrx_word' id='word_1_154' title='bbox 223 1974 349 2005; x_wconf 83' lang='lat' dir='ltr'>stabant</span> <span class='ocrx_word' id='word_1_155' title='bbox 381 1972 615 2004; x_wconf 86' lang='lat' dir='ltr'>versicoloribus</span> <span class='ocrx_word' id='word_1_156' title='bbox 652 1973 773 2014; x_wconf 89' lang='lat' dir='ltr'>pennis,</span> <span class='ocrx_word' id='word_1_157' title='bbox 803 1973 884 2005; x_wconf 88' lang='lat' dir='ltr'>unde</span> 
     </span>
     <span class='ocr_line' id='line_1_30' title="bbox 220 2021 885 2064; baseline -0.002 -11"><span class='ocrx_word' id='word_1_158' title='bbox 220 2025 320 2063; x_wconf 80' lang='lat' dir='ltr'>pictus</span> <span class='ocrx_word' id='word_1_159' title='bbox 335 2033 435 2053; x_wconf 85' lang='lat' dir='ltr'>conus.</span> <span class='ocrx_word' id='word_1_160' title='bbox 468 2022 522 2052; x_wconf 85' lang='lat' dir='ltr'>Eae</span> <span class='ocrx_word' id='word_1_161' title='bbox 535 2032 645 2064; x_wconf 84' lang='lat' dir='ltr'>pennae</span> <span class='ocrx_word' id='word_1_162' title='bbox 657 2021 736 2053; x_wconf 88' lang='lat' dir='ltr'>inter</span> <span class='ocrx_word' id='word_1_163' title='bbox 747 2022 885 2053; x_wconf 90' lang='lat' dir='ltr'>eundum</span> 
     </span>
     <span class='ocr_line' id='line_1_31' title="bbox 225 2071 884 2107; baseline -0.002 -5"><span class='ocrx_word' id='word_1_164' title='bbox 225 2072 385 2107; x_wconf 75' lang='lat' dir='ltr'>nutabant,</span> <span class='ocrx_word' id='word_1_165' title='bbox 414 2071 629 2102; x_wconf 86' lang='lat' dir='ltr'>movebantur.</span> <span class='ocrx_word' id='word_1_166' title='bbox 689 2071 746 2101; x_wconf 88' lang='lat' dir='ltr'>Est</span> <span class='ocrx_word' id='word_1_167' title='bbox 781 2077 884 2101; x_wconf 81' lang='lat' dir='ltr'>autem</span> 
     </span>
     <span class='ocr_line' id='line_1_32' title="bbox 225 2119 883 2161; baseline 0 -11"><span class='ocrx_word' id='word_1_168' title='bbox 225 2126 336 2151; x_wconf 78' lang='lat' dir='ltr'>nutare</span> <span class='ocrx_word' id='word_1_169' title='bbox 361 2121 488 2150; x_wconf 89' lang='lat' dir='ltr'>verbum</span> <span class='ocrx_word' id='word_1_170' title='bbox 515 2119 546 2150; x_wconf 86' lang='lat' dir='ltr'>in</span> <span class='ocrx_word' id='word_1_171' title='bbox 571 2119 629 2150; x_wconf 89' lang='lat' dir='ltr'>hac</span> <span class='ocrx_word' id='word_1_172' title='bbox 654 2130 686 2150; x_wconf 89' lang='lat' dir='ltr'>re</span> <span class='ocrx_word' id='word_1_173' title='bbox 710 2120 883 2161; x_wconf 89' lang='lat' dir='ltr'>proprium:</span> 
     </span>
     <span class='ocr_line' id='line_1_33' title="bbox 224 2168 884 2200; baseline 0 0"><span class='ocrx_word' id='word_1_174' title='bbox 224 2168 287 2200; x_wconf 91' lang='lat' dir='ltr'>vid.</span> <span class='ocrx_word' id='word_1_175' title='bbox 304 2168 452 2200; x_wconf 83' lang='lat' dir='ltr'>Heinsius</span> <span class='ocrx_word' id='word_1_176' title='bbox 465 2168 504 2199; x_wconf 89' lang='lat' dir='ltr'>ad</span> <span class='ocrx_word' id='word_1_177' title='bbox 517 2168 572 2199; x_wconf 89' lang='lat' dir='ltr'>Sil.</span> <span class='ocrx_word' id='word_1_178' title='bbox 583 2168 623 2199; x_wconf 91' lang='lat' dir='ltr'>iv.</span> <span class='ocrx_word' id='word_1_179' title='bbox 636 2169 708 2199; x_wconf 88' lang='lat'>460.</span> <span class='ocrx_word' id='word_1_180' title='bbox 739 2169 800 2199; x_wconf 90' lang='lat' dir='ltr'>Sed</span> <span class='ocrx_word' id='word_1_181' title='bbox 811 2169 884 2200; x_wconf 88' lang='lat' dir='ltr'>dum</span> 
     </span>
     <span class='ocr_line' id='line_1_34' title="bbox 224 2217 884 2260; baseline 0.002 -12"><span class='ocrx_word' id='word_1_182' title='bbox 224 2217 323 2259; x_wconf 64' lang='lat' dir='ltr'>galeae</span> <span class='ocrx_word' id='word_1_183' title='bbox 340 2217 453 2248; x_wconf 86' lang='lat' dir='ltr'>sensim</span> <span class='ocrx_word' id='word_1_184' title='bbox 468 2228 484 2248; x_wconf 86' lang='lat' dir='ltr'>e</span> <span class='ocrx_word' id='word_1_185' title='bbox 501 2224 581 2248; x_wconf 89' lang='lat' dir='ltr'>terra</span> <span class='ocrx_word' id='word_1_186' title='bbox 595 2218 770 2260; x_wconf 86' lang='lat' dir='ltr'>prodibant.</span> <span class='ocrx_word' id='word_1_187' title='bbox 785 2218 884 2250; x_wconf 85' lang='lat' dir='ltr'>cristae</span> 
     </span>
     <span class='ocr_line' id='line_1_35' title="bbox 225 2272 578 2309; baseline 0.003 -12"><span class='ocrx_word' id='word_1_188' title='bbox 225 2273 335 2298; x_wconf 79' lang='lat' dir='ltr'>nutare</span> <span class='ocrx_word' id='word_1_189' title='bbox 350 2278 411 2297; x_wconf 90' lang='lat' dir='ltr'>non</span> <span class='ocrx_word' id='word_1_190' title='bbox 425 2272 578 2309; x_wconf 79' lang='lat' dir='ltr'>poterant.</span> 
     </span>
    </p>

    <p class='ocr_par' dir='ltr' id='par_1_7' title="bbox 221 2315 886 2796">
     <span class='ocr_line' id='line_1_36' title="bbox 271 2315 883 2357; baseline 0.002 -11"><span class='ocrx_word' id='word_1_191' title='bbox 271 2317 342 2347; x_wconf 89' lang='lat'>110.</span> <span class='ocrx_word' id='word_1_192' title='bbox 367 2316 521 2352; x_wconf 69' lang='lat' dir='ltr'>Eaistunt,</span> <span class='ocrx_word' id='word_1_193' title='bbox 538 2315 571 2347; x_wconf 85' lang='lat' dir='ltr'>ii.</span> <span class='ocrx_word' id='word_1_194' title='bbox 587 2317 661 2347; x_wconf 79' lang='lat'>264.</span> <span class='ocrx_word' id='word_1_195' title='bbox 705 2315 791 2357; x_wconf 85' lang='lat' dir='ltr'>Seges</span> <span class='ocrx_word' id='word_1_196' title='bbox 806 2318 883 2347; x_wconf 83' lang='lat' dir='ltr'>viro-</span> 
     </span>
     <span class='ocr_line' id='line_1_37' title="bbox 224 2364 886 2405; baseline 0.002 -10"><span class='ocrx_word' id='word_1_197' title='bbox 224 2375 303 2395; x_wconf 79' lang='lat' dir='ltr'>rum.</span> <span class='ocrx_word' id='word_1_198' title='bbox 338 2364 479 2405; x_wconf 89' lang='lat' dir='ltr'>Euripid.</span> <span class='ocrx_word' id='word_1_199' title='bbox 505 2375 567 2396; x_wconf 89' lang='lat' dir='ltr'>ver.</span> <span class='ocrx_word' id='word_1_200' title='bbox 593 2365 674 2396; x_wconf 79' lang='lat'>946:</span> <span class='ocrx_word' id='word_1_201' title='bbox 713 2370 792 2396; x_wconf 88' lang='lat' dir='ltr'>terra</span> <span class='ocrx_word' id='word_1_202' title='bbox 821 2365 886 2396; x_wconf 89' lang='lat' dir='ltr'>edit</span> 
     </span>
     <span class='ocr_line' id='line_1_38' title="bbox 224 2413 882 2455; baseline 0.002 -11"><span class='ocrx_word' id='word_1_203' title='bbox 224 2413 464 2454; x_wconf 80' lang='grc' dir='ltr'>χρυσοπήληκα</span> <span class='ocrx_word' id='word_1_204' title='bbox 487 2413 615 2454; x_wconf 79' lang='grc' dir='ltr'>στάχυν</span> <span class='ocrx_word' id='word_1_205' title='bbox 636 2416 812 2455; x_wconf 75' lang='grc' dir='ltr'>Σπαρτῶν,</span> <span class='ocrx_word' id='word_1_206' title='bbox 829 2424 882 2446; x_wconf 89' lang='lat' dir='ltr'>au-</span> 
     </span>
     <span class='ocr_line' id='line_1_39' title="bbox 223 2462 884 2504; baseline 0.002 -12"><span class='ocrx_word' id='word_1_207' title='bbox 223 2462 283 2493; x_wconf 90' lang='lat' dir='ltr'>reis</span> <span class='ocrx_word' id='word_1_208' title='bbox 305 2462 402 2504; x_wconf 85' lang='lat' dir='ltr'>galeis</span> <span class='ocrx_word' id='word_1_209' title='bbox 427 2468 578 2493; x_wconf 83' lang='lat' dir='ltr'>armatam</span> <span class='ocrx_word' id='word_1_210' title='bbox 598 2468 736 2503; x_wconf 84' lang='lat' dir='ltr'>segetem</span> <span class='ocrx_word' id='word_1_211' title='bbox 759 2464 884 2504; x_wconf 83' lang='lat' dir='ltr'>Sparto-</span> 
     </span>
     <span class='ocr_line' id='line_1_40' title="bbox 223 2510 882 2552; baseline 0.003 -12"><span class='ocrx_word' id='word_1_212' title='bbox 223 2521 305 2546; x_wconf 87' lang='lat' dir='ltr'>rum,</span> <span class='ocrx_word' id='word_1_213' title='bbox 335 2510 417 2541; x_wconf 87' lang='lat' dir='ltr'>unde</span> <span class='ocrx_word' id='word_1_214' title='bbox 445 2511 577 2542; x_wconf 91' lang='lat' dir='ltr'>Ovidius</span> <span class='ocrx_word' id='word_1_215' title='bbox 603 2512 771 2552; x_wconf 67' lang='lat' dir='ltr'>clypeatam,</span> <span class='ocrx_word' id='word_1_216' title='bbox 796 2512 882 2548; x_wconf 85' lang='lat' dir='ltr'>fecit,</span> 
     </span>
     <span class='ocr_line' id='line_1_41' title="bbox 225 2558 883 2599; baseline 0.003 -10"><span class='ocrx_word' id='word_1_217' title='bbox 225 2558 308 2599; x_wconf 91' lang='lat' dir='ltr'>quod</span> <span class='ocrx_word' id='word_1_218' title='bbox 320 2558 501 2590; x_wconf 87' lang='lat' dir='ltr'>Addisonus</span> <span class='ocrx_word' id='word_1_219' title='bbox 515 2559 581 2590; x_wconf 89' lang='lat' dir='ltr'>sine</span> <span class='ocrx_word' id='word_1_220' title='bbox 595 2570 688 2590; x_wconf 89' lang='lat' dir='ltr'>causa</span> <span class='ocrx_word' id='word_1_221' title='bbox 701 2560 883 2591; x_wconf 85' lang='lat' dir='ltr'>damnabat.</span> 
     </span>
     <span class='ocr_line' id='line_1_42' title="bbox 227 2608 884 2650; baseline 0.005 -12"><span class='ocrx_word' id='word_1_222' title='bbox 227 2608 341 2650; x_wconf 88' lang='lat' dir='ltr'>Virgil.</span> <span class='ocrx_word' id='word_1_223' title='bbox 358 2609 475 2650; x_wconf 87' lang='lat' dir='ltr'>Georg.</span> <span class='ocrx_word' id='word_1_224' title='bbox 492 2609 526 2639; x_wconf 87' lang='lat' dir='ltr'>ii.</span> <span class='ocrx_word' id='word_1_225' title='bbox 545 2610 624 2640; x_wconf 84' lang='lat'>142:</span> <span class='ocrx_word' id='word_1_226' title='bbox 652 2610 755 2640; x_wconf 79' lang='lat' dir='ltr'>Galeis</span> <span class='ocrx_word' id='word_1_227' title='bbox 775 2612 884 2641; x_wconf 75' lang='lat' dir='ltr'>densis-</span> 
     </span>
     <span class='ocr_line' id='line_1_43' title="bbox 224 2658 884 2699; baseline 0.005 -12"><span class='ocrx_word' id='word_1_228' title='bbox 224 2668 279 2697; x_wconf 81' lang='lat' dir='ltr'>que</span> <span class='ocrx_word' id='word_1_229' title='bbox 294 2658 391 2688; x_wconf 68' lang='lat' dir='ltr'>virz&#39;im</span> <span class='ocrx_word' id='word_1_230' title='bbox 402 2669 479 2699; x_wconf 83' lang='lat' dir='ltr'>seges</span> <span class='ocrx_word' id='word_1_231' title='bbox 492 2659 610 2688; x_wconf 79' lang='lat' dir='ltr'>horruit</span> <span class='ocrx_word' id='word_1_232' title='bbox 625 2659 726 2689; x_wconf 80' lang='lat' dir='ltr'>hastis.</span> <span class='ocrx_word' id='word_1_233' title='bbox 749 2659 778 2689; x_wconf 81' lang='lat' dir='ltr'><strong>A</strong></span> <span class='ocrx_word' id='word_1_234' title='bbox 790 2659 884 2691; x_wconf 80' lang='lat' dir='ltr'>Clau-</span> 
     </span>
     <span class='ocr_line' id='line_1_44' title="bbox 225 2705 886 2750; baseline 0.005 -14"><span class='ocrx_word' id='word_1_235' title='bbox 225 2705 317 2737; x_wconf 89' lang='lat' dir='ltr'>diano</span> <span class='ocrx_word' id='word_1_236' title='bbox 342 2709 438 2738; x_wconf 83' lang='lat' dir='ltr'>messis</span> <span class='ocrx_word' id='word_1_237' title='bbox 463 2713 600 2744; x_wconf 85' lang='lat' dir='ltr'>vocatur,</span> <span class='ocrx_word' id='word_1_238' title='bbox 625 2718 722 2749; x_wconf 85' lang='lat' dir='ltr'>quum</span> <span class='ocrx_word' id='word_1_239' title='bbox 746 2709 886 2750; x_wconf 82' lang='lat' dir='ltr'>Armiger</span> 
     </span>
     <span class='ocr_line' id='line_1_45' title="bbox 221 2756 725 2796; baseline 0.002 -10"><span class='ocrx_word' id='word_1_240' title='bbox 221 2761 252 2786; x_wconf 78' lang='lat' dir='ltr'>et</span> <span class='ocrx_word' id='word_1_241' title='bbox 268 2756 493 2796; x_wconf 57' lang='lat' dir='ltr'>viridi-floreret</span> <span class='ocrx_word' id='word_1_242' title='bbox 506 2758 601 2788; x_wconf 82' lang='lat' dir='ltr'>milite</span> <span class='ocrx_word' id='word_1_243' title='bbox 613 2757 725 2788; x_wconf 77' lang='lat' dir='ltr'>sulcus.</span> 
     </span>
    </p>
   </div>
   <div class='ocr_carea' id='block_1_5' title="bbox 950 1283 1612 2799">
    <p class='ocr_par' dir='ltr' id='par_1_8' title="bbox 950 1283 1612 1907">
     <span class='ocr_line' id='line_1_46' title="bbox 996 1283 1606 1326; baseline -0.005 -10"><span class='ocrx_word' id='word_1_244' title='bbox 996 1287 1066 1318; x_wconf 90' lang='grc'>111.</span> <span class='ocrx_word' id='word_1_245' title='bbox 1090 1285 1224 1326; x_wconf 64' lang='lat' dir='ltr'>Aulam]</span> <span class='ocrx_word' id='word_1_246' title='bbox 1255 1285 1335 1316; x_wconf 81' lang='lat' dir='ltr'>Vela</span> <span class='ocrx_word' id='word_1_247' title='bbox 1356 1283 1452 1326; x_wconf 85' lang='lat' dir='ltr'>picta,</span> <span class='ocrx_word' id='word_1_248' title='bbox 1476 1293 1606 1325; x_wconf 90' lang='lat' dir='ltr'>quorum</span> 
     </span>
     <span class='ocr_line' id='line_1_47' title="bbox 950 1333 1604 1368; baseline -0.005 -2"><span class='ocrx_word' id='word_1_249' title='bbox 950 1346 1023 1366; x_wconf 92' lang='lat' dir='ltr'>usus</span> <span class='ocrx_word' id='word_1_250' title='bbox 1051 1335 1145 1366; x_wconf 85' lang='lat' dir='ltr'>etiam</span> <span class='ocrx_word' id='word_1_251' title='bbox 1172 1334 1203 1364; x_wconf 93' lang='lat' dir='ltr'>in</span> <span class='ocrx_word' id='word_1_252' title='bbox 1232 1333 1359 1364; x_wconf 76' lang='lat' dir='ltr'>theatris</span> <span class='ocrx_word' id='word_1_253' title='bbox 1389 1339 1466 1363; x_wconf 88' lang='lat' dir='ltr'>erat.</span> <span class='ocrx_word' id='word_1_254' title='bbox 1513 1333 1604 1368; x_wconf 84' lang='lat' dir='ltr'>Haec,</span> 
     </span>
     <span class='ocr_line' id='line_1_48' title="bbox 951 1382 1607 1425; baseline -0.006 -10"><span class='ocrx_word' id='word_1_255' title='bbox 951 1395 1047 1425; x_wconf 85' lang='lat' dir='ltr'>quum</span> <span class='ocrx_word' id='word_1_256' title='bbox 1068 1383 1161 1414; x_wconf 88' lang='lat' dir='ltr'>ludus</span> <span class='ocrx_word' id='word_1_257' title='bbox 1181 1382 1304 1413; x_wconf 87' lang='lat' dir='ltr'>initium</span> <span class='ocrx_word' id='word_1_258' title='bbox 1326 1382 1482 1423; x_wconf 88' lang='lat' dir='ltr'>capiebat,</span> <span class='ocrx_word' id='word_1_259' title='bbox 1500 1382 1607 1412; x_wconf 90' lang='lat' dir='ltr'>nonin</span> 
     </span>
     <span class='ocr_line' id='line_1_49' title="bbox 951 1430 1608 1472; baseline -0.003 -9"><span class='ocrx_word' id='word_1_260' title='bbox 951 1433 1049 1463; x_wconf 88' lang='lat' dir='ltr'>altum</span> <span class='ocrx_word' id='word_1_261' title='bbox 1072 1432 1283 1467; x_wconf 80' lang='lat' dir='ltr'>trahebantur,</span> <span class='ocrx_word' id='word_1_262' title='bbox 1300 1436 1334 1461; x_wconf 91' lang='lat' dir='ltr'>ut</span> <span class='ocrx_word' id='word_1_263' title='bbox 1358 1430 1440 1472; x_wconf 90' lang='lat' dir='ltr'>apud</span> <span class='ocrx_word' id='word_1_264' title='bbox 1465 1441 1530 1466; x_wconf 86' lang='lat' dir='ltr'>nos,</span> <span class='ocrx_word' id='word_1_265' title='bbox 1553 1430 1608 1461; x_wconf 83' lang='lat' dir='ltr'>sed</span> 
     </span>
     <span class='ocr_line' id='line_1_50' title="bbox 951 1480 1608 1521; baseline -0.003 -9"><span class='ocrx_word' id='word_1_266' title='bbox 951 1492 988 1513; x_wconf 83' lang='lat' dir='ltr'>ex</span> <span class='ocrx_word' id='word_1_267' title='bbox 998 1481 1060 1512; x_wconf 86' lang='lat' dir='ltr'>alto</span> <span class='ocrx_word' id='word_1_268' title='bbox 1067 1481 1323 1515; x_wconf 80' lang='lat' dir='ltr'>demittebantur,</span> <span class='ocrx_word' id='word_1_269' title='bbox 1336 1480 1390 1516; x_wconf 80' lang='lat' dir='ltr'>ita,</span> <span class='ocrx_word' id='word_1_270' title='bbox 1400 1486 1446 1516; x_wconf 92' lang='lat' dir='ltr'>ut,</span> <span class='ocrx_word' id='word_1_271' title='bbox 1459 1480 1608 1521; x_wconf 86' lang='lat' dir='ltr'>quamdiu</span> 
     </span>
     <span class='ocr_line' id='line_1_51' title="bbox 951 1529 1608 1572; baseline -0.003 -10"><span class='ocrx_word' id='word_1_272' title='bbox 951 1541 1045 1562; x_wconf 86' lang='lat' dir='ltr'>scena</span> <span class='ocrx_word' id='word_1_273' title='bbox 1074 1536 1179 1572; x_wconf 88' lang='lat' dir='ltr'>aperta</span> <span class='ocrx_word' id='word_1_274' title='bbox 1207 1536 1298 1565; x_wconf 86' lang='lat' dir='ltr'>esset,</span> <span class='ocrx_word' id='word_1_275' title='bbox 1327 1529 1413 1560; x_wconf 89' lang='lat' dir='ltr'>humi</span> <span class='ocrx_word' id='word_1_276' title='bbox 1445 1530 1608 1571; x_wconf 86' lang='lat' dir='ltr'>jacerent;</span> 
     </span>
     <span class='ocr_line' id='line_1_52' title="bbox 951 1579 1610 1611; baseline -0.003 0"><span class='ocrx_word' id='word_1_277' title='bbox 951 1580 1022 1611; x_wconf 87' lang='lat' dir='ltr'>vide</span> <span class='ocrx_word' id='word_1_278' title='bbox 1038 1581 1169 1611; x_wconf 86' lang='lat' dir='ltr'>Gesner.</span> <span class='ocrx_word' id='word_1_279' title='bbox 1181 1579 1220 1610; x_wconf 91' lang='lat' dir='ltr'>ad</span> <span class='ocrx_word' id='word_1_280' title='bbox 1235 1580 1343 1610; x_wconf 83' lang='lat' dir='ltr'>Horat.</span> <span class='ocrx_word' id='word_1_281' title='bbox 1360 1579 1400 1610; x_wconf 78' lang='lat' dir='ltr'>A.</span> <span class='ocrx_word' id='word_1_282' title='bbox 1415 1579 1450 1610; x_wconf 92' lang='lat' dir='ltr'>P.</span> <span class='ocrx_word' id='word_1_283' title='bbox 1462 1590 1524 1610; x_wconf 89' lang='lat' dir='ltr'>ver.</span> <span class='ocrx_word' id='word_1_284' title='bbox 1538 1580 1610 1610; x_wconf 83' lang='lat'>154.</span> 
     </span>
     <span class='ocr_line' id='line_1_53' title="bbox 951 1628 1608 1661; baseline 0 -1"><span class='ocrx_word' id='word_1_285' title='bbox 951 1635 982 1661; x_wconf 90' lang='lat' dir='ltr'>et</span> <span class='ocrx_word' id='word_1_286' title='bbox 996 1629 1143 1660; x_wconf 84' lang='lat' dir='ltr'>Scheffer.</span> <span class='ocrx_word' id='word_1_287' title='bbox 1160 1629 1199 1660; x_wconf 89' lang='lat' dir='ltr'>ad</span> <span class='ocrx_word' id='word_1_288' title='bbox 1212 1628 1337 1659; x_wconf 89' lang='lat' dir='ltr'>Phaedri</span> <span class='ocrx_word' id='word_1_289' title='bbox 1351 1629 1392 1659; x_wconf 69' lang='lat' dir='ltr'>V.</span> <span class='ocrx_word' id='word_1_290' title='bbox 1407 1628 1471 1659; x_wconf 86' lang='lat' dir='ltr'>fab.</span> <span class='ocrx_word' id='word_1_291' title='bbox 1487 1628 1540 1659; x_wconf 89' lang='lat' dir='ltr'>vii.</span> <span class='ocrx_word' id='word_1_292' title='bbox 1555 1630 1608 1660; x_wconf 81' lang='lat'>23.</span> 
     </span>
     <span class='ocr_line' id='line_1_54' title="bbox 954 1677 1609 1719; baseline 0.002 -11"><span class='ocrx_word' id='word_1_293' title='bbox 954 1679 1040 1710; x_wconf 81' lang='lat' dir='ltr'>Festa</span> <span class='ocrx_word' id='word_1_294' title='bbox 1057 1680 1184 1714; x_wconf 75' lang='lat' dir='ltr'>theatra,</span> <span class='ocrx_word' id='word_1_295' title='bbox 1197 1678 1228 1708; x_wconf 86' lang='lat' dir='ltr'>in</span> <span class='ocrx_word' id='word_1_296' title='bbox 1244 1678 1356 1719; x_wconf 84' lang='lat' dir='ltr'>quibus</span> <span class='ocrx_word' id='word_1_297' title='bbox 1371 1677 1436 1708; x_wconf 91' lang='lat' dir='ltr'>ludi</span> <span class='ocrx_word' id='word_1_298' title='bbox 1450 1678 1609 1709; x_wconf 82' lang='lat' dir='ltr'>celebran-</span> 
     </span>
     <span class='ocr_line' id='line_1_55' title="bbox 951 1727 1612 1769; baseline -0.002 -10"><span class='ocrx_word' id='word_1_299' title='bbox 951 1733 1000 1759; x_wconf 88' lang='lat' dir='ltr'>tur</span> <span class='ocrx_word' id='word_1_300' title='bbox 1024 1727 1133 1759; x_wconf 89' lang='lat' dir='ltr'>diebus</span> <span class='ocrx_word' id='word_1_301' title='bbox 1154 1727 1251 1758; x_wconf 83' lang='lat' dir='ltr'>festis.</span> <span class='ocrx_word' id='word_1_302' title='bbox 1282 1727 1365 1758; x_wconf 71' lang='lat' dir='ltr'>Vide</span> <span class='ocrx_word' id='word_1_303' title='bbox 1389 1737 1481 1769; x_wconf 82' lang='lat' dir='ltr'>supra</span> <span class='ocrx_word' id='word_1_304' title='bbox 1506 1728 1612 1758; x_wconf 86' lang='lat' dir='ltr'>Meta—</span> 
     </span>
     <span class='ocr_line' id='line_1_56' title="bbox 952 1777 1611 1820; baseline 0 -12"><span class='ocrx_word' id='word_1_305' title='bbox 952 1778 1071 1820; x_wconf 90' lang='lat' dir='ltr'>morph.</span> <span class='ocrx_word' id='word_1_306' title='bbox 1084 1777 1183 1808; x_wconf 90' lang='lat' dir='ltr'>lib.ii.</span> <span class='ocrx_word' id='word_1_307' title='bbox 1197 1777 1374 1818; x_wconf 81' lang='lat' dir='ltr'>713.festas</span> <span class='ocrx_word' id='word_1_308' title='bbox 1385 1789 1484 1813; x_wconf 78' lang='lat' dir='ltr'>arces,-</span> <span class='ocrx_word' id='word_1_309' title='bbox 1502 1777 1528 1808; x_wconf 96' lang='lat' dir='ltr'>I.</span> <span class='ocrx_word' id='word_1_310' title='bbox 1541 1779 1611 1808; x_wconf 82' lang='lat' dir='ltr'>Art.</span> 
     </span>
     <span class='ocr_line' id='line_1_57' title="bbox 955 1826 1611 1868; baseline 0.002 -11"><span class='ocrx_word' id='word_1_311' title='bbox 955 1827 1026 1857; x_wconf 88' lang='lat'>133.</span> <span class='ocrx_word' id='word_1_312' title='bbox 1047 1828 1180 1857; x_wconf 81' lang='lat' dir='ltr'>solennia</span> <span class='ocrx_word' id='word_1_313' title='bbox 1203 1827 1332 1862; x_wconf 80' lang='lat' dir='ltr'>theatra,</span> <span class='ocrx_word' id='word_1_314' title='bbox 1351 1826 1383 1856; x_wconf 90' lang='lat' dir='ltr'>in</span> <span class='ocrx_word' id='word_1_315' title='bbox 1409 1827 1521 1868; x_wconf 88' lang='lat' dir='ltr'>quibus</span> <span class='ocrx_word' id='word_1_316' title='bbox 1545 1827 1611 1858; x_wconf 87' lang='lat' dir='ltr'>ludi</span> 
     </span>
     <span class='ocr_line' id='line_1_58' title="bbox 951 1876 1272 1907; baseline 0 -1"><span class='ocrx_word' id='word_1_317' title='bbox 951 1876 1093 1907; x_wconf 84' lang='lat' dir='ltr'>solennes</span> <span class='ocrx_word' id='word_1_318' title='bbox 1107 1876 1272 1906; x_wconf 87' lang='lat' dir='ltr'>habentur.</span> 
     </span>
    </p>

    <p class='ocr_par' dir='ltr' id='par_1_9' title="bbox 950 1925 1612 2652">
     <span class='ocr_line' id='line_1_59' title="bbox 996 1925 1608 1967; baseline 0.003 -12"><span class='ocrx_word' id='word_1_319' title='bbox 996 1927 1069 1956; x_wconf 86' lang='lat'>112.</span> <span class='ocrx_word' id='word_1_320' title='bbox 1094 1926 1188 1967; x_wconf 80' lang='lat' dir='ltr'>Signa</span> <span class='ocrx_word' id='word_1_321' title='bbox 1203 1936 1309 1956; x_wconf 91' lang='lat' dir='ltr'>omnes</span> <span class='ocrx_word' id='word_1_322' title='bbox 1332 1925 1511 1967; x_wconf 88' lang='lat' dir='ltr'>intelligunt</span> <span class='ocrx_word' id='word_1_323' title='bbox 1531 1926 1608 1957; x_wconf 88' lang='lat' dir='ltr'>ima-</span> 
     </span>
     <span class='ocr_line' id='line_1_60' title="bbox 951 1974 1606 2017; baseline 0.002 -12"><span class='ocrx_word' id='word_1_324' title='bbox 951 1974 1039 2016; x_wconf 87' lang='lat' dir='ltr'>gines</span> <span class='ocrx_word' id='word_1_325' title='bbox 1054 1975 1084 2005; x_wconf 94' lang='lat' dir='ltr'>in</span> <span class='ocrx_word' id='word_1_326' title='bbox 1101 1975 1201 2005; x_wconf 82' lang='lat' dir='ltr'>aulaeo</span> <span class='ocrx_word' id='word_1_327' title='bbox 1217 1975 1315 2016; x_wconf 87' lang='lat' dir='ltr'>pictas</span> <span class='ocrx_word' id='word_1_328' title='bbox 1329 1987 1336 2012; x_wconf 90' lang='lat'>;</span> <span class='ocrx_word' id='word_1_329' title='bbox 1371 1986 1427 2006; x_wconf 90' lang='lat' dir='ltr'>nec</span> <span class='ocrx_word' id='word_1_330' title='bbox 1453 1975 1606 2017; x_wconf 89' lang='lat' dir='ltr'>improbo,</span> 
     </span>
     <span class='ocr_line' id='line_1_61' title="bbox 952 2024 1611 2065; baseline 0.002 -11"><span class='ocrx_word' id='word_1_331' title='bbox 952 2034 1132 2065; x_wconf 84' lang='lat' dir='ltr'>quanquam</span> <span class='ocrx_word' id='word_1_332' title='bbox 1160 2024 1217 2054; x_wconf 92' lang='lat' dir='ltr'>hoc</span> <span class='ocrx_word' id='word_1_333' title='bbox 1248 2034 1359 2055; x_wconf 91' lang='lat' dir='ltr'>nomen</span> <span class='ocrx_word' id='word_1_334' title='bbox 1387 2024 1537 2056; x_wconf 84' lang='lat' dir='ltr'>rarissime</span> <span class='ocrx_word' id='word_1_335' title='bbox 1566 2024 1611 2055; x_wconf 89' lang='lat' dir='ltr'>ita</span> 
     </span>
     <span class='ocr_line' id='line_1_62' title="bbox 952 2072 1612 2113; baseline 0.002 -10"><span class='ocrx_word' id='word_1_336' title='bbox 952 2072 1074 2113; x_wconf 85' lang='lat' dir='ltr'>legitur.</span> <span class='ocrx_word' id='word_1_337' title='bbox 1119 2073 1229 2104; x_wconf 87' lang='lat' dir='ltr'>Putem</span> <span class='ocrx_word' id='word_1_338' title='bbox 1254 2079 1358 2103; x_wconf 87' lang='lat' dir='ltr'>tamen</span> <span class='ocrx_word' id='word_1_339' title='bbox 1383 2079 1413 2104; x_wconf 90' lang='lat' dir='ltr'>et</span> <span class='ocrx_word' id='word_1_340' title='bbox 1437 2073 1476 2103; x_wconf 90' lang='lat' dir='ltr'>de</span> <span class='ocrx_word' id='word_1_341' title='bbox 1501 2073 1612 2105; x_wconf 82' lang='lat' dir='ltr'>statuis</span> 
     </span>
     <span class='ocr_line' id='line_1_63' title="bbox 952 2122 1610 2165; baseline 0.003 -13"><span class='ocrx_word' id='word_1_342' title='bbox 952 2128 1022 2163; x_wconf 86' lang='lat' dir='ltr'>post</span> <span class='ocrx_word' id='word_1_343' title='bbox 1050 2122 1184 2152; x_wconf 81' lang='lat' dir='ltr'>aulaeum</span> <span class='ocrx_word' id='word_1_344' title='bbox 1218 2122 1325 2164; x_wconf 91' lang='lat' dir='ltr'>positis</span> <span class='ocrx_word' id='word_1_345' title='bbox 1354 2122 1481 2163; x_wconf 87' lang='lat' dir='ltr'>cogitari</span> <span class='ocrx_word' id='word_1_346' title='bbox 1510 2134 1610 2165; x_wconf 89' lang='lat' dir='ltr'>posse,</span> 
     </span>
     <span class='ocr_line' id='line_1_64' title="bbox 952 2170 1608 2212; baseline 0.003 -12"><span class='ocrx_word' id='word_1_347' title='bbox 952 2181 1030 2212; x_wconf 87' lang='lat' dir='ltr'>quas</span> <span class='ocrx_word' id='word_1_348' title='bbox 1055 2170 1086 2201; x_wconf 90' lang='lat' dir='ltr'>in</span> <span class='ocrx_word' id='word_1_349' title='bbox 1111 2170 1240 2201; x_wconf 87' lang='lat' dir='ltr'>theatris</span> <span class='ocrx_word' id='word_1_350' title='bbox 1262 2171 1446 2202; x_wconf 86' lang='lat' dir='ltr'>intentorum</span> <span class='ocrx_word' id='word_1_351' title='bbox 1471 2172 1608 2203; x_wconf 83' lang='lat' dir='ltr'>velorum</span> 
     </span>
     <span class='ocr_line' id='line_1_65' title="bbox 952 2219 1609 2258; baseline 0.003 -9"><span class='ocrx_word' id='word_1_352' title='bbox 952 2219 1105 2249; x_wconf 87' lang='lat' dir='ltr'>coloribus</span> <span class='ocrx_word' id='word_1_353' title='bbox 1134 2219 1218 2249; x_wconf 82' lang='lat' dir='ltr'>infici</span> <span class='ocrx_word' id='word_1_354' title='bbox 1247 2220 1373 2251; x_wconf 76' lang='lat' dir='ltr'>Lucret.</span> <span class='ocrx_word' id='word_1_355' title='bbox 1402 2220 1445 2251; x_wconf 87' lang='lat' dir='ltr'>iv.</span> <span class='ocrx_word' id='word_1_356' title='bbox 1476 2221 1526 2251; x_wconf 92' lang='grc'>77.</span> <span class='ocrx_word' id='word_1_357' title='bbox 1555 2221 1609 2258; x_wconf 89' lang='lat' dir='ltr'>ait,</span> 
     </span>
     <span class='ocr_line' id='line_1_66' title="bbox 952 2268 1610 2309; baseline 0.005 -11"><span class='ocrx_word' id='word_1_358' title='bbox 952 2268 1126 2309; x_wconf 89' lang='lat' dir='ltr'>quibusque</span> <span class='ocrx_word' id='word_1_359' title='bbox 1155 2268 1267 2299; x_wconf 86' lang='lat' dir='ltr'>melius</span> <span class='ocrx_word' id='word_1_360' title='bbox 1294 2268 1387 2299; x_wconf 88' lang='lat' dir='ltr'>etiam</span> <span class='ocrx_word' id='word_1_361' title='bbox 1415 2269 1470 2299; x_wconf 84' lang='lat' dir='ltr'>viri</span> <span class='ocrx_word' id='word_1_362' title='bbox 1500 2271 1610 2301; x_wconf 88' lang='lat' dir='ltr'>armati</span> 
     </span>
     <span class='ocr_line' id='line_1_67' title="bbox 951 2317 1610 2357; baseline 0.003 -10"><span class='ocrx_word' id='word_1_363' title='bbox 951 2323 1178 2357; x_wconf 83' lang='lat' dir='ltr'>comparantur.</span> <span class='ocrx_word' id='word_1_364' title='bbox 1214 2317 1280 2353; x_wconf 80' lang='lat' dir='ltr'>Eae,</span> <span class='ocrx_word' id='word_1_365' title='bbox 1297 2317 1370 2347; x_wconf 88' lang='lat' dir='ltr'>dum</span> <span class='ocrx_word' id='word_1_366' title='bbox 1383 2317 1483 2348; x_wconf 83' lang='lat' dir='ltr'>aulaea</span> <span class='ocrx_word' id='word_1_367' title='bbox 1499 2320 1610 2350; x_wconf 68' lang='lat' dir='ltr'>tollun-</span> 
     </span>
     <span class='ocr_line' id='line_1_68' title="bbox 953 2367 1609 2408; baseline 0.005 -13"><span class='ocrx_word' id='word_1_368' title='bbox 953 2372 1015 2401; x_wconf 77' lang='lat' dir='ltr'>tur,</span> <span class='ocrx_word' id='word_1_369' title='bbox 1030 2372 1236 2402; x_wconf 86' lang='lat' dir='ltr'>removentur,</span> <span class='ocrx_word' id='word_1_370' title='bbox 1257 2373 1387 2407; x_wconf 76' lang='lat' dir='ltr'>surgunt</span> <span class='ocrx_word' id='word_1_371' title='bbox 1412 2367 1609 2408; x_wconf 87' lang='lat' dir='ltr'>exquisitiore</span> 
     </span>
     <span class='ocr_line' id='line_1_69' title="bbox 950 2414 1608 2456; baseline 0.005 -12"><span class='ocrx_word' id='word_1_372' title='bbox 950 2414 1004 2444; x_wconf 92' lang='lat' dir='ltr'>illo</span> <span class='ocrx_word' id='word_1_373' title='bbox 1027 2414 1111 2444; x_wconf 90' lang='lat' dir='ltr'>verbi</span> <span class='ocrx_word' id='word_1_374' title='bbox 1138 2425 1207 2451; x_wconf 89' lang='lat' dir='ltr'>usu,</span> <span class='ocrx_word' id='word_1_375' title='bbox 1227 2414 1265 2445; x_wconf 87' lang='lat' dir='ltr'>de</span> <span class='ocrx_word' id='word_1_376' title='bbox 1287 2425 1348 2456; x_wconf 93' lang='lat' dir='ltr'>quo</span> <span class='ocrx_word' id='word_1_377' title='bbox 1369 2414 1408 2445; x_wconf 90' lang='lat' dir='ltr'>ad</span> <span class='ocrx_word' id='word_1_378' title='bbox 1424 2415 1445 2446; x_wconf 88' lang='lat' dir='ltr'>i.</span> <span class='ocrx_word' id='word_1_379' title='bbox 1458 2416 1539 2454; x_wconf 73' lang='lat'>3453</span> <span class='ocrx_word' id='word_1_380' title='bbox 1563 2422 1608 2447; x_wconf 85' lang='lat' dir='ltr'>at-</span> 
     </span>
     <span class='ocr_line' id='line_1_70' title="bbox 951 2462 1609 2505; baseline 0.005 -13"><span class='ocrx_word' id='word_1_381' title='bbox 951 2473 1010 2504; x_wconf 89' lang='lat' dir='ltr'>que</span> <span class='ocrx_word' id='word_1_382' title='bbox 1037 2473 1074 2493; x_wconf 88' lang='lat' dir='ltr'>ex</span> <span class='ocrx_word' id='word_1_383' title='bbox 1100 2462 1242 2493; x_wconf 90' lang='lat' dir='ltr'>illusione</span> <span class='ocrx_word' id='word_1_384' title='bbox 1266 2463 1382 2505; x_wconf 90' lang='lat' dir='ltr'>optica,</span> <span class='ocrx_word' id='word_1_385' title='bbox 1401 2463 1540 2505; x_wconf 87' lang='lat' dir='ltr'>jucunde</span> <span class='ocrx_word' id='word_1_386' title='bbox 1563 2465 1609 2495; x_wconf 91' lang='lat' dir='ltr'>di-</span> 
     </span>
     <span class='ocr_line' id='line_1_71' title="bbox 951 2513 1610 2553; baseline 0.003 -11"><span class='ocrx_word' id='word_1_387' title='bbox 951 2517 1063 2542; x_wconf 85' lang='lat' dir='ltr'>cuntur</span> <span class='ocrx_word' id='word_1_388' title='bbox 1074 2513 1160 2542; x_wconf 78' lang='lat' dir='ltr'>educi</span> <span class='ocrx_word' id='word_1_389' title='bbox 1172 2517 1203 2542; x_wconf 89' lang='lat' dir='ltr'>et</span> <span class='ocrx_word' id='word_1_390' title='bbox 1211 2514 1296 2551; x_wconf 84' lang='lat' dir='ltr'>pedes</span> <span class='ocrx_word' id='word_1_391' title='bbox 1308 2514 1339 2542; x_wconf 86' lang='lat' dir='ltr'>in</span> <span class='ocrx_word' id='word_1_392' title='bbox 1350 2514 1484 2553; x_wconf 77' lang='lat' dir='ltr'>margine</span> <span class='ocrx_word' id='word_1_393' title='bbox 1492 2525 1610 2553; x_wconf 76' lang='lat' dir='ltr'>ponere.</span> 
     </span>
     <span class='ocr_line' id='line_1_72' title="bbox 955 2553 1609 2601; baseline 0.003 -11"><span class='ocrx_word' id='word_1_394' title='bbox 955 2560 1059 2596; x_wconf 79' lang='lat' dir='ltr'>Tenor,</span> <span class='ocrx_word' id='word_1_395' title='bbox 1083 2571 1179 2601; x_wconf 88' lang='lat' dir='ltr'>quum</span> <span class='ocrx_word' id='word_1_396' title='bbox 1201 2553 1453 2592; x_wconf 66' lang='lat' dir='ltr'>sine&#39;intervallo</span> <span class='ocrx_word' id='word_1_397' title='bbox 1480 2571 1527 2592; x_wconf 85' lang='lat' dir='ltr'>res</span> <span class='ocrx_word' id='word_1_398' title='bbox 1550 2561 1609 2593; x_wconf 89' lang='lat' dir='ltr'>sibi</span> 
     </span>
     <span class='ocr_line' id='line_1_73' title="bbox 951 2609 1524 2652; baseline 0.003 -12"><span class='ocrx_word' id='word_1_399' title='bbox 951 2609 1132 2646; x_wconf 86' lang='lat' dir='ltr'>succedunt,</span> <span class='ocrx_word' id='word_1_400' title='bbox 1146 2609 1345 2646; x_wconf 85' lang='lat' dir='ltr'>continuitas,</span> <span class='ocrx_word' id='word_1_401' title='bbox 1359 2609 1524 2652; x_wconf 83' lang='grc' dir='ltr'>συνάφεια.</span> 
     </span>
    </p>

    <p class='ocr_par' dir='ltr' id='par_1_10' title="bbox 951 2659 1608 2799">
     <span class='ocr_line' id='line_1_74' title="bbox 998 2659 1608 2700; baseline 0.002 -11"><span class='ocrx_word' id='word_1_402' title='bbox 998 2659 1070 2689; x_wconf 93' lang='grc'>115.</span> <span class='ocrx_word' id='word_1_403' title='bbox 1099 2659 1236 2689; x_wconf 70' lang='lat' dir='ltr'>Territus</span> <span class='ocrx_word' id='word_1_404' title='bbox 1256 2660 1334 2690; x_wconf 84' lang='lat' dir='ltr'>hoste</span> <span class='ocrx_word' id='word_1_405' title='bbox 1355 2660 1453 2700; x_wconf 60' lang='lat' dir='ltr'>vnvm]</span> <span class='ocrx_word' id='word_1_406' title='bbox 1493 2659 1608 2690; x_wconf 88' lang='lat' dir='ltr'>Phere-</span> 
     </span>
     <span class='ocr_line' id='line_1_75' title="bbox 952 2707 1608 2750; baseline 0 -13"><span class='ocrx_word' id='word_1_407' title='bbox 952 2707 1048 2748; x_wconf 85' lang='lat' dir='ltr'>cydes</span> <span class='ocrx_word' id='word_1_408' title='bbox 1072 2713 1258 2744; x_wconf 84' lang='lat' dir='ltr'>narraverat,</span> <span class='ocrx_word' id='word_1_409' title='bbox 1283 2707 1442 2750; x_wconf 89' lang='lat' dir='ltr'>lapidibus</span> <span class='ocrx_word' id='word_1_410' title='bbox 1467 2719 1519 2739; x_wconf 91' lang='lat' dir='ltr'>eos</span> <span class='ocrx_word' id='word_1_411' title='bbox 1543 2718 1608 2739; x_wconf 85' lang='lat' dir='ltr'>esse</span> 
     </span>
     <span class='ocr_line' id='line_1_76' title="bbox 951 2756 1607 2799; baseline 0 -12"><span class='ocrx_word' id='word_1_412' title='bbox 951 2756 1064 2798; x_wconf 86' lang='lat' dir='ltr'>petitos</span> <span class='ocrx_word' id='word_1_413' title='bbox 1079 2767 1098 2788; x_wconf 87' lang='lat' dir='ltr'>a</span> <span class='ocrx_word' id='word_1_414' title='bbox 1112 2757 1243 2794; x_wconf 88' lang='lat' dir='ltr'>Cadmo,</span> <span class='ocrx_word' id='word_1_415' title='bbox 1257 2763 1299 2794; x_wconf 85' lang='lat' dir='ltr'>et,</span> <span class='ocrx_word' id='word_1_416' title='bbox 1315 2767 1412 2799; x_wconf 89' lang='lat' dir='ltr'>quum</span> <span class='ocrx_word' id='word_1_417' title='bbox 1426 2768 1499 2789; x_wconf 89' lang='lat' dir='ltr'>vero</span> <span class='ocrx_word' id='word_1_418' title='bbox 1518 2763 1607 2799; x_wconf 75' lang='lat' dir='ltr'>puta-</span> 
     </span>
    </p>
   </div>
  </div>
 </body>
</html>
