<?xml version="1.0" encoding="UTF-8"?>
<!DOCTYPE html PUBLIC "-//W3C//DTD XHTML 1.0 Transitional//EN"
    "http://www.w3.org/TR/xhtml1/DTD/xhtml1-transitional.dtd">
<html xmlns="http://www.w3.org/1999/xhtml" xml:lang="en" lang="en">
 <head>
  <title>
</title>
<meta http-equiv="Content-Type" content="text/html;charset=utf-8" />
  <meta name='ocr-system' content='tesseract 3.04.00' />
  <meta name='ocr-capabilities' content='ocr_page ocr_carea ocr_par ocr_line ocrx_word'/>
</head>
<body>
  <div class='ocr_page' id='page_1' title='image "./povidiinasonisop03oviduoft_0421.png"; bbox 0 0 1763 3181; ppageno 0'>
   <div class='ocr_carea' id='block_1_1' title="bbox 374 180 1259 223">
    <p class='ocr_par' dir='ltr' id='par_1_1' title="bbox 374 180 1259 223">
     <span class='ocr_line' id='line_1_1' title="bbox 374 180 1259 223; baseline -0.002 0"><span class='ocrx_word' id='word_1_1' title='bbox 374 180 992 223; x_wconf 85' lang='lat' dir='ltr'><strong>METAMORPHOSEON</strong></span> <span class='ocrx_word' id='word_1_2' title='bbox 1027 181 1145 222; x_wconf 91' lang='lat' dir='ltr'>LIB.</span> <span class='ocrx_word' id='word_1_3' title='bbox 1178 180 1259 222; x_wconf 90' lang='lat' dir='ltr'>VI.</span> 
     </span>
    </p>
   </div>
   <div class='ocr_carea' id='block_1_2' title="bbox 1413 182 1498 222">
    <p class='ocr_par' dir='ltr' id='par_1_2' title="bbox 1413 182 1498 222">
     <span class='ocr_line' id='line_1_2' title="bbox 1413 182 1498 222; baseline 0 0"><span class='ocrx_word' id='word_1_4' title='bbox 1413 182 1498 222; x_wconf 90' lang='grc'>411</span> 
     </span>
    </p>
   </div>
   <div class='ocr_carea' id='block_1_3' title="bbox 120 296 1434 511">
    <p class='ocr_par' dir='ltr' id='par_1_3' title="bbox 120 296 1434 511">
     <span class='ocr_line' id='line_1_3' title="bbox 122 296 1347 352; baseline -0.001 -9"><span class='ocrx_word' id='word_1_5' title='bbox 122 302 152 321; x_wconf 83' lang='grc'><strong>“</strong></span> <span class='ocrx_word' id='word_1_6' title='bbox 176 296 291 344; x_wconf 89' lang='lat' dir='ltr'>Ulla</span> <span class='ocrx_word' id='word_1_7' title='bbox 314 313 424 345; x_wconf 87' lang='lat' dir='ltr'>mea</span> <span class='ocrx_word' id='word_1_8' title='bbox 447 303 538 352; x_wconf 85' lang='lat' dir='ltr'>est,</span> <span class='ocrx_word' id='word_1_9' title='bbox 565 297 642 344; x_wconf 85' lang='lat' dir='ltr'>vel</span> <span class='ocrx_word' id='word_1_10' title='bbox 666 311 744 343; x_wconf 90' lang='lat' dir='ltr'>me</span> <span class='ocrx_word' id='word_1_11' title='bbox 769 297 985 343; x_wconf 80' lang='lat' dir='ltr'>visendae</span> <span class='ocrx_word' id='word_1_12' title='bbox 1011 296 1154 343; x_wconf 87' lang='lat' dir='ltr'>mitte</span> <span class='ocrx_word' id='word_1_13' title='bbox 1179 296 1347 352; x_wconf 87' lang='lat' dir='ltr'>sorori,</span> 
     </span>
     <span class='ocr_line' id='line_1_4' title="bbox 120 372 1434 436; baseline 0 -17"><span class='ocrx_word' id='word_1_14' title='bbox 120 373 213 421; x_wconf 91' lang='lat' dir='ltr'>Vel</span> <span class='ocrx_word' id='word_1_15' title='bbox 238 389 372 420; x_wconf 88' lang='lat' dir='ltr'>soror</span> <span class='ocrx_word' id='word_1_16' title='bbox 395 374 490 420; x_wconf 93' lang='lat' dir='ltr'>huc</span> <span class='ocrx_word' id='word_1_17' title='bbox 515 372 708 420; x_wconf 83' lang='lat' dir='ltr'>veniat:</span> <span class='ocrx_word' id='word_1_18' title='bbox 747 373 1014 420; x_wconf 82' lang='lat' dir='ltr'>redituram</span> <span class='ocrx_word' id='word_1_19' title='bbox 1038 380 1260 436; x_wconf 85' lang='lat' dir='ltr'>tempore</span> <span class='ocrx_word' id='word_1_20' title='bbox 1286 389 1434 436; x_wconf 84' lang='lat' dir='ltr'>parvo</span> 
     </span>
     <span class='ocr_line' id='line_1_5' title="bbox 121 449 1381 511; baseline -0.001 -15"><span class='ocrx_word' id='word_1_21' title='bbox 121 450 388 497; x_wconf 83' lang='lat' dir='ltr'><strong>Promittes</strong></span> <span class='ocrx_word' id='word_1_22' title='bbox 414 465 614 497; x_wconf 85' lang='lat' dir='ltr'>socero:</span> <span class='ocrx_word' id='word_1_23' title='bbox 654 449 820 511; x_wconf 84' lang='lat' dir='ltr'>magni</span> <span class='ocrx_word' id='word_1_24' title='bbox 845 449 964 496; x_wconf 88' lang='lat' dir='ltr'>mihi</span> <span class='ocrx_word' id='word_1_25' title='bbox 987 449 1201 496; x_wconf 87' lang='lat' dir='ltr'>numinis</span> <span class='ocrx_word' id='word_1_26' title='bbox 1227 449 1381 496; x_wconf 83' lang='lat' dir='ltr'>instar</span> 
     </span>
    </p>
   </div>
   <div class='ocr_carea' id='block_1_4' title="bbox 119 526 1304 667">
    <p class='ocr_par' dir='ltr' id='par_1_4' title="bbox 119 526 1304 667">
     <span class='ocr_line' id='line_1_6' title="bbox 123 526 845 574; baseline 0.001 -1"><span class='ocrx_word' id='word_1_27' title='bbox 123 526 423 574; x_wconf 84' lang='lat' dir='ltr'>Germanam</span> <span class='ocrx_word' id='word_1_28' title='bbox 446 526 629 574; x_wconf 87' lang='lat' dir='ltr'>vidisse</span> <span class='ocrx_word' id='word_1_29' title='bbox 653 526 845 574; x_wconf 82' lang='lat' dir='ltr'>dabis.’&#39;</span> 
     </span>
     <span class='ocr_line' id='line_1_7' title="bbox 119 602 1304 667; baseline 0 -18"><span class='ocrx_word' id='word_1_30' title='bbox 119 602 179 650; x_wconf 93' lang='lat' dir='ltr'>In</span> <span class='ocrx_word' id='word_1_31' title='bbox 202 603 327 652; x_wconf 84' lang='lat' dir='ltr'>freta</span> <span class='ocrx_word' id='word_1_32' title='bbox 349 603 556 661; x_wconf 83' lang='lat' dir='ltr'>deduci3</span> <span class='ocrx_word' id='word_1_33' title='bbox 594 604 823 667; x_wconf 90' lang='lat' dir='ltr'>veloque,</span> <span class='ocrx_word' id='word_1_34' title='bbox 851 610 901 651; x_wconf 88' lang='lat' dir='ltr'>et</span> <span class='ocrx_word' id='word_1_35' title='bbox 924 603 1108 666; x_wconf 81' lang='lat' dir='ltr'>remige</span> <span class='ocrx_word' id='word_1_36' title='bbox 1135 609 1304 666; x_wconf 85' lang='lat' dir='ltr'>portus</span> 
     </span>
    </p>
   </div>
   <div class='ocr_carea' id='block_1_5' title="bbox 903 526 1501 649">
    <p class='ocr_par' dir='ltr' id='par_1_5' title="bbox 903 526 1501 649">
     <span class='ocr_line' id='line_1_8' title="bbox 903 526 1381 574; baseline -0.002 -1"><span class='ocrx_word' id='word_1_37' title='bbox 903 526 932 573; x_wconf 88' lang='lat' dir='ltr'>J</span> <span class='ocrx_word' id='word_1_38' title='bbox 938 527 1058 574; x_wconf 92' lang='lat' dir='ltr'>ubet</span> <span class='ocrx_word' id='word_1_39' title='bbox 1082 526 1163 573; x_wconf 92' lang='lat' dir='ltr'>ille</span> <span class='ocrx_word' id='word_1_40' title='bbox 1190 526 1381 572; x_wconf 86' lang='lat' dir='ltr'>carinas</span> 
     </span>
     <span class='ocr_line' id='line_1_9' title="bbox 1405 605 1501 649; baseline 0 0"><span class='ocrx_word' id='word_1_41' title='bbox 1405 605 1501 649; x_wconf 87' lang='lat'>445</span> 
     </span>
    </p>
   </div>
   <div class='ocr_carea' id='block_1_6' title="bbox 121 679 1507 1130">
    <p class='ocr_par' dir='ltr' id='par_1_6' title="bbox 123 679 1266 745">
     <span class='ocr_line' id='line_1_10' title="bbox 123 679 1266 745; baseline -0.003 -17"><span class='ocrx_word' id='word_1_42' title='bbox 123 680 393 745; x_wconf 89' lang='lat' dir='ltr'>Cecropios</span> <span class='ocrx_word' id='word_1_43' title='bbox 418 680 594 738; x_wconf 82' lang='lat' dir='ltr'>intrat3</span> <span class='ocrx_word' id='word_1_44' title='bbox 636 680 899 743; x_wconf 86' lang='lat' dir='ltr'>Piraeaque</span> <span class='ocrx_word' id='word_1_45' title='bbox 923 680 1066 727; x_wconf 87' lang='lat' dir='ltr'>litora</span> <span class='ocrx_word' id='word_1_46' title='bbox 1090 679 1266 742; x_wconf 82' lang='lat' dir='ltr'>tangit.</span> 
     </span>
    </p>

    <p class='ocr_par' dir='ltr' id='par_1_7' title="bbox 125 756 1382 822">
     <span class='ocr_line' id='line_1_11' title="bbox 125 756 1382 822; baseline -0.002 -18"><span class='ocrx_word' id='word_1_47' title='bbox 125 756 197 804; x_wconf 91' lang='lat' dir='ltr'>Ut</span> <span class='ocrx_word' id='word_1_48' title='bbox 220 758 431 822; x_wconf 91' lang='lat' dir='ltr'>primum</span> <span class='ocrx_word' id='word_1_49' title='bbox 456 757 613 804; x_wconf 87' lang='lat' dir='ltr'>soceri</span> <span class='ocrx_word' id='word_1_50' title='bbox 637 757 755 804; x_wconf 84' lang='lat' dir='ltr'>data</span> <span class='ocrx_word' id='word_1_51' title='bbox 777 757 936 820; x_wconf 84' lang='lat' dir='ltr'>copia,</span> <span class='ocrx_word' id='word_1_52' title='bbox 963 757 1169 804; x_wconf 82' lang='lat' dir='ltr'>dextera</span> <span class='ocrx_word' id='word_1_53' title='bbox 1193 756 1382 803; x_wconf 80' lang='lat' dir='ltr'>dextrae</span> 
     </span>
    </p>

    <p class='ocr_par' dir='ltr' id='par_1_8' title="bbox 121 833 1507 1130">
     <span class='ocr_line' id='line_1_12' title="bbox 121 833 1392 897; baseline -0.002 -16"><span class='ocrx_word' id='word_1_54' title='bbox 121 833 152 880; x_wconf 88' lang='lat' dir='ltr'>J</span> <span class='ocrx_word' id='word_1_55' title='bbox 157 835 383 897; x_wconf 82' lang='lat' dir='ltr'>ungitur3</span> <span class='ocrx_word' id='word_1_56' title='bbox 424 841 474 881; x_wconf 91' lang='lat' dir='ltr'>et</span> <span class='ocrx_word' id='word_1_57' title='bbox 497 834 658 881; x_wconf 85' lang='lat' dir='ltr'>fausto</span> <span class='ocrx_word' id='word_1_58' title='bbox 684 833 1007 880; x_wconf 85' lang='lat' dir='ltr'>committitur</span> <span class='ocrx_word' id='word_1_59' title='bbox 1031 833 1194 880; x_wconf 89' lang='lat' dir='ltr'>omine</span> <span class='ocrx_word' id='word_1_60' title='bbox 1215 849 1392 879; x_wconf 88' lang='lat' dir='ltr'>sermo.</span> 
     </span>
     <span class='ocr_line' id='line_1_13' title="bbox 125 909 1341 975; baseline -0.002 -18"><span class='ocrx_word' id='word_1_61' title='bbox 125 911 373 975; x_wconf 83' lang='lat' dir='ltr'>Coeperat,</span> <span class='ocrx_word' id='word_1_62' title='bbox 397 912 636 959; x_wconf 84' lang='lat' dir='ltr'>adventus</span> <span class='ocrx_word' id='word_1_63' title='bbox 662 927 880 966; x_wconf 86' lang='lat' dir='ltr'>causam,</span> <span class='ocrx_word' id='word_1_64' title='bbox 903 910 1138 958; x_wconf 83' lang='lat' dir='ltr'>mandata</span> <span class='ocrx_word' id='word_1_65' title='bbox 1162 909 1341 956; x_wconf 86' lang='lat' dir='ltr'>referre</span> 
     </span>
     <span class='ocr_line' id='line_1_14' title="bbox 126 988 1507 1053; baseline -0.001 -19"><span class='ocrx_word' id='word_1_66' title='bbox 126 988 390 1052; x_wconf 81' lang='lat' dir='ltr'>Conjugis3</span> <span class='ocrx_word' id='word_1_67' title='bbox 414 996 465 1037; x_wconf 90' lang='lat' dir='ltr'>et</span> <span class='ocrx_word' id='word_1_68' title='bbox 483 989 669 1036; x_wconf 81' lang='lat' dir='ltr'>celeres</span> <span class='ocrx_word' id='word_1_69' title='bbox 684 989 848 1036; x_wconf 79' lang='lat' dir='ltr'>missae</span> <span class='ocrx_word' id='word_1_70' title='bbox 868 989 1113 1053; x_wconf 87' lang='lat' dir='ltr'>spondere</span> <span class='ocrx_word' id='word_1_71' title='bbox 1134 1003 1362 1034; x_wconf 87' lang='lat' dir='ltr'>recursus</span> <span class='ocrx_word' id='word_1_72' title='bbox 1381 1003 1390 1034; x_wconf 77' lang='lat' dir='ltr'><strong><em>z</em></strong></span> <span class='ocrx_word' id='word_1_73' title='bbox 1410 989 1507 1034; x_wconf 85' lang='lat'>450</span> 
     </span>
     <span class='ocr_line' id='line_1_15' title="bbox 126 1063 1305 1130; baseline -0.002 -18"><span class='ocrx_word' id='word_1_74' title='bbox 126 1063 260 1113; x_wconf 87' lang='lat' dir='ltr'>Ecce</span> <span class='ocrx_word' id='word_1_75' title='bbox 282 1066 418 1114; x_wconf 87' lang='lat' dir='ltr'>venit</span> <span class='ocrx_word' id='word_1_76' title='bbox 436 1081 616 1130; x_wconf 84' lang='lat' dir='ltr'>magno</span> <span class='ocrx_word' id='word_1_77' title='bbox 640 1065 776 1114; x_wconf 89' lang='lat' dir='ltr'>dives</span> <span class='ocrx_word' id='word_1_78' title='bbox 802 1065 1081 1113; x_wconf 82' lang='lat' dir='ltr'>Philomela</span> <span class='ocrx_word' id='word_1_79' title='bbox 1104 1070 1305 1128; x_wconf 84' lang='lat' dir='ltr'>paratu3</span> 
     </span>
    </p>
   </div>
   <div class='ocr_carea' id='block_1_7' title="bbox 121 1258 794 2772">
    <p class='ocr_par' dir='ltr' id='par_1_9' title="bbox 123 1258 784 1546">
     <span class='ocr_line' id='line_1_16' title="bbox 123 1258 782 1297; baseline 0.005 -9"><span class='ocrx_word' id='word_1_80' title='bbox 123 1258 220 1289; x_wconf 88' lang='lat' dir='ltr'>rentis</span> <span class='ocrx_word' id='word_1_81' title='bbox 236 1258 275 1290; x_wconf 93' lang='lat' dir='ltr'>de</span> <span class='ocrx_word' id='word_1_82' title='bbox 295 1259 395 1290; x_wconf 90' lang='lat' dir='ltr'>salute</span> <span class='ocrx_word' id='word_1_83' title='bbox 410 1265 441 1291; x_wconf 88' lang='lat' dir='ltr'>et</span> <span class='ocrx_word' id='word_1_84' title='bbox 456 1259 557 1291; x_wconf 90' lang='lat' dir='ltr'>reditu</span> <span class='ocrx_word' id='word_1_85' title='bbox 572 1260 658 1291; x_wconf 85' lang='lat' dir='ltr'>filiae.</span> <span class='ocrx_word' id='word_1_86' title='bbox 705 1262 782 1297; x_wconf 84' lang='lat' dir='ltr'>Quae</span> 
     </span>
     <span class='ocr_line' id='line_1_17' title="bbox 125 1307 783 1350; baseline 0.003 -13"><span class='ocrx_word' id='word_1_87' title='bbox 125 1317 187 1348; x_wconf 91' lang='lat' dir='ltr'>quo</span> <span class='ocrx_word' id='word_1_88' title='bbox 201 1307 381 1349; x_wconf 88' lang='lat' dir='ltr'>diligentius</span> <span class='ocrx_word' id='word_1_89' title='bbox 399 1319 544 1350; x_wconf 84' lang='lat' dir='ltr'>expressa</span> <span class='ocrx_word' id='word_1_90' title='bbox 567 1314 650 1345; x_wconf 89' lang='lat' dir='ltr'>sunt,</span> <span class='ocrx_word' id='word_1_91' title='bbox 666 1319 701 1339; x_wconf 90' lang='lat' dir='ltr'>eo</span> <span class='ocrx_word' id='word_1_92' title='bbox 717 1319 783 1339; x_wconf 89' lang='lat' dir='ltr'>ma-</span> 
     </span>
     <span class='ocr_line' id='line_1_18' title="bbox 124 1355 783 1397; baseline 0.003 -11"><span class='ocrx_word' id='word_1_93' title='bbox 124 1355 173 1397; x_wconf 85' lang='lat' dir='ltr'>gis</span> <span class='ocrx_word' id='word_1_94' title='bbox 187 1361 400 1388; x_wconf 88' lang='lat' dir='ltr'>commovetur</span> <span class='ocrx_word' id='word_1_95' title='bbox 421 1356 543 1388; x_wconf 87' lang='lat' dir='ltr'>animus</span> <span class='ocrx_word' id='word_1_96' title='bbox 561 1357 683 1388; x_wconf 88' lang='lat' dir='ltr'>lectoris</span> <span class='ocrx_word' id='word_1_97' title='bbox 701 1357 783 1388; x_wconf 87' lang='lat' dir='ltr'>cala-</span> 
     </span>
     <span class='ocr_line' id='line_1_19' title="bbox 125 1405 784 1447; baseline 0.003 -12"><span class='ocrx_word' id='word_1_98' title='bbox 125 1405 245 1441; x_wconf 85' lang='lat' dir='ltr'>mitate,</span> <span class='ocrx_word' id='word_1_99' title='bbox 262 1416 325 1447; x_wconf 86' lang='lat' dir='ltr'>qua</span> <span class='ocrx_word' id='word_1_100' title='bbox 346 1416 416 1437; x_wconf 87' lang='lat' dir='ltr'>mox</span> <span class='ocrx_word' id='word_1_101' title='bbox 432 1405 584 1437; x_wconf 86' lang='lat' dir='ltr'>afficietur</span> <span class='ocrx_word' id='word_1_102' title='bbox 598 1407 784 1438; x_wconf 86' lang='lat' dir='ltr'>Philomela.</span> 
     </span>
     <span class='ocr_line' id='line_1_20' title="bbox 126 1455 783 1498; baseline 0.005 -14"><span class='ocrx_word' id='word_1_103' title='bbox 126 1455 160 1485; x_wconf 82' lang='lat' dir='ltr'>Si</span> <span class='ocrx_word' id='word_1_104' title='bbox 177 1457 281 1496; x_wconf 83' lang='lat' dir='ltr'>gratia</span> <span class='ocrx_word' id='word_1_105' title='bbox 301 1456 367 1486; x_wconf 82' lang='lat' dir='ltr'>ulla</span> <span class='ocrx_word' id='word_1_106' title='bbox 387 1467 451 1486; x_wconf 87' lang='lat' dir='ltr'>mea</span> <span class='ocrx_word' id='word_1_107' title='bbox 469 1462 512 1486; x_wconf 76' lang='lat' dir='ltr'>est</span> <span class='ocrx_word' id='word_1_108' title='bbox 522 1467 534 1493; x_wconf 84' lang='lat'>‚-</span> <span class='ocrx_word' id='word_1_109' title='bbox 557 1456 583 1486; x_wconf 86' lang='lat' dir='ltr'>si</span> <span class='ocrx_word' id='word_1_110' title='bbox 602 1455 678 1498; x_wconf 89' lang='lat' dir='ltr'>quid</span> <span class='ocrx_word' id='word_1_111' title='bbox 700 1456 783 1498; x_wconf 84' lang='lat' dir='ltr'>apud</span> 
     </span>
     <span class='ocr_line' id='line_1_21' title="bbox 128 1509 309 1546; baseline 0.006 -12"><span class='ocrx_word' id='word_1_112' title='bbox 128 1509 158 1534; x_wconf 88' lang='lat' dir='ltr'>te</span> <span class='ocrx_word' id='word_1_113' title='bbox 172 1514 309 1546; x_wconf 88' lang='lat' dir='ltr'>possum.</span> 
     </span>
    </p>

    <p class='ocr_par' dir='ltr' id='par_1_10' title="bbox 121 1553 790 2237">
     <span class='ocr_line' id='line_1_22' title="bbox 171 1553 785 1595; baseline 0.003 -12"><span class='ocrx_word' id='word_1_114' title='bbox 171 1553 245 1584; x_wconf 86' lang='lat'>443.</span> <span class='ocrx_word' id='word_1_115' title='bbox 262 1553 371 1595; x_wconf 79' lang='lat' dir='ltr'>Magni</span> <span class='ocrx_word' id='word_1_116' title='bbox 385 1554 458 1584; x_wconf 76' lang='lat' dir='ltr'>mihi</span> <span class='ocrx_word' id='word_1_117' title='bbox 473 1556 605 1585; x_wconf 74' lang='lat' dir='ltr'>numinis</span> <span class='ocrx_word' id='word_1_118' title='bbox 619 1557 716 1585; x_wconf 78' lang='lat' dir='ltr'>instar</span> <span class='ocrx_word' id='word_1_119' title='bbox 732 1557 785 1585; x_wconf 85' lang='lat' dir='ltr'>da-</span> 
     </span>
     <span class='ocr_line' id='line_1_23' title="bbox 129 1603 785 1643; baseline 0.002 -10"><span class='ocrx_word' id='word_1_120' title='bbox 129 1603 198 1643; x_wconf 83' lang='lat' dir='ltr'>bis.]</span> <span class='ocrx_word' id='word_1_121' title='bbox 225 1603 402 1634; x_wconf 87' lang='lat' dir='ltr'>Illustratur</span> <span class='ocrx_word' id='word_1_122' title='bbox 423 1603 490 1633; x_wconf 79' lang='lat' dir='ltr'>haec</span> <span class='ocrx_word' id='word_1_123' title='bbox 511 1603 628 1634; x_wconf 88' lang='lat' dir='ltr'>locutio</span> <span class='ocrx_word' id='word_1_124' title='bbox 648 1603 726 1634; x_wconf 86' lang='lat' dir='ltr'>locis</span> <span class='ocrx_word' id='word_1_125' title='bbox 746 1605 785 1634; x_wconf 87' lang='lat' dir='ltr'>ab</span> 
     </span>
     <span class='ocr_line' id='line_1_24' title="bbox 128 1651 785 1683; baseline 0 0"><span class='ocrx_word' id='word_1_126' title='bbox 128 1651 257 1683; x_wconf 83' lang='lat' dir='ltr'>Heinsio</span> <span class='ocrx_word' id='word_1_127' title='bbox 278 1652 393 1683; x_wconf 81' lang='lat' dir='ltr'>allatis.</span> <span class='ocrx_word' id='word_1_128' title='bbox 408 1652 472 1683; x_wconf 89' lang='lat' dir='ltr'>xiv.</span> <span class='ocrx_word' id='word_1_129' title='bbox 490 1653 562 1683; x_wconf 87' lang='lat'>408.</span> <span class='ocrx_word' id='word_1_130' title='bbox 578 1653 721 1683; x_wconf 79' lang='lat' dir='ltr'>Numinis</span> <span class='ocrx_word' id='word_1_131' title='bbox 737 1655 785 1683; x_wconf 86' lang='grc' dir='ltr'>ἰη-</span> 
     </span>
     <span class='ocr_line' id='line_1_25' title="bbox 128 1701 787 1743; baseline 0.002 -11"><span class='ocrx_word' id='word_1_132' title='bbox 128 1708 191 1732; x_wconf 80' lang='lat' dir='ltr'>star</span> <span class='ocrx_word' id='word_1_133' title='bbox 212 1703 270 1732; x_wconf 83' lang='lat' dir='ltr'>eris</span> <span class='ocrx_word' id='word_1_134' title='bbox 293 1713 403 1741; x_wconf 80' lang='lat' dir='ltr'>semper</span> <span class='ocrx_word' id='word_1_135' title='bbox 423 1703 505 1732; x_wconf 78' lang='lat' dir='ltr'>mihi.</span> <span class='ocrx_word' id='word_1_136' title='bbox 530 1701 613 1732; x_wconf 91' lang='lat' dir='ltr'>Ibid.</span> <span class='ocrx_word' id='word_1_137' title='bbox 629 1703 703 1733; x_wconf 88' lang='lat'>843.</span> <span class='ocrx_word' id='word_1_138' title='bbox 725 1714 787 1743; x_wconf 82' lang='lat' dir='ltr'>quae</span> 
     </span>
     <span class='ocr_line' id='line_1_26' title="bbox 129 1751 786 1791; baseline 0 -10"><span class='ocrx_word' id='word_1_139' title='bbox 129 1753 152 1781; x_wconf 79' lang='lat' dir='ltr'>si</span> <span class='ocrx_word' id='word_1_140' title='bbox 174 1753 256 1782; x_wconf 85' lang='lat' dir='ltr'>modo</span> <span class='ocrx_word' id='word_1_141' title='bbox 277 1762 357 1791; x_wconf 82' lang='lat' dir='ltr'>posse</span> <span class='ocrx_word' id='word_1_142' title='bbox 377 1752 477 1782; x_wconf 81' lang='lat' dir='ltr'>videre</span> <span class='ocrx_word' id='word_1_143' title='bbox 500 1751 579 1781; x_wconf 79' lang='lat' dir='ltr'>Fata</span> <span class='ocrx_word' id='word_1_144' title='bbox 599 1752 683 1782; x_wconf 84' lang='lat' dir='ltr'>semel</span> <span class='ocrx_word' id='word_1_145' title='bbox 701 1753 786 1782; x_wconf 84' lang='lat' dir='ltr'>dede-</span> 
     </span>
     <span class='ocr_line' id='line_1_27' title="bbox 127 1801 788 1842; baseline 0.002 -12"><span class='ocrx_word' id='word_1_146' title='bbox 127 1802 204 1837; x_wconf 77' lang='lat' dir='ltr'>rint,</span> <span class='ocrx_word' id='word_1_147' title='bbox 215 1802 320 1832; x_wconf 83' lang='lat' dir='ltr'>coelum</span> <span class='ocrx_word' id='word_1_148' title='bbox 331 1803 471 1840; x_wconf 79' lang='lat' dir='ltr'>accepisse</span> <span class='ocrx_word' id='word_1_149' title='bbox 472 1801 608 1842; x_wconf 80' lang='lat' dir='ltr'>fatebor.</span> <span class='ocrx_word' id='word_1_150' title='bbox 627 1801 788 1831; x_wconf 81' lang='lat' dir='ltr'>Drakenb.</span> 
     </span>
     <span class='ocr_line' id='line_1_28' title="bbox 129 1849 785 1892; baseline 0 -12"><span class='ocrx_word' id='word_1_151' title='bbox 129 1849 169 1880; x_wconf 87' lang='lat' dir='ltr'>ad</span> <span class='ocrx_word' id='word_1_152' title='bbox 184 1849 305 1886; x_wconf 84' lang='lat' dir='ltr'>Silium,</span> <span class='ocrx_word' id='word_1_153' title='bbox 319 1849 386 1880; x_wconf 88' lang='lat' dir='ltr'>viii.</span> <span class='ocrx_word' id='word_1_154' title='bbox 402 1851 478 1881; x_wconf 86' lang='lat'>233.</span> <span class='ocrx_word' id='word_1_155' title='bbox 502 1850 670 1892; x_wconf 83' lang='lat' dir='ltr'>legendum</span> <span class='ocrx_word' id='word_1_156' title='bbox 685 1855 785 1892; x_wconf 85' lang='lat' dir='ltr'>putat,</span> 
     </span>
     <span class='ocr_line' id='line_1_29' title="bbox 129 1900 787 1941; baseline 0 -11"><span class='ocrx_word' id='word_1_157' title='bbox 129 1902 262 1930; x_wconf 80' lang='lat' dir='ltr'>muneris</span> <span class='ocrx_word' id='word_1_158' title='bbox 288 1902 396 1936; x_wconf 82' lang='lat' dir='ltr'>instar,</span> <span class='ocrx_word' id='word_1_159' title='bbox 425 1900 508 1941; x_wconf 92' lang='lat' dir='ltr'>quod</span> <span class='ocrx_word' id='word_1_160' title='bbox 539 1900 636 1930; x_wconf 86' lang='lat' dir='ltr'>multo</span> <span class='ocrx_word' id='word_1_161' title='bbox 666 1900 787 1941; x_wconf 80' lang='lat' dir='ltr'>langui-</span> 
     </span>
     <span class='ocr_line' id='line_1_30' title="bbox 130 1947 786 1990; baseline 0.002 -12"><span class='ocrx_word' id='word_1_162' title='bbox 130 1947 211 1980; x_wconf 87' lang='lat' dir='ltr'>dius.</span> <span class='ocrx_word' id='word_1_163' title='bbox 255 1948 340 1978; x_wconf 90' lang='lat' dir='ltr'>Rem</span> <span class='ocrx_word' id='word_1_164' title='bbox 362 1953 466 1979; x_wconf 83' lang='lat' dir='ltr'>autem</span> <span class='ocrx_word' id='word_1_165' title='bbox 490 1949 580 1979; x_wconf 89' lang='lat' dir='ltr'>aliter</span> <span class='ocrx_word' id='word_1_166' title='bbox 599 1953 704 1979; x_wconf 88' lang='lat' dir='ltr'>narrat</span> <span class='ocrx_word' id='word_1_167' title='bbox 720 1949 786 1990; x_wconf 84' lang='lat' dir='ltr'>Hy-</span> 
     </span>
     <span class='ocr_line' id='line_1_31' title="bbox 130 1996 789 2037; baseline 0 -10"><span class='ocrx_word' id='word_1_168' title='bbox 130 1996 240 2037; x_wconf 83' lang='lat' dir='ltr'>ginus:</span> <span class='ocrx_word' id='word_1_169' title='bbox 269 1997 378 2028; x_wconf 81' lang='lat' dir='ltr'>Tereus</span> <span class='ocrx_word' id='word_1_170' title='bbox 397 1999 438 2028; x_wconf 87' lang='lat' dir='ltr'>ad</span> <span class='ocrx_word' id='word_1_171' title='bbox 455 1998 640 2028; x_wconf 75' lang='lat' dir='ltr'>Pandionem</span> <span class='ocrx_word' id='word_1_172' title='bbox 659 2008 789 2028; x_wconf 80' lang='lat' dir='ltr'>socerum</span> 
     </span>
     <span class='ocr_line' id='line_1_32' title="bbox 131 2047 789 2088; baseline 0.002 -12"><span class='ocrx_word' id='word_1_173' title='bbox 131 2048 213 2077; x_wconf 81' lang='lat' dir='ltr'>venit</span> <span class='ocrx_word' id='word_1_174' title='bbox 228 2053 378 2088; x_wconf 80' lang='lat' dir='ltr'>rogatum,</span> <span class='ocrx_word' id='word_1_175' title='bbox 392 2053 428 2077; x_wconf 84' lang='lat' dir='ltr'>ut</span> <span class='ocrx_word' id='word_1_176' title='bbox 445 2047 642 2078; x_wconf 78' lang='lat' dir='ltr'>Philomelam</span> <span class='ocrx_word' id='word_1_177' title='bbox 662 2048 789 2077; x_wconf 80' lang='lat' dir='ltr'>alteram</span> 
     </span>
     <span class='ocr_line' id='line_1_33' title="bbox 121 2097 788 2138; baseline -0.001 -11"><span class='ocrx_word' id='word_1_178' title='bbox 121 2098 225 2137; x_wconf 83' lang='lat' dir='ltr'>filiam</span> <span class='ocrx_word' id='word_1_179' title='bbox 244 2098 298 2127; x_wconf 79' lang='lat' dir='ltr'>sibi</span> <span class='ocrx_word' id='word_1_180' title='bbox 315 2098 348 2127; x_wconf 85' lang='lat' dir='ltr'>in</span> <span class='ocrx_word' id='word_1_181' title='bbox 365 2098 539 2138; x_wconf 71' lang='lat' dir='ltr'>conjugium</span> <span class='ocrx_word' id='word_1_182' title='bbox 560 2099 645 2127; x_wconf 82' lang='lat' dir='ltr'>daret</span> <span class='ocrx_word' id='word_1_183' title='bbox 658 2108 670 2134; x_wconf 88' lang='lat'>‚·</span> <span class='ocrx_word' id='word_1_184' title='bbox 696 2097 788 2127; x_wconf 82' lang='lat' dir='ltr'>Proc-</span> 
     </span>
     <span class='ocr_line' id='line_1_34' title="bbox 132 2146 790 2178; baseline 0 -2"><span class='ocrx_word' id='word_1_185' title='bbox 132 2157 190 2177; x_wconf 82' lang='lat' dir='ltr'>nen</span> <span class='ocrx_word' id='word_1_186' title='bbox 216 2158 302 2177; x_wconf 83' lang='lat' dir='ltr'>suum</span> <span class='ocrx_word' id='word_1_187' title='bbox 330 2147 407 2177; x_wconf 78' lang='lat' dir='ltr'>diem</span> <span class='ocrx_word' id='word_1_188' title='bbox 435 2148 523 2177; x_wconf 82' lang='lat' dir='ltr'>obisse</span> <span class='ocrx_word' id='word_1_189' title='bbox 549 2148 635 2178; x_wconf 82' lang='lat' dir='ltr'>dicit.</span> <span class='ocrx_word' id='word_1_190' title='bbox 678 2146 729 2177; x_wconf 86' lang='lat' dir='ltr'>Sic</span> <span class='ocrx_word' id='word_1_191' title='bbox 758 2152 790 2177; x_wconf 93' lang='lat' dir='ltr'>et</span> 
     </span>
     <span class='ocr_line' id='line_1_35' title="bbox 132 2195 351 2237; baseline 0 -11"><span class='ocrx_word' id='word_1_192' title='bbox 132 2195 351 2237; x_wconf 90' lang='lat' dir='ltr'>Apollodorus.</span> 
     </span>
    </p>

    <p class='ocr_par' dir='ltr' id='par_1_11' title="bbox 132 2243 794 2772">
     <span class='ocr_line' id='line_1_36' title="bbox 176 2243 789 2286; baseline 0 -12"><span class='ocrx_word' id='word_1_193' title='bbox 176 2245 248 2276; x_wconf 87' lang='grc'><strong>445.</strong></span> <span class='ocrx_word' id='word_1_194' title='bbox 274 2245 394 2275; x_wconf 78' lang='lat' dir='ltr'>Deduci</span> <span class='ocrx_word' id='word_1_195' title='bbox 418 2243 539 2286; x_wconf 87' lang='lat' dir='ltr'>proprie</span> <span class='ocrx_word' id='word_1_196' title='bbox 562 2243 709 2274; x_wconf 89' lang='lat' dir='ltr'>dicuntur</span> <span class='ocrx_word' id='word_1_197' title='bbox 734 2254 789 2274; x_wconf 86' lang='lat' dir='ltr'>na-</span> 
     </span>
     <span class='ocr_line' id='line_1_37' title="bbox 133 2292 791 2334; baseline 0.002 -11"><span class='ocrx_word' id='word_1_198' title='bbox 133 2303 198 2328; x_wconf 87' lang='lat' dir='ltr'>ves,</span> <span class='ocrx_word' id='word_1_199' title='bbox 212 2303 308 2334; x_wconf 89' lang='lat' dir='ltr'>quum</span> <span class='ocrx_word' id='word_1_200' title='bbox 319 2292 474 2324; x_wconf 81' lang='lat' dir='ltr'>machinis</span> <span class='ocrx_word' id='word_1_201' title='bbox 487 2292 653 2334; x_wconf 87' lang='lat' dir='ltr'>suppositis</span> <span class='ocrx_word' id='word_1_202' title='bbox 663 2292 695 2323; x_wconf 91' lang='lat' dir='ltr'>in</span> <span class='ocrx_word' id='word_1_203' title='bbox 705 2302 791 2324; x_wconf 86' lang='lat' dir='ltr'>mare</span> 
     </span>
     <span class='ocr_line' id='line_1_38' title="bbox 132 2341 792 2373; baseline 0 -1"><span class='ocrx_word' id='word_1_204' title='bbox 132 2342 342 2372; x_wconf 82' lang='lat' dir='ltr'>retrahuntur.</span> <span class='ocrx_word' id='word_1_205' title='bbox 380 2341 577 2373; x_wconf 85' lang='lat' dir='ltr'>Contrarium</span> <span class='ocrx_word' id='word_1_206' title='bbox 593 2347 642 2372; x_wconf 75' lang='lat' dir='ltr'>est</span> <span class='ocrx_word' id='word_1_207' title='bbox 656 2343 792 2372; x_wconf 81' lang='lat' dir='ltr'>subduci.</span> 
     </span>
     <span class='ocr_line' id='line_1_39' title="bbox 138 2390 791 2432; baseline 0.002 -12"><span class='ocrx_word' id='word_1_208' title='bbox 138 2391 207 2421; x_wconf 89' lang='lat' dir='ltr'>Velo</span> <span class='ocrx_word' id='word_1_209' title='bbox 222 2395 254 2421; x_wconf 90' lang='lat' dir='ltr'>et</span> <span class='ocrx_word' id='word_1_210' title='bbox 267 2393 390 2432; x_wconf 81' lang='lat' dir='ltr'>remige,</span> <span class='ocrx_word' id='word_1_211' title='bbox 409 2390 569 2421; x_wconf 89' lang='lat' dir='ltr'>celerrimo</span> <span class='ocrx_word' id='word_1_212' title='bbox 585 2400 677 2421; x_wconf 87' lang='lat' dir='ltr'>cursu</span> <span class='ocrx_word' id='word_1_213' title='bbox 693 2403 699 2420; x_wconf 93' lang='lat'>:</span> <span class='ocrx_word' id='word_1_214' title='bbox 722 2402 791 2430; x_wconf 85' lang='lat' dir='ltr'>por·</span> 
     </span>
     <span class='ocr_line' id='line_1_40' title="bbox 134 2439 793 2480; baseline -0.002 -10"><span class='ocrx_word' id='word_1_215' title='bbox 134 2446 198 2470; x_wconf 83' lang='lat' dir='ltr'>tum</span> <span class='ocrx_word' id='word_1_216' title='bbox 224 2439 367 2470; x_wconf 87' lang='lat' dir='ltr'>intraturi</span> <span class='ocrx_word' id='word_1_217' title='bbox 399 2439 542 2470; x_wconf 89' lang='lat' dir='ltr'>solebant</span> <span class='ocrx_word' id='word_1_218' title='bbox 572 2439 699 2480; x_wconf 86' lang='lat' dir='ltr'>quidem</span> <span class='ocrx_word' id='word_1_219' title='bbox 728 2440 793 2470; x_wconf 85' lang='lat' dir='ltr'>vela</span> 
     </span>
     <span class='ocr_line' id='line_1_41' title="bbox 134 2488 792 2530; baseline 0 -12"><span class='ocrx_word' id='word_1_220' title='bbox 134 2488 356 2529; x_wconf 82' lang='lat' dir='ltr'>substringere,</span> <span class='ocrx_word' id='word_1_221' title='bbox 384 2488 502 2519; x_wconf 88' lang='lat' dir='ltr'>malum</span> <span class='ocrx_word' id='word_1_222' title='bbox 531 2488 609 2519; x_wconf 90' lang='lat' dir='ltr'>adeo</span> <span class='ocrx_word' id='word_1_223' title='bbox 637 2488 792 2530; x_wconf 87' lang='lat' dir='ltr'>deponere</span> 
     </span>
     <span class='ocr_line' id='line_1_42' title="bbox 134 2536 794 2578; baseline -0.002 -10"><span class='ocrx_word' id='word_1_224' title='bbox 134 2537 312 2578; x_wconf 86' lang='lat' dir='ltr'>(Drakenb.</span> <span class='ocrx_word' id='word_1_225' title='bbox 328 2537 368 2568; x_wconf 91' lang='lat' dir='ltr'>ad</span> <span class='ocrx_word' id='word_1_226' title='bbox 390 2537 448 2568; x_wconf 85' lang='lat' dir='ltr'>Sil.</span> <span class='ocrx_word' id='word_1_227' title='bbox 464 2537 497 2568; x_wconf 90' lang='lat' dir='ltr'>ii.</span> <span class='ocrx_word' id='word_1_228' title='bbox 516 2539 549 2567; x_wconf 94' lang='lat' dir='ltr'>ll</span> <span class='ocrx_word' id='word_1_229' title='bbox 567 2536 594 2577; x_wconf 80' lang='lat'>3)</span> <span class='ocrx_word' id='word_1_230' title='bbox 619 2536 674 2567; x_wconf 89' lang='lat' dir='ltr'>sed</span> <span class='ocrx_word' id='word_1_231' title='bbox 695 2538 794 2567; x_wconf 89' lang='lat' dir='ltr'>Poeta</span> 
     </span>
     <span class='ocr_line' id='line_1_43' title="bbox 135 2587 793 2630; baseline 0 -12"><span class='ocrx_word' id='word_1_232' title='bbox 135 2587 193 2618; x_wconf 91' lang='lat' dir='ltr'>hoc</span> <span class='ocrx_word' id='word_1_233' title='bbox 210 2587 295 2619; x_wconf 84' lang='lat' dir='ltr'>vult:</span> <span class='ocrx_word' id='word_1_234' title='bbox 319 2590 382 2619; x_wconf 85' lang='lat' dir='ltr'>velo</span> <span class='ocrx_word' id='word_1_235' title='bbox 401 2593 432 2620; x_wconf 91' lang='lat' dir='ltr'>et</span> <span class='ocrx_word' id='word_1_236' title='bbox 447 2590 556 2630; x_wconf 83' lang='lat' dir='ltr'>remige</span> <span class='ocrx_word' id='word_1_237' title='bbox 573 2587 744 2623; x_wconf 80' lang='lat' dir='ltr'>festinavit,</span> <span class='ocrx_word' id='word_1_238' title='bbox 759 2593 793 2618; x_wconf 92' lang='lat' dir='ltr'>ut</span> 
     </span>
     <span class='ocr_line' id='line_1_44' title="bbox 134 2636 791 2678; baseline -0.002 -12"><span class='ocrx_word' id='word_1_239' title='bbox 134 2636 221 2667; x_wconf 89' lang='lat' dir='ltr'>brevi</span> <span class='ocrx_word' id='word_1_240' title='bbox 236 2636 412 2678; x_wconf 88' lang='lat' dir='ltr'>perveniret</span> <span class='ocrx_word' id='word_1_241' title='bbox 425 2637 462 2668; x_wconf 91' lang='lat' dir='ltr'>ad</span> <span class='ocrx_word' id='word_1_242' title='bbox 479 2644 583 2677; x_wconf 82' lang='lat' dir='ltr'>portus</span> <span class='ocrx_word' id='word_1_243' title='bbox 597 2636 679 2667; x_wconf 90' lang='lat' dir='ltr'>illos.</span> <span class='ocrx_word' id='word_1_244' title='bbox 714 2637 791 2666; x_wconf 87' lang='lat' dir='ltr'>Por-</span> 
     </span>
     <span class='ocr_line' id='line_1_45' title="bbox 136 2685 794 2728; baseline -0.002 -12"><span class='ocrx_word' id='word_1_245' title='bbox 136 2692 184 2716; x_wconf 76' lang='lat' dir='ltr'>tus</span> <span class='ocrx_word' id='word_1_246' title='bbox 223 2686 385 2726; x_wconf 78' lang='lat' dir='ltr'>Cecropios,</span> <span class='ocrx_word' id='word_1_247' title='bbox 427 2692 550 2728; x_wconf 88' lang='lat' dir='ltr'>portum</span> <span class='ocrx_word' id='word_1_248' title='bbox 588 2685 794 2716; x_wconf 83' lang='lat' dir='ltr'>Athenarum.</span> 
     </span>
     <span class='ocr_line' id='line_1_46' title="bbox 139 2735 793 2772; baseline 0.002 -8"><span class='ocrx_word' id='word_1_249' title='bbox 139 2735 262 2772; x_wconf 74' lang='lat' dir='ltr'>Piroea3</span> <span class='ocrx_word' id='word_1_250' title='bbox 286 2735 422 2767; x_wconf 86' lang='lat' dir='ltr'>debebat</span> <span class='ocrx_word' id='word_1_251' title='bbox 450 2735 555 2767; x_wconf 85' lang='lat' dir='ltr'>dicere</span> <span class='ocrx_word' id='word_1_252' title='bbox 584 2736 709 2770; x_wconf 77' lang='lat' dir='ltr'>Piraeea,</span> <span class='ocrx_word' id='word_1_253' title='bbox 740 2735 793 2765; x_wconf 84' lang='lat' dir='ltr'>sed</span> 
     </span>
    </p>
   </div>
   <div class='ocr_carea' id='block_1_8' title="bbox 851 1255 1519 2774">
    <p class='ocr_par' dir='ltr' id='par_1_12' title="bbox 851 1255 1513 1536">
     <span class='ocr_line' id='line_1_47' title="bbox 851 1255 1510 1299; baseline -0.006 -10"><span class='ocrx_word' id='word_1_254' title='bbox 851 1258 1058 1289; x_wconf 82' lang='lat' dir='ltr'>dissimulavit</span> <span class='ocrx_word' id='word_1_255' title='bbox 1081 1258 1253 1299; x_wconf 81' lang='lat' dir='ltr'>syllabam:</span> <span class='ocrx_word' id='word_1_256' title='bbox 1290 1255 1361 1286; x_wconf 90' lang='lat' dir='ltr'>vide</span> <span class='ocrx_word' id='word_1_257' title='bbox 1391 1256 1510 1286; x_wconf 87' lang='lat' dir='ltr'>Grono-</span> 
     </span>
     <span class='ocr_line' id='line_1_48' title="bbox 851 1305 1508 1344; baseline -0.005 -6"><span class='ocrx_word' id='word_1_258' title='bbox 851 1308 949 1344; x_wconf 87' lang='lat' dir='ltr'>vium,</span> <span class='ocrx_word' id='word_1_259' title='bbox 977 1308 1142 1338; x_wconf 89' lang='lat' dir='ltr'>Observat.</span> <span class='ocrx_word' id='word_1_260' title='bbox 1164 1307 1185 1337; x_wconf 91' lang='lat' dir='ltr'>i.</span> <span class='ocrx_word' id='word_1_261' title='bbox 1210 1307 1240 1337; x_wconf 87' lang='grc'>3.</span> <span class='ocrx_word' id='word_1_262' title='bbox 1285 1306 1431 1341; x_wconf 63' lang='lat' dir='ltr'>Pineum,</span> <span class='ocrx_word' id='word_1_263' title='bbox 1460 1305 1508 1335; x_wconf 91' lang='lat' dir='ltr'>in-</span> 
     </span>
     <span class='ocr_line' id='line_1_49' title="bbox 852 1354 1510 1398; baseline -0.002 -11"><span class='ocrx_word' id='word_1_264' title='bbox 852 1357 920 1398; x_wconf 86' lang='lat' dir='ltr'>quit</span> <span class='ocrx_word' id='word_1_265' title='bbox 936 1356 1118 1392; x_wconf 83' lang='lat' dir='ltr'>Pausanias,</span> <span class='ocrx_word' id='word_1_266' title='bbox 1135 1356 1167 1387; x_wconf 90' lang='lat' dir='ltr'>in</span> <span class='ocrx_word' id='word_1_267' title='bbox 1184 1354 1308 1391; x_wconf 89' lang='lat' dir='ltr'>Atticis,</span> <span class='ocrx_word' id='word_1_268' title='bbox 1325 1354 1428 1397; x_wconf 82' lang='grc' dir='ltr'>δῆμον</span> <span class='ocrx_word' id='word_1_269' title='bbox 1450 1356 1510 1396; x_wconf 83' lang='grc' dir='ltr'>μὲν</span> 
     </span>
     <span class='ocr_line' id='line_1_50' title="bbox 851 1404 1513 1446; baseline -0.002 -9"><span class='ocrx_word' id='word_1_270' title='bbox 851 1406 884 1437; x_wconf 79' lang='grc' dir='ltr'>ἐκ</span> <span class='ocrx_word' id='word_1_271' title='bbox 912 1407 1069 1443; x_wconf 79' lang='grc' dir='ltr'>παλαιοῦ,</span> <span class='ocrx_word' id='word_1_272' title='bbox 1093 1406 1204 1436; x_wconf 85' lang='lat' dir='ltr'>navale</span> <span class='ocrx_word' id='word_1_273' title='bbox 1231 1410 1263 1436; x_wconf 84' lang='lat' dir='ltr'>et</span> <span class='ocrx_word' id='word_1_274' title='bbox 1290 1410 1411 1446; x_wconf 88' lang='lat' dir='ltr'>portum</span> <span class='ocrx_word' id='word_1_275' title='bbox 1438 1404 1513 1436; x_wconf 86' lang='lat' dir='ltr'>fecit</span> 
     </span>
     <span class='ocr_line' id='line_1_51' title="bbox 851 1454 1512 1497; baseline -0.003 -11"><span class='ocrx_word' id='word_1_276' title='bbox 851 1456 1086 1493; x_wconf 89' lang='lat' dir='ltr'>Themistocles,</span> <span class='ocrx_word' id='word_1_277' title='bbox 1100 1466 1233 1497; x_wconf 88' lang='lat' dir='ltr'>namque</span> <span class='ocrx_word' id='word_1_278' title='bbox 1248 1455 1414 1486; x_wconf 85' lang='lat' dir='ltr'>Phalerum</span> <span class='ocrx_word' id='word_1_279' title='bbox 1427 1454 1512 1495; x_wconf 87' lang='lat' dir='ltr'>prius</span> 
     </span>
     <span class='ocr_line' id='line_1_52' title="bbox 853 1504 1244 1536; baseline -0.003 0"><span class='ocrx_word' id='word_1_280' title='bbox 853 1505 964 1536; x_wconf 86' lang='lat' dir='ltr'>navale</span> <span class='ocrx_word' id='word_1_281' title='bbox 981 1505 1082 1536; x_wconf 89' lang='lat' dir='ltr'>fuerat</span> <span class='ocrx_word' id='word_1_282' title='bbox 1097 1504 1244 1536; x_wconf 87' lang='lat' dir='ltr'>Athenis.</span> 
     </span>
    </p>

    <p class='ocr_par' dir='ltr' id='par_1_13' title="bbox 853 1552 1516 2135">
     <span class='ocr_line' id='line_1_53' title="bbox 896 1552 1511 1594; baseline -0.002 -10"><span class='ocrx_word' id='word_1_283' title='bbox 896 1555 969 1585; x_wconf 86' lang='grc'><strong>448.</strong></span> <span class='ocrx_word' id='word_1_284' title='bbox 1001 1554 1112 1585; x_wconf 83' lang='lat' dir='ltr'>Fausto</span> <span class='ocrx_word' id='word_1_285' title='bbox 1143 1553 1266 1594; x_wconf 57' lang='lat' dir='ltr'>omina]</span> <span class='ocrx_word' id='word_1_286' title='bbox 1305 1556 1325 1570; x_wconf 79' lang='lat'>‘⁴</span> <span class='ocrx_word' id='word_1_287' title='bbox 1349 1553 1450 1590; x_wconf 83' lang='lat' dir='ltr'>Quale</span> <span class='ocrx_word' id='word_1_288' title='bbox 1479 1552 1511 1583; x_wconf 90' lang='lat' dir='ltr'>id</span> 
     </span>
     <span class='ocr_line' id='line_1_54' title="bbox 853 1602 1513 1643; baseline -0.005 -9"><span class='ocrx_word' id='word_1_289' title='bbox 853 1613 944 1634; x_wconf 88' lang='lat' dir='ltr'>omen</span> <span class='ocrx_word' id='word_1_290' title='bbox 972 1603 1075 1639; x_wconf 88' lang='lat' dir='ltr'>fuerit,</span> <span class='ocrx_word' id='word_1_291' title='bbox 1103 1609 1157 1634; x_wconf 87' lang='lat' dir='ltr'>aut</span> <span class='ocrx_word' id='word_1_292' title='bbox 1182 1602 1264 1633; x_wconf 90' lang='lat' dir='ltr'>unde</span> <span class='ocrx_word' id='word_1_293' title='bbox 1289 1607 1428 1643; x_wconf 88' lang='lat' dir='ltr'>captum,</span> <span class='ocrx_word' id='word_1_294' title='bbox 1452 1612 1513 1632; x_wconf 88' lang='lat' dir='ltr'>non</span> 
     </span>
     <span class='ocr_line' id='line_1_55' title="bbox 854 1651 1511 1687; baseline -0.002 -4"><span class='ocrx_word' id='word_1_295' title='bbox 854 1652 943 1683; x_wconf 81' lang='lat' dir='ltr'>addit</span> <span class='ocrx_word' id='word_1_296' title='bbox 959 1654 1083 1683; x_wconf 85' lang='lat' dir='ltr'>Noster.</span> <span class='ocrx_word' id='word_1_297' title='bbox 1129 1652 1191 1683; x_wconf 86' lang='lat' dir='ltr'>Sed</span> <span class='ocrx_word' id='word_1_298' title='bbox 1212 1651 1360 1683; x_wconf 87' lang='lat' dir='ltr'>credibile</span> <span class='ocrx_word' id='word_1_299' title='bbox 1376 1657 1433 1687; x_wconf 87' lang='lat' dir='ltr'>est,</span> <span class='ocrx_word' id='word_1_300' title='bbox 1448 1651 1474 1680; x_wconf 93' lang='lat' dir='ltr'>T</span> <span class='ocrx_word' id='word_1_301' title='bbox 1476 1661 1511 1682; x_wconf 92' lang='lat' dir='ltr'>e-</span> 
     </span>
     <span class='ocr_line' id='line_1_56' title="bbox 855 1700 1514 1743; baseline -0.002 -11"><span class='ocrx_word' id='word_1_302' title='bbox 855 1712 907 1732; x_wconf 87' lang='lat' dir='ltr'>rea</span> <span class='ocrx_word' id='word_1_303' title='bbox 916 1701 1120 1733; x_wconf 87' lang='lat' dir='ltr'>blandissima</span> <span class='ocrx_word' id='word_1_304' title='bbox 1128 1702 1222 1732; x_wconf 85' lang='lat' dir='ltr'>verba</span> <span class='ocrx_word' id='word_1_305' title='bbox 1233 1700 1396 1743; x_wconf 88' lang='lat' dir='ltr'>protulisse</span> <span class='ocrx_word' id='word_1_306' title='bbox 1409 1712 1417 1739; x_wconf 76' lang='lat'><em>3</em></span> <span class='ocrx_word' id='word_1_307' title='bbox 1430 1700 1514 1742; x_wconf 91' lang='lat' dir='ltr'>quod</span> 
     </span>
     <span class='ocr_line' id='line_1_57' title="bbox 854 1749 1514 1792; baseline -0.002 -11"><span class='ocrx_word' id='word_1_308' title='bbox 854 1756 886 1782; x_wconf 90' lang='lat' dir='ltr'>et</span> <span class='ocrx_word' id='word_1_309' title='bbox 909 1751 1086 1782; x_wconf 83' lang='lat' dir='ltr'>dextrarum</span> <span class='ocrx_word' id='word_1_310' title='bbox 1108 1750 1298 1792; x_wconf 88' lang='lat' dir='ltr'>conjunctio,</span> <span class='ocrx_word' id='word_1_311' title='bbox 1315 1761 1384 1791; x_wconf 85' lang='lat' dir='ltr'>quae</span> <span class='ocrx_word' id='word_1_312' title='bbox 1406 1749 1514 1791; x_wconf 89' lang='lat' dir='ltr'>optimi</span> 
     </span>
     <span class='ocr_line' id='line_1_58' title="bbox 855 1798 1514 1837; baseline -0.003 -7"><span class='ocrx_word' id='word_1_313' title='bbox 855 1799 966 1830; x_wconf 90' lang='lat' dir='ltr'>ominis</span> <span class='ocrx_word' id='word_1_314' title='bbox 989 1805 1068 1837; x_wconf 85' lang='lat' dir='ltr'>erat,</span> <span class='ocrx_word' id='word_1_315' title='bbox 1083 1799 1213 1830; x_wconf 86' lang='lat' dir='ltr'>indicat.</span> <span class='ocrx_word' id='word_1_316' title='bbox 1259 1798 1408 1829; x_wconf 89' lang='lat' dir='ltr'>Nondum</span> <span class='ocrx_word' id='word_1_317' title='bbox 1430 1798 1514 1829; x_wconf 88' lang='lat' dir='ltr'>enim</span> 
     </span>
     <span class='ocr_line' id='line_1_59' title="bbox 856 1847 1516 1891; baseline -0.005 -11"><span class='ocrx_word' id='word_1_318' title='bbox 856 1849 974 1891; x_wconf 88' lang='lat' dir='ltr'>aliquid</span> <span class='ocrx_word' id='word_1_319' title='bbox 995 1849 1119 1880; x_wconf 89' lang='lat' dir='ltr'>sceleris</span> <span class='ocrx_word' id='word_1_320' title='bbox 1142 1848 1258 1879; x_wconf 87' lang='lat' dir='ltr'>Tereus</span> <span class='ocrx_word' id='word_1_321' title='bbox 1284 1847 1516 1885; x_wconf 88' lang='lat' dir='ltr'>meditabatur;</span> 
     </span>
     <span class='ocr_line' id='line_1_60' title="bbox 854 1896 1516 1940; baseline 0.002 -13"><span class='ocrx_word' id='word_1_322' title='bbox 854 1904 962 1940; x_wconf 84' lang='lat' dir='ltr'>postea</span> <span class='ocrx_word' id='word_1_323' title='bbox 998 1898 1135 1933; x_wconf 88' lang='lat' dir='ltr'>demum,</span> <span class='ocrx_word' id='word_1_324' title='bbox 1167 1897 1232 1928; x_wconf 86' lang='lat' dir='ltr'>visa</span> <span class='ocrx_word' id='word_1_325' title='bbox 1268 1896 1455 1933; x_wconf 83' lang='lat' dir='ltr'>Philomela,</span> <span class='ocrx_word' id='word_1_326' title='bbox 1484 1897 1516 1928; x_wconf 91' lang='lat' dir='ltr'>in</span> 
     </span>
     <span class='ocr_line' id='line_1_61' title="bbox 855 1946 1515 1989; baseline -0.003 -11"><span class='ocrx_word' id='word_1_327' title='bbox 855 1948 922 1989; x_wconf 87' lang='lat' dir='ltr'>ejus</span> <span class='ocrx_word' id='word_1_328' title='bbox 957 1958 1092 1978; x_wconf 86' lang='lat' dir='ltr'>amorem</span> <span class='ocrx_word' id='word_1_329' title='bbox 1135 1947 1281 1978; x_wconf 87' lang='lat' dir='ltr'>incensus</span> <span class='ocrx_word' id='word_1_330' title='bbox 1320 1946 1406 1976; x_wconf 89' lang='lat' dir='ltr'>est.&#39;&#39;</span> <span class='ocrx_word' id='word_1_331' title='bbox 1464 1946 1515 1977; x_wconf 89' lang='lat' dir='ltr'>Sic</span> 
     </span>
     <span class='ocr_line' id='line_1_62' title="bbox 856 1994 1516 2037; baseline -0.002 -10"><span class='ocrx_word' id='word_1_332' title='bbox 856 1998 1066 2027; x_wconf 88' lang='lat' dir='ltr'>Burmannus.</span> <span class='ocrx_word' id='word_1_333' title='bbox 1111 1997 1202 2027; x_wconf 84' lang='lat' dir='ltr'>Forte</span> <span class='ocrx_word' id='word_1_334' title='bbox 1217 2007 1300 2026; x_wconf 84' lang='lat' dir='ltr'>omen</span> <span class='ocrx_word' id='word_1_335' title='bbox 1316 1994 1365 2025; x_wconf 88' lang='lat' dir='ltr'>hic</span> <span class='ocrx_word' id='word_1_336' title='bbox 1380 2005 1434 2037; x_wconf 89' lang='lat' dir='ltr'>pro</span> <span class='ocrx_word' id='word_1_337' title='bbox 1447 2006 1516 2037; x_wconf 88' lang='lat' dir='ltr'>pre-</span> 
     </span>
     <span class='ocr_line' id='line_1_63' title="bbox 857 2044 1516 2088; baseline -0.003 -11"><span class='ocrx_word' id='word_1_338' title='bbox 857 2046 955 2077; x_wconf 86' lang='lat' dir='ltr'>cibus.</span> <span class='ocrx_word' id='word_1_339' title='bbox 1000 2046 1119 2082; x_wconf 89' lang='lat' dir='ltr'>Livius,</span> <span class='ocrx_word' id='word_1_340' title='bbox 1150 2047 1182 2076; x_wconf 92' lang='lat' dir='ltr'>in</span> <span class='ocrx_word' id='word_1_341' title='bbox 1215 2044 1409 2088; x_wconf 72' lang='lat' dir='ltr'>praefatione,</span> <span class='ocrx_word' id='word_1_342' title='bbox 1440 2045 1516 2075; x_wconf 75' lang='lat' dir='ltr'>Cum</span> 
     </span>
     <span class='ocr_line' id='line_1_64' title="bbox 857 2096 1393 2135; baseline -0.002 -10"><span class='ocrx_word' id='word_1_343' title='bbox 857 2097 937 2126; x_wconf 82' lang='lat' dir='ltr'>bonis</span> <span class='ocrx_word' id='word_1_344' title='bbox 951 2097 1095 2126; x_wconf 79' lang='lat' dir='ltr'>ominibus</span> <span class='ocrx_word' id='word_1_345' title='bbox 1110 2096 1239 2135; x_wconf 77' lang='lat' dir='ltr'>votisque</span> <span class='ocrx_word' id='word_1_346' title='bbox 1255 2096 1393 2134; x_wconf 78' lang='lat' dir='ltr'>incipere.</span> 
     </span>
    </p>

    <p class='ocr_par' dir='ltr' id='par_1_14' title="bbox 858 2142 1519 2774">
     <span class='ocr_line' id='line_1_65' title="bbox 900 2142 1515 2180; baseline -0.003 -5"><span class='ocrx_word' id='word_1_347' title='bbox 900 2146 976 2176; x_wconf 87' lang='lat'>451.</span> <span class='ocrx_word' id='word_1_348' title='bbox 1003 2145 1134 2180; x_wconf 77' lang='lat' dir='ltr'>Paratu,</span> <span class='ocrx_word' id='word_1_349' title='bbox 1158 2150 1280 2178; x_wconf 87' lang='lat' dir='ltr'>ornatu,</span> <span class='ocrx_word' id='word_1_350' title='bbox 1312 2148 1347 2173; x_wconf 87' lang='lat' dir='ltr'>ut</span> <span class='ocrx_word' id='word_1_351' title='bbox 1375 2142 1418 2174; x_wconf 89' lang='lat' dir='ltr'>iv.</span> <span class='ocrx_word' id='word_1_352' title='bbox 1441 2143 1515 2173; x_wconf 89' lang='lat'>761.</span> 
     </span>
     <span class='ocr_line' id='line_1_66' title="bbox 858 2190 1515 2227; baseline -0.005 -3"><span class='ocrx_word' id='word_1_353' title='bbox 858 2204 936 2224; x_wconf 90' lang='lat' dir='ltr'>nove</span> <span class='ocrx_word' id='word_1_354' title='bbox 960 2193 1092 2224; x_wconf 89' lang='lat' dir='ltr'>dictum.</span> <span class='ocrx_word' id='word_1_355' title='bbox 1140 2193 1285 2227; x_wconf 80' lang='lat' dir='ltr'>Divitior,</span> <span class='ocrx_word' id='word_1_356' title='bbox 1303 2190 1515 2222; x_wconf 86' lang='lat' dir='ltr'>excellentior.</span> 
     </span>
     <span class='ocr_line' id='line_1_67' title="bbox 859 2239 1516 2282; baseline -0.006 -9"><span class='ocrx_word' id='word_1_357' title='bbox 859 2243 1011 2278; x_wconf 84' lang='lat' dir='ltr'>Incedere,</span> <span class='ocrx_word' id='word_1_358' title='bbox 1037 2242 1076 2272; x_wconf 91' lang='lat' dir='ltr'>de</span> <span class='ocrx_word' id='word_1_359' title='bbox 1098 2241 1145 2277; x_wconf 84' lang='lat' dir='ltr'>iis,</span> <span class='ocrx_word' id='word_1_360' title='bbox 1175 2241 1229 2282; x_wconf 92' lang='lat' dir='ltr'>qui</span> <span class='ocrx_word' id='word_1_361' title='bbox 1263 2251 1334 2271; x_wconf 89' lang='lat' dir='ltr'>cum</span> <span class='ocrx_word' id='word_1_362' title='bbox 1364 2239 1516 2281; x_wconf 84' lang='lat' dir='ltr'>dignitate</span> 
     </span>
     <span class='ocr_line' id='line_1_68' title="bbox 859 2290 1518 2332; baseline -0.003 -10"><span class='ocrx_word' id='word_1_363' title='bbox 859 2291 997 2332; x_wconf 87' lang='lat' dir='ltr'>quadam</span> <span class='ocrx_word' id='word_1_364' title='bbox 1026 2296 1080 2321; x_wconf 82' lang='lat' dir='ltr'>aut</span> <span class='ocrx_word' id='word_1_365' title='bbox 1112 2290 1275 2332; x_wconf 82' lang='lat' dir='ltr'>majestate</span> <span class='ocrx_word' id='word_1_366' title='bbox 1312 2295 1388 2320; x_wconf 90' lang='lat' dir='ltr'>eunt</span> <span class='ocrx_word' id='word_1_367' title='bbox 1423 2294 1518 2330; x_wconf 87' lang='lat' dir='ltr'>atque</span> 
     </span>
     <span class='ocr_line' id='line_1_69' title="bbox 859 2339 1518 2371; baseline -0.003 0"><span class='ocrx_word' id='word_1_368' title='bbox 859 2341 965 2371; x_wconf 88' lang='lat' dir='ltr'>oculos</span> <span class='ocrx_word' id='word_1_369' title='bbox 995 2340 1155 2370; x_wconf 89' lang='lat' dir='ltr'>hominum</span> <span class='ocrx_word' id='word_1_370' title='bbox 1191 2339 1223 2369; x_wconf 90' lang='lat' dir='ltr'>in</span> <span class='ocrx_word' id='word_1_371' title='bbox 1255 2350 1287 2370; x_wconf 87' lang='lat' dir='ltr'>se</span> <span class='ocrx_word' id='word_1_372' title='bbox 1323 2344 1518 2370; x_wconf 85' lang='lat' dir='ltr'>convertunt.</span> 
     </span>
     <span class='ocr_line' id='line_1_70' title="bbox 861 2387 1519 2428; baseline -0.003 -9"><span class='ocrx_word' id='word_1_373' title='bbox 861 2389 936 2420; x_wconf 87' lang='lat' dir='ltr'>Vid.</span> <span class='ocrx_word' id='word_1_374' title='bbox 966 2389 1185 2424; x_wconf 86' lang='lat' dir='ltr'>Schwartzius‚</span> <span class='ocrx_word' id='word_1_375' title='bbox 1216 2388 1256 2418; x_wconf 86' lang='lat' dir='ltr'>ad</span> <span class='ocrx_word' id='word_1_376' title='bbox 1278 2387 1373 2417; x_wconf 88' lang='lat' dir='ltr'>Plinii</span> <span class='ocrx_word' id='word_1_377' title='bbox 1400 2388 1519 2428; x_wconf 86' lang='lat' dir='ltr'>Paneg.</span> 
     </span>
     <span class='ocr_line' id='line_1_71' title="bbox 861 2435 1516 2472; baseline -0.005 -4"><span class='ocrx_word' id='word_1_378' title='bbox 861 2439 912 2468; x_wconf 90' lang='lat'>46.</span> <span class='ocrx_word' id='word_1_379' title='bbox 945 2439 1022 2468; x_wconf 86' lang='lat' dir='ltr'>Mox</span> <span class='ocrx_word' id='word_1_380' title='bbox 1036 2438 1245 2472; x_wconf 84' lang='lat' dir='ltr'>Burmannus,</span> <span class='ocrx_word' id='word_1_381' title='bbox 1261 2447 1298 2467; x_wconf 86' lang='lat' dir='ltr'>ex</span> <span class='ocrx_word' id='word_1_382' title='bbox 1315 2435 1432 2466; x_wconf 88' lang='lat' dir='ltr'>Codice</span> <span class='ocrx_word' id='word_1_383' title='bbox 1444 2435 1516 2466; x_wconf 87' lang='lat' dir='ltr'>Lei-</span> 
     </span>
     <span class='ocr_line' id='line_1_72' title="bbox 860 2485 1519 2527; baseline -0.002 -10"><span class='ocrx_word' id='word_1_384' title='bbox 860 2487 960 2522; x_wconf 87' lang='lat' dir='ltr'>densi,</span> <span class='ocrx_word' id='word_1_385' title='bbox 982 2487 1043 2516; x_wconf 78' lang='lat' dir='ltr'>illi.</span> <span class='ocrx_word' id='word_1_386' title='bbox 1088 2485 1132 2516; x_wconf 90' lang='lat' dir='ltr'>At</span> <span class='ocrx_word' id='word_1_387' title='bbox 1152 2485 1297 2527; x_wconf 86' lang='lat' dir='ltr'>Dryades</span> <span class='ocrx_word' id='word_1_388' title='bbox 1320 2495 1383 2514; x_wconf 91' lang='lat' dir='ltr'>non</span> <span class='ocrx_word' id='word_1_389' title='bbox 1408 2490 1519 2525; x_wconf 83' lang='lat' dir='ltr'>paratu</span> 
     </span>
     <span class='ocr_line' id='line_1_73' title="bbox 861 2533 1519 2574; baseline -0.005 -8"><span class='ocrx_word' id='word_1_390' title='bbox 861 2535 1076 2566; x_wconf 86' lang='lat' dir='ltr'>memorabiles</span> <span class='ocrx_word' id='word_1_391' title='bbox 1112 2541 1193 2565; x_wconf 85' lang='lat' dir='ltr'>sunt.</span> <span class='ocrx_word' id='word_1_392' title='bbox 1252 2533 1411 2564; x_wconf 86' lang='lat' dir='ltr'>Revocavi</span> <span class='ocrx_word' id='word_1_393' title='bbox 1446 2544 1519 2574; x_wconf 83' lang='lat' dir='ltr'>ergo</span> 
     </span>
     <span class='ocr_line' id='line_1_74' title="bbox 862 2582 1517 2624; baseline -0.003 -9"><span class='ocrx_word' id='word_1_394' title='bbox 862 2586 932 2616; x_wconf 78' lang='lat' dir='ltr'>illis.</span> <span class='ocrx_word' id='word_1_395' title='bbox 978 2585 1091 2615; x_wconf 88' lang='lat' dir='ltr'>Confer</span> <span class='ocrx_word' id='word_1_396' title='bbox 1110 2584 1131 2614; x_wconf 91' lang='lat' dir='ltr'>i.</span> <span class='ocrx_word' id='word_1_397' title='bbox 1148 2584 1209 2614; x_wconf 87' lang='grc'>695</span> <span class='ocrx_word' id='word_1_398' title='bbox 1224 2594 1292 2624; x_wconf 86' lang='lat' dir='ltr'>sqq.</span> <span class='ocrx_word' id='word_1_399' title='bbox 1339 2582 1517 2613; x_wconf 84' lang='lat' dir='ltr'>Vehemen-</span> 
     </span>
     <span class='ocr_line' id='line_1_75' title="bbox 861 2631 1519 2675; baseline -0.005 -11"><span class='ocrx_word' id='word_1_400' title='bbox 861 2635 936 2665; x_wconf 80' lang='lat' dir='ltr'>tiam</span> <span class='ocrx_word' id='word_1_401' title='bbox 963 2634 1074 2664; x_wconf 85' lang='lat' dir='ltr'>amoris</span> <span class='ocrx_word' id='word_1_402' title='bbox 1102 2633 1220 2675; x_wconf 88' lang='lat' dir='ltr'>duplici</span> <span class='ocrx_word' id='word_1_403' title='bbox 1248 2631 1451 2663; x_wconf 87' lang='lat' dir='ltr'>similitudine</span> <span class='ocrx_word' id='word_1_404' title='bbox 1482 2631 1519 2662; x_wconf 88' lang='lat' dir='ltr'>il-</span> 
     </span>
     <span class='ocr_line' id='line_1_76' title="bbox 862 2681 1518 2722; baseline -0.006 -8"><span class='ocrx_word' id='word_1_405' title='bbox 862 2685 990 2714; x_wconf 84' lang='lat' dir='ltr'>lustrare</span> <span class='ocrx_word' id='word_1_406' title='bbox 1020 2683 1140 2720; x_wconf 86' lang='lat' dir='ltr'>voluit;</span> <span class='ocrx_word' id='word_1_407' title='bbox 1178 2682 1232 2712; x_wconf 86' lang='lat' dir='ltr'>sed</span> <span class='ocrx_word' id='word_1_408' title='bbox 1258 2687 1368 2712; x_wconf 87' lang='lat' dir='ltr'>neutra</span> <span class='ocrx_word' id='word_1_409' title='bbox 1400 2681 1518 2722; x_wconf 86' lang='lat' dir='ltr'>placet,</span> 
     </span>
     <span class='ocr_line' id='line_1_77' title="bbox 863 2730 1518 2774; baseline -0.005 -11"><span class='ocrx_word' id='word_1_410' title='bbox 863 2733 936 2774; x_wconf 84' lang='lat' dir='ltr'>quia</span> <span class='ocrx_word' id='word_1_411' title='bbox 951 2732 1038 2773; x_wconf 82' lang='lat' dir='ltr'>ignes</span> <span class='ocrx_word' id='word_1_412' title='bbox 1053 2732 1099 2762; x_wconf 89' lang='lat' dir='ltr'>illi</span> <span class='ocrx_word' id='word_1_413' title='bbox 1119 2738 1150 2763; x_wconf 87' lang='lat' dir='ltr'>et</span> <span class='ocrx_word' id='word_1_414' title='bbox 1165 2742 1249 2762; x_wconf 85' lang='lat' dir='ltr'>amor</span> <span class='ocrx_word' id='word_1_415' title='bbox 1263 2736 1334 2761; x_wconf 80' lang='lat' dir='ltr'>sunt</span> <span class='ocrx_word' id='word_1_416' title='bbox 1355 2741 1402 2761; x_wconf 87' lang='lat' dir='ltr'>res</span> <span class='ocrx_word' id='word_1_417' title='bbox 1417 2730 1518 2761; x_wconf 87' lang='lat' dir='ltr'>diver-</span> 
     </span>
    </p>
   </div>
  </div>
 </body>
</html>
