1763 3181
261 193 345 234 190
652 194 704 237 Ρ.
737 193 947 236 OVIDII
982 194 1259 236 NASONIS

261 307 470 364 Evehor,
498 316 548 356 et
571 309 690 356 data
709 325 818 356 sum
843 325 1010 356 comes
1035 310 1289 373 inculpata
1312 309 1564 358 Minervae.

263 384 397 440 Quid
421 393 588 433 tamen
615 386 707 432 hoc
727 386 944 449 prodest,
974 386 1013 433 si
1039 386 1144 433 diro
1169 386 1300 434 facta
1323 387 1534 434 volucris

262 462 482 510 Crimine
506 462 821 526 Nyctimene,
851 470 1018 510 nostro
1044 463 1287 510 successit
1311 464 1515 510 honori?
1543 466 1638 510 590

259 538 355 595 An,
383 557 493 603 quae
519 557 606 604 per
631 548 785 587 totam
811 556 888 587 res
914 547 991 588 est
1016 541 1272 587 notissima
1299 540 1509 596 Lesbon,

261 616 375 664 Non
395 618 563 665 audita
586 619 676 665 tibi
699 625 792 673 est,
821 618 1034 681 patrium
1060 619 1330 665 temerasse
1355 618 1519 664 cubile

259 693 627 757 Nyctimenen?
654 696 755 742 avis
777 695 861 742 illa
880 695 1083 759 quidem
1101 714 1111 752 ;
1141 696 1227 744 sed
1245 696 1445 743 conscia
1460 695 1637 758 culpae,

259 771 601 836 Conspectum
623 774 887 836 lucemque
903 773 1046 836 fugit,
1064 773 1383 836 tenebrisque
1400 773 1638 836 pudorem

259 848 432 898 Celat:
473 857 523 897 et
547 867 576 897 a
599 852 792 898 cunctis
818 851 1086 914 expellitur
1111 851 1292 898 aethere
1318 849 1474 897 tot0.''
1539 851 1635 896 595

257 925 396 974 Talia
420 927 622 983 dicenti,
653 934 682 952 “
705 928 866 983 Tibi‚⁷’
893 928 975 984 ait,
1006 932 1037 951 “
1060 926 1418 982 revocamina‚'’
1444 942 1636 981 corvus,

257 1008 288 1026 ‘⁶
318 1003 445 1060 Sint,
481 1021 669 1069 precor,
705 1005 800 1053 ista
831 1006 989 1053 malo:
1029 1021 1118 1052 nos
1140 1021 1320 1052 vanum
1358 1003 1636 1067 spernimus

453 1082 648 1129 omen.”

256 1158 364 1205 Nec
390 1166 609 1223 coeptum
634 1159 838 1206 dimittit
862 1159 983 1216 iter;
1024 1159 1324 1221 dominoque
1344 1159 1596 1220 jacentem

255 1234 385 1281 Cum
405 1237 586 1298 juvene
612 1235 871 1282 Haemonio
895 1236 1078 1283 vidisse
1106 1235 1355 1283 Coronida
1379 1242 1557 1282 narrat.

255 1311 446 1360 Laurea
470 1313 676 1377 delapsa
701 1320 792 1368 est,
821 1313 990 1360 audito
1017 1314 1238 1369 crimine,
1267 1312 1479 1368 amanti;
1538 1314 1635 1359 600

254 1388 320 1436 Et
345 1389 528 1452 pariter
551 1391 818 1454 vultusque
846 1390 972 1446 Deo,
996 1391 1358 1454 plectrumque,
1386 1391 1623 1452 colorque

252 1465 482 1515 Excidit:
512 1474 668 1530 utque
695 1467 886 1515 animus
911 1467 1102 1515 tumida
1126 1467 1345 1515 fervebat
1370 1468 1431 1514 ab
1457 1467 1556 1523 ira3

294 1617 368 1647 590.
393 1617 525 1648 Crimine
552 1618 758 1660 Nyctimene]
790 1619 911 1650 Rursus

250 1666 314 1697 alia
341 1667 515 1708 aspergitur
539 1667 657 1704 fabula,
687 1669 742 1699 sed
765 1669 909 1706 breviter,

249 1726 327 1746 vers.
356 1717 537 1747 591—595.
569 1717 746 1757 Nyctimene
775 1718 834 1748 fuit
859 1718 908 1749 vel

250 1765 381 1807 Epopei,
403 1766 483 1807 regis
506 1766 698 1803 Lesbiorum,
713 1767 774 1803 vel,
798 1778 909 1799 secun-

248 1813 324 1844 dum
340 1815 428 1851 alios,
444 1816 559 1857 Nyctei
572 1816 647 1847 filia.
682 1817 723 1849 Vi
739 1828 809 1848 eam
825 1828 908 1848 com-

248 1874 385 1904 pressam
409 1875 427 1894 a
451 1870 548 1906 patre,
569 1876 631 1906 prae
655 1865 772 1907 pudore
795 1866 908 1898 abiisse

248 1911 280 1942 in
300 1913 405 1949 silvas,
421 1914 527 1955 ibique
551 1925 569 1945 a
591 1915 735 1946 Minerva
756 1921 908 1946 mutatam

248 1971 314 1992 esse
338 1961 369 1992 in
391 1970 550 1997 noctuam.
569 1974 638 2004 quae
664 1963 791 2006 pudoris
814 1975 908 1996 causa

247 2009 382 2041 interdiu
394 2011 504 2047 lateat,
521 2012 627 2043 scribit
639 2013 756 2054 Hygin.
766 2013 830 2044 fab.
842 2015 905 2044 204

247 2065 278 2089 et
299 2060 374 2090 253.
410 2060 514 2091 Aliter
540 2061 664 2092 Servius
686 2062 725 2093 ad
746 2063 772 2094 Ι.
789 2063 905 2104 Georg.

247 2108 320 2139 409.
340 2108 392 2150 qui
415 2109 492 2140 dicit
516 2110 596 2142 hanc
618 2120 685 2141 esse
710 2110 820 2142 avibus
847 2111 904 2142 ad-

247 2157 415 2188 mirationi.

289 2208 363 2238 592.
398 2208 564 2244 Tememw,
601 2208 721 2240 incestu
754 2211 905 2241 contami-

246 2267 331 2293 nare,
345 2257 496 2299 polluere,
512 2264 546 2288 ut
562 2258 640 2288 libro
655 2270 708 2288 xv.
725 2260 799 2290 501.
829 2261 906 2291 Om-

246 2306 319 2337 nino
334 2312 381 2337 est
401 2307 565 2338 temeraria
583 2307 717 2338 audacia
732 2309 859 2349 aggredi
875 2316 907 2340 et

246 2352 360 2386 violare
375 2366 423 2386 res
436 2366 538 2387 sacras
553 2362 584 2387 et
599 2356 737 2393 illicitas,
749 2357 812 2388 viii.
825 2360 904 2397 7423

245 2415 296 2435 xv.
319 2405 370 2435 75.
406 2404 510 2435 Tibul.
535 2406 597 2436 III.
618 2417 647 2437 v.
671 2407 708 2436 7:
734 2410 905 2438 temeranda

243 2464 327 2483 sacra
340 2455 420 2484 nulli
431 2455 573 2491 virorum,
582 2457 698 2485 conscia
712 2457 816 2495 σαίρω,
826 2461 904 2495 etc.;

244 2501 316 2533 vide
331 2502 371 2533 ad
386 2513 448 2533 ver.
465 2503 537 2534 377.
571 2504 696 2535 Noctua
712 2504 782 2535 ideo
802 2505 903 2536 lucem

242 2551 334 2592 sugit,
358 2552 440 2593 quod
466 2553 616 2594 pupulam
640 2554 802 2584 oculorum
826 2554 904 2585 adeo

244 2600 347 2631 laxam
369 2601 449 2641 gerit
466 2607 498 2632 et
519 2607 670 2643 apertam,
686 2609 720 2633 ut
739 2603 840 2634 lucem
857 2603 904 2633 di-

244 2660 354 2680 urnam
369 2651 447 2680 serre
465 2657 611 2692 nequeat.

289 2700 364 2730 598.
383 2700 521 2736 Domino,
538 2700 689 2742 Apollini.
707 2701 904 2742 Cumjuvene

245 2748 407 2779 flamonio.
450 2748 604 2779 Hesiodus
629 2749 659 2779 in
689 2751 861 2791 fragmento
885 2761 902 2781 a

978 1619 1127 1649 Strabone
1148 1624 1288 1649 servato:
1313 1617 1360 1649 ὅτι
1379 1617 1490 1660 Ἰσχύς
1507 1617 1636 1649 Εἰλατί-

978 1668 1036 1708 δης
1065 1671 1146 1710 γῆμε
1176 1668 1339 1710 Κόρωνιν.
1385 1668 1501 1708 Ischyn
1532 1674 1636 1698 autem

978 1718 1093 1760 Apollo
1114 1717 1235 1759 sagittis
1252 1717 1403 1748 *confecit.
1439 1717 1533 1759 Apud
1559 1716 1633 1747 Pin-

977 1768 1043 1799 dar.
1058 1767 1152 1809 Pyth.
1175 1766 1218 1797 iii.
1238 1768 1278 1798 46
1302 1778 1370 1808 sqq.
1418 1766 1550 1808 Delphis
1568 1777 1635 1797 ver-

976 1828 1047 1848 sans
1062 1817 1119 1847 hoc
1135 1816 1259 1847 rescivit
1275 1827 1329 1858 per
1345 1823 1442 1847 artem
1461 1827 1549 1847 suam
1565 1816 1635 1847 sati-

976 1866 1092 1897 dicam.
1129 1865 1190 1896 Sed
1206 1864 1353 1907 quoniam
1373 1876 1483 1896 corvus
1499 1864 1564 1896 avis
1580 1875 1634 1896 au-

976 1915 1106 1956 guralis,
1124 1921 1285 1957 propterea
1312 1914 1337 1944 is
1362 1914 1487 1946 additus
1510 1914 1634 1945 fabulae.

976 1965 1026 1995 De
1050 1965 1216 2000 Haemoniu,
1239 1963 1309 1994 vide
1334 1974 1427 2005 supra
1449 1963 1488 1994 ad
1513 1974 1635 1995 versum

973 2015 1048 2046 543.

1017 2064 1092 2095 601.
1110 2064 1273 2103 Vultusque
1286 2062 1529 2103 Deo—eradit]
1562 2063 1634 2093 Vul-

974 2120 1021 2144 tus
1040 2115 1148 2144 ercidit
1174 2112 1213 2148 ei,
1230 2113 1318 2154 cujus
1341 2112 1479 2142 hilaritas
1498 2118 1635 2144 mutatur

972 2163 1003 2194 in
1019 2162 1265 2193 sollicitudinem
1282 2167 1312 2192 et
1333 2171 1508 2192 moerorem.
1547 2161 1635 2192 Color

972 2214 1092 2248 excidit,
1117 2222 1214 2253 quum
1230 2211 1350 2242 vultum
1373 2217 1504 2252 occupat
1523 2211 1635 2252 pallor.

974 2261 1171 2293 Contrarium
1186 2267 1233 2292 est
1256 2262 1372 2291 vultum
1392 2261 1533 2299 recipere,
1548 2261 1634 2291 Fast.

973 2310 1014 2342 iv.
1030 2312 1104 2342 615.
1137 2310 1224 2341 Bene
1237 2316 1339 2340 autem
1355 2309 1399 2339 sic
1415 2314 1521 2339 notata
1537 2309 1632 2340 animi

973 2359 1176 2401 perturbatio.
1226 2359 1341 2390 Confer
1368 2358 1410 2389 iv.
1450 2358 1520 2389 175.
1558 2360 1632 2390 229.

973 2408 1120 2439 Similiter
1134 2407 1240 2439 Tibul.
1258 2408 1316 2439 IV.
1331 2407 1364 2439 ii.
1381 2409 1399 2437 4
1413 2419 1420 2437 z
1447 2407 1494 2438 Ne
1511 2409 1562 2438 tibi
1578 2410 1633 2439 mi-

971 2461 1056 2489 ranti
1076 2460 1207 2497 turpiter·
1232 2469 1316 2488 arma
1336 2459 1459 2488 cudunt.
1492 2458 1634 2499 Propert.

972 2506 1031 2538 lv.
1047 2507 1090 2538 iv.
1117 2508 1168 2538 19.
1193 2507 1232 2538 de
1257 2506 1473 2548 obstupefacta
1492 2505 1630 2546 virgine:

974 2555 1115 2596 Interque
1144 2558 1249 2587 oblitas
1275 2557 1384 2586 excidit
1408 2567 1488 2586 urna
1512 2567 1632 2587 manus.

972 2604 1039 2636 Liv.
1055 2606 1106 2636 39.
1122 2606 1184 2636 34;
1211 2606 1291 2635 Adeo
1310 2605 1497 2644 perturbavit
1519 2616 1552 2634 ea
1580 2616 1632 2636 vox

972 2666 1081 2695 regem,
1096 2662 1130 2685 ut
1149 2667 1205 2685 non
1224 2656 1312 2690 color,
1328 2666 1387 2685 non
1402 2656 1505 2684 vultus
1520 2656 1546 2685 ei
1560 2666 1631 2685 con-

970 2705 1092 2734 stiterit.

1013 2753 1086 2784 602.
1113 2753 1239 2783 Tumida
1253 2751 1329 2792 ira]
1352 2753 1431 2789 Quae
1449 2763 1518 2783 mox
1536 2762 1628 2793 erup-
