1763 3181
397 173 1018 216 METAMORPHOSEON
1051 174 1170 215 LIB.
1201 174 1309 216 VII.
1468 172 1551 219 431

169 288 404 353 Concipit
425 289 616 337 interea
637 289 826 337 validos
851 289 1038 337 AEetias
1063 290 1232 352 ignes3

168 365 235 413 Et
258 366 444 414 lu'ctata
467 367 568 424 diu,
594 375 863 431 postquam
888 368 1078 415 ratione
1104 367 1317 415 furorem
1492 372 1550 416 10

167 443 380 492 Vincere
398 461 496 492 non
515 452 736 509 poterat:
767 452 797 470 “
814 446 1030 501 Frustra,
1055 446 1255 501 Medea,
1273 462 1546 510 repugnas3

169 520 354 568 Nescio
391 523 503 585 quis
542 522 681 570 Deus
717 523 931 580 obstat,''
957 524 1043 580 ait,
1073 529 1103 548 “
1125 524 1421 587 mirumque,
1457 523 1553 571 nisi

367 599 461 646 hoc
487 606 578 656 est,
1008 661 1011 665 ¹

168 674 270 723 Aut
294 676 484 739 aliquid
509 682 644 724 certe
670 676 828 725 simile
847 677 978 733 huic,
997 678 1131 741 quod
1153 693 1316 725 amare
1332 684 1550 724 vocatur.

169 752 302 800 Nam
326 771 414 801 cur
432 756 574 818 jussa
597 755 750 819 patris
776 756 982 803 nimium
1008 755 1126 802 mihi
1152 757 1275 803 dura
1292 755 1554 803 videntur?

171 830 300 879 Sunt
334 848 536 896 quoque
572 833 696 880 dura
732 833 905 880 nimis:
946 849 1032 880 cur
1056 849 1206 896 quem
1239 833 1387 880 modo
1415 833 1552 880 deni-

368 927 466 973 que
491 910 608 966 vidi,

1497 913 1554 956 15

169 985 248 1034 Ne
273 993 460 1050 pereat,
487 987 674 1034 timeo?
712 1003 824 1050 quae
850 988 974 1035 tanti
999 1004 1151 1035 causa
1174 987 1398 1034 timoris?

169 1063 367 1111 Excute
391 1063 608 1126 virgineo
629 1072 899 1128 conceptas
925 1072 1128 1129 pectore
1154 1065 1396 1119 flammas,

171 1141 220 1187 Si
248 1148 407 1204 potes,
431 1141 630 1189 infelix:
672 1141 711 1188 si
737 1159 954 1206 possem,
982 1144 1144 1189 sanior
1169 1158 1348 1189 essem.

171 1218 272 1266 Sed
296 1219 447 1266 trahit
470 1219 674 1266 invitam
700 1236 825 1267 nova
848 1220 920 1267 vis
940 1239 949 1277 ;
991 1220 1228 1282 aliudque
1256 1219 1471 1282 Cupido,

170 1295 318 1344 Mens
345 1297 478 1344 aliud
504 1298 709 1345 suadet:
748 1298 892 1346 video
918 1297 1138 1353 meliora,
1165 1297 1451 1360 proboque;
1493 1299 1557 1342 20

167 1452 300 1493 legionis,
315 1456 429 1493 partes,
445 1462 514 1493 quae
530 1451 600 1483 illas
615 1463 664 1483 res
678 1452 827 1484 constitu-

168 1506 235 1531 unt.
281 1500 387 1543 Atque
403 1501 484 1532 hanc
506 1501 656 1532 rationem
680 1503 825 1543 praetule-

166 1549 224 1580 rim
249 1550 352 1592 priori.
396 1550 529 1581 Lenzius
548 1561 621 1581 vero
644 1550 735 1581 malit
756 1561 827 1581 cum

168 1599 237 1630 aliis
253 1599 380 1640 Minyis,
397 1599 471 1640 quia
492 1599 615 1630 labores
630 1599 677 1629 illi
693 1610 753 1630 non
769 1612 826 1630 nu-

167 1660 245 1679 mero
259 1648 477 1680 memorabiles
491 1649 618 1680 fuerint.
645 1650 829 1691 Magnorum

168 1699 326 1735 laborum;
350 1698 506 1740 Orpheus,
526 1700 601 1730 935.
619 1699 745 1740 ὀιζυρος
769 1699 828 1730 πό-

168 1759 236 1785 νος.

210 1798 242 1828 9.
267 1797 403 1837 Concipit
419 1799 546 1833 interea,
559 1797 636 1837 etc.]
662 1797 757 1833 Jun0‚
771 1799 827 1829 Ja-

166 1845 234 1876 soni
263 1846 380 1883 favens,
406 1847 563 1878 Venerem
589 1846 768 1888 impulerat,
794 1853 828 1878 ut

167 1895 292 1926 Medeae
308 1896 390 1926 hunc
414 1906 550 1927 amorem
571 1895 734 1937 injiceret:
761 1896 827 1937 Hy-

166 1943 230 1985 gin.
242 1944 308 1975 fab.
320 1946 362 1976 22
375 1957 384 1984 ;
400 1945 443 1975 sie
458 1950 490 1975 et
505 1944 660 1986 Orpheus,
671 1945 734 1975 864
747 1955 828 1986 sqq.,

167 1994 222 2024 ubi
237 1999 341 2025 tamen
357 1999 389 2025 et
403 1993 471 2025 dira
488 1993 622 2035 Erinnys
636 1994 782 2034 sagittam
795 1993 828 2024 in

166 2043 234 2084 ejus
255 2043 376 2074 viscera
400 2042 508 2074 mittit.
533 2043 642 2073 Horat.
667 2042 768 2085 Epod.
783 2042 829 2075 iii.

167 2093 187 2122 9
203 2104 209 2122 z
235 2093 428 2134 Argonautas
440 2099 549 2132 praeter
559 2102 655 2122 omnes
666 2094 829 2123 candidum

169 2141 277 2171 Medea
290 2143 401 2172 mirata
419 2147 461 2171 est
478 2143 594 2172 ducem.
638 2141 676 2171 In
696 2151 829 2182 sequen-

167 2190 250 2221 tibus
266 2191 413 2232 praeclare
429 2195 553 2222 notatur
567 2190 720 2221 tumultus
736 2189 830 2220 animi

168 2239 316 2276 internus,
332 2241 495 2271 conflictus
511 2240 619 2270 furoris
642 2244 674 2269 et
692 2239 831 2271 rationis.

169 2289 307 2319 Omnino
323 2289 437 2320 Noster
457 2288 533 2319 felix
556 2293 603 2319 est
625 2288 657 2318 in
679 2288 830 2329 ejusmodi

168 2337 255 2368 lucta
265 2337 306 2368 ad
316 2344 434 2369 naturae
446 2338 607 2368 veritatem
616 2336 831 2368 describenda.

170 2387 286 2418 Confer
309 2386 372 2418 viii.
388 2386 451 2417 fab.
474 2387 513 2425 13
548 2387 607 2416 IX.
632 2386 695 2416 fab.
711 2386 776 2416 viii.
801 2392 832 2416 et

168 2435 209 2466 vii
225 2447 234 2474 ;
278 2436 318 2466 X.
345 2435 409 2466 fab.
435 2435 488 2466 vii.
547 2436 671 2471 AEetias,
700 2435 830 2474 Medea,

170 2485 273 2515 AEetae
285 2490 317 2515 et
330 2484 429 2526 Idyiae
442 2484 517 2515 filia.
539 2484 688 2526 Apollon.
701 2483 744 2514 iii.
756 2485 830 2515 242.

176 2534 300 2565 Validus
314 2541 345 2564 et
360 2533 399 2565 de
416 2534 487 2575 igne
503 2534 625 2576 proprie
641 2532 685 2564 sic
701 2533 784 2564 dicto
799 2539 831 2563 et

169 2583 209 2615 de
236 2594 338 2614 amore
372 2583 506 2625 ponitur.
566 2583 674 2620 Furor,
704 2582 831 2613 insanus

172 2643 258 2663 amor
280 2632 329 2674 (h.
343 2632 366 2664 l.
382 2643 453 2663 cum
473 2632 603 2668 dilectu,
618 2632 692 2674 quia
702 2631 831 2673 opponi·

170 2687 222 2712 tur
236 2681 378 2722 rationi,)
399 2686 486 2712 tanto
501 2681 659 2712 difficilius
674 2680 756 2711 vinci
776 2691 830 2722 po-

172 2735 262 2767 terat,
276 2730 351 2772 quia
364 2741 435 2761 eum
450 2730 628 2762 humanitas
639 2730 808 2772 adjuvabat
822 2742 828 2759 :

895 1464 964 1494 quae
981 1452 1043 1483 duo
1058 1461 1245 1493 peromnem
1261 1450 1344 1481 hunc
1355 1450 1458 1480 locum
1474 1460 1557 1480 com-

895 1501 985 1532 mode
1001 1501 1180 1531 miscentur.
1208 1500 1260 1530 Ad
1275 1505 1450 1530 extremum
1466 1498 1560 1536 furor,

895 1556 929 1580 ut
943 1551 987 1585 fit,
1004 1549 1112 1580 vincit.
1158 1549 1342 1588 Mirumqae‚
1359 1553 1420 1578 etc.
1458 1547 1561 1579 Rudis

895 1599 998 1630 adhuc
1014 1597 1141 1639 virginis
1156 1597 1338 1639 simplicitas
1353 1602 1488 1627 notatur.

940 1650 990 1679 15.
1016 1648 1105 1678 Modo
1134 1648 1270 1687 denique,
1299 1657 1382 1677 nunc
1412 1645 1558 1687 primum,

895 1703 930 1729 ut
944 1698 988 1729 iii.
1004 1698 1087 1736 6503
1110 1708 1181 1727 mox
1204 1707 1293 1727 versu
1316 1697 1368 1727 86.
1387 1702 1450 1726 tum
1474 1698 1559 1727 deni-

895 1759 960 1788 que.
1004 1746 1089 1777 Mira
1110 1746 1143 1776 in
1164 1746 1247 1776 omni
1264 1746 1294 1776 h.
1309 1746 1331 1776 l.
1347 1750 1395 1776 est
1411 1745 1559 1776 orationis

895 1796 1044 1827 suavitas.

942 1846 991 1877 17.
1014 1843 1155 1884 Excute]
1180 1842 1331 1874 Ciofanus
1345 1842 1559 1884 metaphoram

896 1905 914 1926 a
926 1894 1024 1930 silice,
1035 1905 1052 1925 e
1066 1905 1127 1935 quo
1143 1893 1230 1934 ignes
1241 1893 1418 1928 eliciuntur,
1431 1892 1559 1923 ductam

895 1950 1020 1987 putans,
1046 1943 1268 1979 confundebat,
1297 1948 1330 1973 ut
1358 1943 1559 1973 Burmannus

889 1994 955 2036 jam
973 1992 1102 2028 monuit,
1117 1994 1262 2023 arcudere
1277 1998 1308 2022 et
1323 1997 1472 2021 excutere..
1497 1991 1558 2021 Ea.-

894 2046 958 2074 cati
972 2042 1090 2085 passim
1112 2042 1258 2073 dicuntur
1275 2040 1416 2076 affectus,
1434 2040 1488 2082 qui
1503 2040 1558 2071 de-

893 2098 1062 2135 ponuntur.

941 2142 991 2172 19.
1015 2141 1123 2177 Nova,·
1158 2139 1233 2169 mihi
1257 2138 1361 2169 adhuc
1386 2137 1559 2180 incognita,

896 2198 927 2223 et
943 2191 1075 2222 antehac
1091 2199 1251 2230 nunquam
1267 2195 1407 2229 experta.

940 2241 993 2271 20.
1020 2240 1109 2270 Video
1137 2239 1270 2272 meliora,
1294 2237 1449 2276 proboque,
1477 2237 1557 2277 etc.]

898 2288 976 2318 Haec
1003 2286 1160 2317 sententia
1185 2296 1306 2328 semper
1327 2285 1458 2327 placuit,
1483 2286 1557 2327 quia

897 2343 928 2368 et
942 2336 1102 2367 verissime
1118 2341 1149 2366 et
1166 2334 1346 2365 brevissime
1363 2340 1480 2365 naturae
1501 2335 1557 2365 hu-

898 2396 998 2416 manae
1028 2385 1229 2415 vitiositatem
1257 2389 1355 2415 notat.
1409 2384 1558 2416 Ciosanus

898 2441 1014 2470 monet,
1029 2445 1206 2476 expressam
1226 2445 1295 2465 eam
1320 2444 1386 2464 esse
1407 2444 1445 2464 ex
1469 2433 1559 2464 Euri-

896 2484 970 2526 pide
986 2483 1133 2525 (Hippol.
1150 2482 1241 2519 380.)
1261 2483 1302 2514 τὰ
1327 2481 1441 2523 χρήστ’
1464 2482 1556 2513 ἐπισ-

897 2532 1031 2574 τάμεθα,
1045 2532 1099 2562 καὶ
1114 2532 1347 2574 γιγνώσκομεν·
1372 2531 1438 2562 Oine
1463 2531 1557 2562 ἐκπο-

898 2585 1014 2624 νοῦμεν
1029 2581 1072 2612 δέ.
1108 2581 1158 2611 Ibi
1170 2582 1341 2612 Valkenar.
1356 2580 1473 2611 similes
1488 2592 1558 2611 sen-

896 2631 1012 2662 tentias
1035 2630 1172 2671 collegit.
1194 2630 1300 2660 Etiam
1323 2631 1432 2660 Horat.
1448 2630 1475 2660 1.
1498 2631 1558 2672 Ep.

899 2680 962 2710 viii.
975 2682 1009 2710 ll
1025 2693 1031 2710 ε
1051 2680 1124 2714 Quor
1137 2690 1275 2715 nocuere,
1285 2679 1556 2721 sequamfugiam,

899 2741 961 2770 quae
974 2729 1093 2771 profore
1108 2730 1237 2759 credam.
