1729 3207
264 201 351 242 DE
384 198 600 241 OPERE
634 195 1286 240 METAMORPHOSEON.
1382 201 1470 242 xliii

83 316 150 356 vii.
186 315 268 356 538
300 329 390 369 sqq.
429 313 601 354 modum
640 313 834 353 servavit.
897 311 1077 353 Rectius
1118 320 1231 353 certe
1272 315 1469 357 abessent

85 394 168 443 illa,

185 493 275 531 Non
293 506 384 544 aper
401 493 510 530 irasci
529 491 703 529 meminit
719 505 730 537 3
759 504 829 529 nee
848 490 964 528 fidere
983 504 1095 529 cursu

186 567 320 612 Cerva,
339 580 409 605 nec
427 566 608 604 armentis
625 566 818 603 incurrere
836 565 997 603 fortibus
1016 567 1104 604 ursi.

139 722 305 776 Inepte,
327 722 368 762 ii.
392 721 477 762 206
497 735 589 775 sqq.
612 721 655 761 in
676 719 836 761 aethere
858 720 1020 760 decliva
1040 720 1212 774 viasque
1228 721 1472 776 proeee'pites

81 802 220 857 fingit,
242 815 320 842 nee
345 801 404 842 ibi
433 801 527 849 133,
549 800 775 855 manifesta
802 806 907 841 rotae
929 800 1111 856 vestigia
1138 815 1230 841 esse
1258 807 1470 855 poterant,

84 882 158 923 sed
184 880 438 921 luxuriantis
467 880 625 935 ingenii
649 879 721 920 illa
750 886 862 920 sunt.
924 879 1111 920 Tristem
1139 880 1261 920 nobis
1293 886 1335 920 et
1363 895 1473 921 com-

83 960 350 1002 miseratione
379 959 666 1014 dignissimam
699 957 917 1000 Actaeonis
950 965 1094 998 narrat
1127 964 1296 1008 sortem,
1326 959 1401 1000 sed
1431 967 1473 1000 et

84 1041 152 1083 hic
183 1040 306 1091 ludit,
328 1041 384 1082 iii.
413 1041 506 1090 199,
514 1040 642 1096 fugit
662 1039 920 1081 Autonoeius
945 1039 1080 1087 heros,
1104 1038 1166 1078 Et
1192 1052 1237 1079 se
1264 1044 1348 1079 tana
1372 1040 1475 1080 eele-

84 1136 169 1161 rem
196 1135 319 1161 eursu
349 1120 526 1160 miratur
545 1119 588 1159 in
614 1119 719 1173 ipso.
781 1117 959 1172 Frigida
987 1123 1084 1157 sunt
1110 1115 1181 1157 illa
1208 1117 1475 1158 acumina.—

83 1199 141 1240 iii.
165 1199 262 1248 425,
293 1199 347 1240 de
374 1197 580 1238 Narcisso
611 1212 655 1238 se
683 1197 820 1251 ipsum
848 1205 1029 1245 amante,
1054 1201 1095 1236 et
1122 1196 1193 1250 qui
1215 1196 1377 1250 probat
1406 1197 1477 1238 ille

79 1278 303 1332 probatur,
339 1276 538 1331 Dumque
565 1276 691 1331 petit,
724 1275 902 1330 petitur,
932 1274 1185 1329 pariterque
1223 1275 1403 1315 ‘incendit
1437 1282 1478 1315 et

88 1356 221 1396 ardet.
285 1354 517 1405 Eumdem,
540 1354 613 1395 ubi
644 1369 830 1395 errorem
860 1369 983 1394 suum
1007 1354 1192 1408 agnovit,
1217 1354 1275 1395 sic
1302 1353 1477 1409 loquen-

88 1441 172 1476 tem
192 1448 278 1475 ver.
302 1433 401 1483 464,
423 1433 609 1474 inducit:
641 1432 856 1472 Flammas
876 1446 1097 1486 moveoque
1109 1431 1308 1487 feroque.
1366 1432 1482 1478 Quid

74 1512 276 1568 faciam?
306 1527 447 1568 roger,
469 1526 575 1553 anne
601 1514 777 1568 rogem?
809 1511 912 1566 quid
936 1512 1082 1552 deinde
1108 1511 1301 1567 rogabo?
1357 1511 1483 1557 Quod

89 1592 209 1647 cupio
229 1606 383 1632 mecum
403 1597 478 1640 est,
501 1591 663 1646 inopem
690 1606 752 1631 me
773 1590 897 1645 copia
912 1590 1027 1645 feeit
1041 1607 1055 1630 .·
1085 1590 1144 1630 ita
1166 1604 1252 1630 non
1277 1588 1385 1631 solet
1406 1590 1478 1631 de-

91 1670 274 1725 speratio
300 1669 506 1711 lascivire.
568 1669 687 1711 Idem
708 1685 794 1711 ver.
821 1670 925 1710 505:
966 1669 1071 1710 Tum
1099 1684 1261 1724 quoque
1287 1684 1345 1718 se,
1359 1674 1480 1724 post-

91 1764 214 1803 quam
233 1754 295 1789 est
315 1748 482 1803 irgfema
501 1748 598 1788 sede
616 1753 822 1802 receptus,
844 1747 898 1787 In
919 1747 1078 1804 Stygia
1097 1748 1317 1802 spectabat
1337 1762 1450 1801 aqua
1468 1765 1482 1787 .-

89 1828 132 1868 in
159 1827 306 1868 limosa
335 1826 407 1868 illa
438 1825 595 1881 palude
627 1841 713 1867 non
742 1832 913 1880 poterat
943 1826 1167 1880 quisquam
1200 1840 1244 1866 se
1271 1833 1478 1879 spectare.

92 1905 258 1947 Thisbe
285 1906 327 1947 in
352 1921 513 1947 summa
539 1906 852 1961 desperatione,
874 1906 927 1946 iv.
957 1906 1049 1955 152,
1066 1906 1184 1960 justo
1207 1905 1398 1960 argutius
1420 1905 1482 1945 di-

92 1986 162 2034 eit,
192 1986 344 2040 quique
375 2001 402 2026 a
433 2001 496 2026 me
527 1991 657 2044 morte
686 1985 829 2026 revelli
856 1984 959 2025 Heu
987 1985 1079 2025 sola
1099 1990 1292 2039 poteras,
1318 1984 1484 2038 poteris

92 2080 165 2106 uec
195 2070 325 2106 morte
358 2065 512 2106 revelli.
575 2065 733 2106 Parum
766 2063 922 2121 placet,
952 2064 1019 2104 vii.
1054 2064 1152 2113 339,
1185 2062 1346 2118 duplex
1378 2062 1483 2103 illud

94 2157 339 2198 oxymoron,
362 2149 406 2184 ut
430 2158 603 2198 qecoeque
623 2143 701 2198 pia
725 2149 801 2192 est,
819 2142 1054 2183 hortatibus
1078 2141 1209 2196 impia
1226 2141 1372 2196 prima
1396 2147 1456 2181 est
1470 2158 1484 2181 .-

95 2222 169 2271 Et,
191 2237 242 2263 ne
261 2223 317 2263 sit
339 2223 560 2271 scelerata,
569 2221 690 2277 facit
715 2221 861 2262 scelus.
925 2219 1013 2274 Ipsi
1040 2226 1182 2260 autem
1208 2225 1325 2259 tanto
1350 2219 1483 2273 magis

95 2299 368 2354 plaeuerunt3
400 2301 586 2355 repetita
615 2301 725 2341 enim
755 2300 809 2340 ab
842 2314 893 2340 eo
926 2305 1024 2339 sunt
1050 2304 1228 2352 quater:
1262 2297 1329 2339 Cf.
1353 2298 1409 2338 iii.
1434 2298 1483 2347 53

95 2379 177 2419 viii.
204 2379 312 2429 4773
346 2380 403 2420 ix.
431 2379 526 2420 408.
580 2379 676 2420 Nec
703 2378 874 2434 placent
903 2377 948 2418 hi
974 2377 1105 2426 lusus,
1129 2377 1183 2418 vi.
1214 2376 1311 2426 560,
1339 2375 1486 2431 lingua

97 2464 260 2499 resecta
285 2458 462 2500 moriens
488 2459 663 2500 dominae
689 2459 871 2515 vestigia
899 2458 1063 2513 quaerz‘t,
1087 2464 1129 2498 et
1150 2472 1275 2498 versu
1296 2456 1393 2505 708,
1416 2471 1487 2497 vo-

96 2534 226 2577 lando
247 2536 400 2578 Boreae
429 2544 621 2578 (Arserunt
648 2538 806 2594 agitati
821 2537 989 2592 fortius
1010 2537 1142 2592 ignes.
1197 2535 1285 2583 Qui
1312 2535 1485 2590 proprie

99 2614 297 2657 dicuntur
334 2616 469 2671 igneS,
501 2615 681 2658 volando
721 2617 892 2670 quidem
927 2616 1158 2656 ardescunt
1198 2613 1362 2662 fortius,
1402 2628 1487 2654 non

101 2700 242 2734 autem
272 2693 347 2743 illi,
376 2710 482 2749 quos
512 2710 622 2735 nunc
655 2702 784 2749 poeta
815 2693 1160 2749 intelligit—xii.
1189 2692 1285 2742 614,
1315 2690 1489 2746 praecla-

104 2784 196 2811 rum
217 2780 494 2825 praecesserat
511 2773 810 2828 epiphonema,
828 2774 895 2814 cui
913 2779 1052 2814 autem
1069 2771 1185 2812 lusus
1202 2770 1490 2824 ineptissimus
