1763 3181
232 194 317 235 302

239 308 362 355 Pars
389 308 511 355 alias
537 315 684 363 artes,
713 307 930 370 antiquae
955 307 1230 354 imitamina
1252 307 1380 354 vitae.

622 193 672 234 P.
701 192 913 234 OVIDII
947 192 1225 234 NASONIS

1517 309 1614 352 445

237 385 461 432 Sustinet
485 385 553 432 ire
578 385 711 439 illuc,
738 383 927 431 coelesti
954 384 1072 432 sede
1097 384 1283 441 relicta,

233 461 447 508 Tantum
472 462 597 508 odiis
623 461 807 525 iraeque
831 461 1007 509 dabat!
1049 461 1281 509 Saturnia
1303 460 1332 508 J
1338 477 1452 508 uno.

232 537 343 591 Quo
369 537 514 584 simul
539 537 752 593 intravit,
782 553 1022 601 sacroque
1045 554 1073 586 a
1097 554 1304 601 corpore
1329 553 1554 601 pressum

232 613 482 676 Ingemuit
506 615 684 671 liinen;
723 616 818 662 tria
837 614 1086 662 Cerberus
1112 614 1290 662 extulit
1313 631 1412 670 ora,

234 691 298 738 Et
321 699 420 739 tres
447 692 651 739 latratus
678 692 823 738 simul
850 691 1034 739 edidit:
1075 692 1158 738 illa
1182 708 1371 739 sorores

1517 694 1615 738 450

231 768 391 816 Nocte
417 777 561 816 vocat
585 769 792 831 genitas,
815 784 961 830 grave
985 775 1035 816 et
1058 769 1369 832 implacabile
1394 784 1592 815 numen.

231 845 458 893 Carceris
485 854 596 893 ante
622 845 749 893 fores
775 846 969 892 clausas
995 845 1258 893 adamante
1284 846 1553 901 sedebant;

231 921 411 985 Deque
436 923 538 970 suis
564 931 695 970 atros
722 923 990 986 pectebant
1014 921 1231 969 crinibus
1258 938 1473 985 angues:

232 998 393 1053 Quam
419 1000 564 1048 simul
591 1001 833 1064 agndrunt
857 1000 984 1048 inter
1007 1000 1232 1063 caliginis
1257 1001 1473 1056 umbraS,

229 1076 500 1125 Surrexere
528 1077 677 1125 Deae:
718 1077 863 1124 sedes
891 1077 1138 1124 scelerata
1161 1084 1379 1124 vocatur.

1516 1078 1613 1124 455

226 1152 431 1202 Viscera
455 1155 711 1218 praebebat
735 1154 909 1219 Tityos
934 1155 1194 1212 lanianda;
1235 1170 1513 1217 novemque

269 1327 342 1357 445.
369 1327 446 1362 Alii,
470 1328 546 1358 nlius
571 1334 660 1363 artes,
683 1333 787 1369 repete
809 1329 883 1358 cele-

227 1377 326 1412 brant,
342 1375 373 1406 id
398 1382 458 1411 est,
476 1384 631 1413 exercent,
648 1377 742 1418 idque
766 1377 886 1408 faciunt

225 1425 264 1456 ad
295 1425 510 1456 imitationem.
556 1428 706 1468 Antiquae,
734 1427 884 1468 pristinae,

227 1473 346 1516 prioris,
366 1477 441 1505 ritae.
487 1474 559 1505 Non
575 1475 694 1511 dubito,
710 1485 781 1506 cum
796 1475 884 1506 Schi-

225 1523 341 1559 rachio,
354 1524 430 1566 quin
445 1524 622 1556 reddendus
638 1525 752 1555 Nostro
768 1525 808 1554 sit
820 1535 883 1555 ver-

225 1583 278 1602 sus
297 1573 336 1603 ab
357 1572 486 1604 Heinsio
508 1579 540 1604 et
556 1574 734 1604 Bul-manno
756 1574 884 1616 ejectus,

229 1621 386 1652 Ezercent.
438 1623 539 1653 Aliam
563 1629 679 1662 partem
708 1634 762 1653 sua
796 1634 885 1662 poena

223 1678 346 1702 coer-cet.
375 1671 458 1702 Nam
470 1671 601 1713 primurn
613 1671 745 1702 affirmat
757 1671 885 1713 quidem

224 1720 373 1751 Heinsius
387 1731 420 1751 se
435 1719 467 1750 id
483 1719 594 1751 fecisse
609 1720 791 1752 auctoritate
805 1720 883 1762 opti-

223 1780 342 1800 morum
357 1769 521 1806 Codicum,
538 1781 643 1802 verum
666 1781 727 1801 non
748 1770 886 1801 nominat

223 1820 292 1852 illos
303 1820 447 1851 Codices.
493 1820 618 1852 Deinde
633 1821 752 1862 plenior
765 1821 801 1851 fit
815 1831 882 1851 sen-

224 1880 276 1900 sus
290 1876 412 1901 servato
427 1870 485 1901 hoc
500 1881 600 1901 versu.
649 1870 780 1907 coercet,
795 1870 887 1901 casti-

224 1925 288 1959 gat,
299 1930 364 1952 sua,
380 1917 501 1960 propria
517 1925 547 1949 et
563 1918 672 1949 merita
686 1929 791 1961 poena.
815 1919 885 1950 Sus-

225 1969 362 2002 tinemus,
387 1977 457 2007 quae
488 1967 576 1998 inriti
605 1968 744 1998 facimus.
791 1969 885 2005 Dare,

223 2015 381 2047 inservire.

267 2066 342 2097 449.
370 2065 532 2107 Ingemuit,
557 2065 688 2108 crepuit.
736 2066 884 2103 Gemitus,

223 2114 321 2146 omnis
359 2125 463 2149 sonus,
499 2125 592 2155 quem
625 2124 673 2145 res
707 2114 884 2146 inanimatae

223 2164 312 2199 dant,
328 2162 403 2193 dum
425 2162 597 2198 calcantur,
613 2163 785 2204 pulsantur,
802 2163 884 2195 fran-

222 2218 346 2254 guntur.
396 2213 539 2243 Cerberus
564 2212 615 2244 hic
640 2219 711 2243 ante
736 2213 824 2248 sores.
851 2223 884 2245 ut

221 2261 325 2292 Tibul.
342 2262 370 2292 Ι.
389 2261 432 2292 iii.
450 2262 503 2292 71.
524 2261 563 2292 ad
589 2263 764 2304 exemplum
789 2263 882 2304 prisci

222 2310 292 2346 aevi,
314 2310 368 2341 ubi
391 2309 518 2341 maximi
545 2321 639 2341 canes
662 2311 702 2342 ad
727 2311 881 2353 regiarum

223 2359 337 2391 aedium
352 2360 431 2391 fores
445 2360 593 2391 excubias
607 2361 752 2402 agebant.
786 2362 882 2403 Apud

224 2409 403 2451 Virgilium,
419 2419 509 2440 versu
531 2410 605 2440 417.
619 2416 704 2441 trans
719 2410 881 2442 Acheron-

222 2465 286 2489 tem
308 2465 431 2489 antrum
455 2458 561 2495 habet,
577 2459 660 2490 unde
687 2462 802 2490 latratu
825 2463 879 2491 tri-

210 2508 305 2549 fauci
329 2514 479 2547 personat.
528 2508 568 2538 Et
592 2515 660 2545 tres,
682 2516 743 2540 etc.
787 2509 880 2540 Com-

222 2556 312 2588 mode
335 2557 480 2588 laudatur
506 2567 524 2588 a
546 2558 746 2596 Burmann03
769 2559 882 2590 Lucia-

224 2616 293 2642 nus‚
310 2605 342 2636 in
357 2606 552 2637 Hermotimo
566 2619 572 2636 :
598 2608 665 2638 Καὶ
677 2608 785 2649 φωνὰς
798 2610 883 2650 τρεῖς

220 2655 287 2694 ἅμα
305 2655 397 2696 ἠφίει.

265 2704 338 2734 451.
364 2705 429 2734 Nox
445 2704 551 2736 Furias
572 2716 634 2736 uno
659 2711 749 2748 partu
772 2706 881 2738 edidit.

224 2752 334 2787 Grai-c.
352 2753 476 2784 noxium
498 2760 528 2785 et
543 2753 686 2785 saeviens.
732 2753 880 2794 Implacu-

951 1329 1019 1362 bile,
1035 1327 1118 1368 quod
1137 1338 1197 1358 non
1214 1326 1287 1358 sinit
1302 1337 1335 1357 se
1358 1324 1477 1356 exorari
1493 1338 1499 1355 z
1523 1324 1611 1366 ἀμεί-

951 1378 1049 1418 λιχον
1062 1376 1140 1417 ἦτορ
1158 1377 1289 1417 ἔχουσα.
1318 1376 1447 1406 Homer.
1458 1374 1497 1405 ΙΙ.
1507 1374 1528 1404 i.
1540 1374 1614 1404 568.

954 1427 1073 1457 Numen
1088 1426 1252 1457 collective
1266 1425 1305 1456 de
1320 1424 1428 1456 tribus.
1467 1424 1614 1460 Carceris,

952 1475 1069 1511 tartari,
1081 1486 1142 1517 quo
1155 1474 1332 1506 detinentur
1344 1473 1497 1505 scelerati.
1534 1475 1615 1504 Ante

941 1524 1039 1566 fores,
1063 1524 1116 1556 ubi
1143 1534 1246 1555 earum
1279 1523 1387 1554 sedes:
1416 1522 1481 1553 vid.
1508 1522 1613 1564 Heyn.

953 1573 993 1605 ad
1008 1573 1137 1605 AEneid.
1153 1575 1194 1604 vi.
1211 1574 1284 1604 280.
1329 1574 1508 1609 Adamante,
1524 1572 1613 1610 ferro,

953 1623 1059 1655 ferreis
1082 1622 1236 1654 claustris.
1281 1622 1364 1653 Nam
1392 1621 1520 1664 ᾶόαμας
1541 1632 1612 1664 pro-

952 1672 1017 1714 prie
1032 1672 1071 1703 de
1093 1673 1180 1703 ferro.
1225 1672 1308 1702 Fast.
1330 1670 1377 1702 iii.
1395 1672 1468 1702 805.
1485 1682 1516 1702 ez
1538 1673 1613 1702 ada-

952 1729 1052 1752 mante
1079 1723 1198 1752 securis.
1243 1719 1407 1762 Quidquid
1436 1720 1548 1751 durum
1578 1725 1609 1751 et

951 1772 1027 1802 satis
1040 1772 1194 1802 munitum
1210 1776 1267 1806 est,
1285 1772 1511 1801 adamantinum
1523 1770 1612 1802 Grae·

954 1820 999 1850 cis
1021 1826 1053 1851 et
1067 1820 1188 1851 Latinis
1202 1819 1335 1850 dicitur:
1362 1818 1430 1850 vide
1452 1819 1557 1850 Graev.
1573 1819 1612 1850 ad

956 1869 1086 1901 Hesiod.
1108 1870 1195 1900 Scut.
1213 1880 1275 1899 ver.
1294 1869 1366 1899 136.
1411 1868 1510 1900 Furiae
1532 1874 1611 1899 tem-

953 1919 1035 1961 poris
1056 1919 1185 1950 fallendi
1207 1928 1303 1949 causa
1323 1929 1446 1959 angues,
1462 1927 1537 1959 quos
1556 1928 1612 1960 pro

953 1968 1102 2003 crinibus,
1121 1974 1173 1998 aut
1188 1967 1326 1998 crinibus
1341 1967 1493 2008 implexos
1506 1967 1616 2008 (Yirg.

954 2018 1068 2058 Geor-g.
1088 2017 1128 2048 iv.
1152 2016 1232 2055 482)
1257 2016 1425 2051 habebant,
1447 2017 1612 2055 pectebant,

952 2073 986 2097 ut
1008 2066 1109 2097 solent
1130 2066 1236 2096 otiosae
1260 2066 1360 2096 crines
1376 2075 1494 2095 curare.
1514 2065 1546 2096 ii.
1563 2065 1613 2096 12.

953 2115 1052 2146 Foeda
1066 2115 1181 2156 imago.

996 2166 1071 2196 454.
1113 2164 1386 2199 Quam—umbras,
1423 2169 1458 2194 ut
1493 2165 1613 2195 AEneas

953 2213 1109 2245 Didonem
1125 2212 1236 2254 Virgil.
1251 2212 1292 2243 vi.
1309 2214 1382 2244 452.
1398 2212 1452 2243 nbi
1473 2213 1613 2255 caliginis

950 2263 1034 2294 illius
1057 2263 1136 2294 ratio
1156 2262 1353 2293 describitur.
1398 2262 1560 2293 Sur-rexere
1580 2263 1612 2294 in

950 2313 1097 2343 honorem
1113 2311 1308 2343 advenientis
1319 2311 1408 2342 Deae.
1454 2312 1540 2342 Sedes
1553 2323 1613 2343 sce-

950 2364 1059 2393 lerata.
1105 2361 1218 2402 virgil.
1238 2362 1315 2392 AEn.
1329 2360 1370 2391 vi.
1392 2354 1469 2392 563.
1485 2362 1610 2392 scelera-

950 2419 1012 2442 tum
1027 2412 1136 2448 limen3
1165 2410 1271 2441 Tibul.
1311 2411 1351 2440 At
1374 2410 1610 2449 sceleratajacet

947 2462 1025 2491 sedes
1038 2462 1069 2490 in
1086 2466 1168 2490 nacte
1180 2459 1345 2501 profunda.

991 2510 1064 2539 456.
1085 2509 1203 2539 Viscera
1210 2507 1461 2549 praebebat‚etc.]
1481 2507 1532 2538 De
1541 2517 1609 2549 poe-

948 2557 996 2588 nis
1010 2557 1224 2589 infernalibus.
1269 2558 1351 2588 Fons
1372 2562 1403 2587 et
1425 2555 1538 2587 fundus
1554 2555 1608 2587 ha-

949 2618 1016 2637 rum
1029 2606 1203 2638 fabularum
1219 2612 1265 2637 est
1275 2605 1402 2637 Homeri
1418 2605 1482 2636 Od.
1495 2610 1533 2636 Λ.
1548 2606 1610 2637 575

949 2667 1017 2698 sqq.
1064 2656 1157 2687 Cous.
1175 2657 1291 2687 Noster
1304 2656 1346 2687 ib.
1361 2657 1422 2687 175
1436 2666 1506 2697 sqq.
1548 2655 1611 2685 Lu-

948 2711 1025 2736 eret.
1042 2704 1088 2736 iii.
1100 2706 1164 2736 995
1179 2715 1248 2747 sqq.
1259 2704 1298 2735 ‹le
1311 2705 1389 2735 vivis
1403 2704 1470 2735 haec
1485 2702 1610 2745 capien-

948 2754 989 2786 da
1004 2766 1071 2786 esse
1094 2761 1209 2790 monet,
1227 2761 1261 2786 ut
1276 2754 1429 2786 Tantalus
1446 2753 1487 2784 sit
1506 2753 1609 2794 imago
