1729 3207
406 207 1027 253 METAMORPHOSEON
1060 211 1180 254 LIB.
1213 213 1250 253 I.
1437 214 1522 257 127

140 322 262 369 Oret
285 339 458 387 opem3
488 340 769 387 nomenque
794 342 954 381 suum,
976 343 1222 391 casusque
1246 329 1492 391 loquatur.

137 399 302 447 Litera
325 417 412 464 pro
436 401 615 457 verbis,
643 418 793 465 quam
818 419 907 466 pes
933 403 982 450 in
1008 405 1209 468 pulvere
1234 406 1394 462 duxit,

134 475 367 540 Corporis
387 477 624 525 indicium
644 479 820 525 mutati
845 479 985 527 triste
1010 481 1218 543 peregit.
1412 485 1508 530 650

135 557 166 577 “
192 553 278 600 Me
305 553 539 602 miserum
556 554 598 601 !⁷’
636 555 883 602 exclamat
907 563 1047 620 pater
1073 557 1319 615 Inachus3
1360 557 1512 621 inque

328 632 572 694 gementis

131 706 395 765 Cornibus,
423 716 473 756 et
496 708 650 756 niveae
675 709 898 772 pendens
923 709 1113 757 cervice
1133 711 1376 773 juvencae,

131 789 161 807 “
183 784 272 832 Me
305 785 566 833 miserum!
605 785 902 847 ingeminat:
941 793 1059 833 tune
1096 802 1149 833 es
1179 787 1390 850 quaesita
1424 804 1513 852 per

324 880 513 919 omnes,

127 938 275 997 Nata,
301 941 419 988 mihi
438 941 627 989 terras?
662 947 717 988 tu
741 957 838 989 non
862 940 1063 988 inventa
1086 947 1282 1005 reperta

126 1016 310 1065 Luctus
335 1035 443 1067 eras
467 1019 645 1067 levior:
684 1018 881 1075 retices,
909 1035 1000 1066 nec
1025 1025 1199 1066 mutua
1222 1017 1402 1065 nostris

123 1094 273 1142 Dicta
297 1095 474 1154 refers3
515 1096 614 1143 alto
637 1102 832 1142 tantum
857 1095 1070 1160 suspiria
1093 1095 1235 1142 ducis

122 1171 359 1230 Pectore:
400 1172 638 1236 quodque
662 1189 814 1220 unum
838 1181 997 1237 potes,
1025 1174 1088 1221 ad
1113 1189 1225 1221 mea
1248 1173 1399 1220 verba
1424 1188 1498 1219 re-

319 1250 497 1313 mugis.

121 1325 189 1374 At
211 1327 302 1374 tibi
327 1343 419 1390 ego
446 1327 646 1390 ignarus
670 1328 913 1376 thalamos
941 1328 1202 1391 taedasque
1228 1327 1469 1390 parabam
1492 1345 1502 1384 ;

124 1402 354 1467 Spesque
372 1404 464 1451 fuit
484 1404 651 1466 generi
671 1405 790 1452 mihi
811 1405 986 1469 prima,
1009 1405 1229 1453 secunda
1249 1410 1503 1468 nepotum.

122 1479 199 1528 De
230 1497 379 1545 grege
410 1499 542 1530 nunc
576 1483 668 1529 tibi
691 1482 779 1539 vir,
807 1499 937 1530 nunc
969 1483 1032 1531 de
1064 1498 1213 1546 grege
1248 1488 1394 1528 natus
1419 1481 1505 1528 ha—

1407 944 1503 989 654

314 1560 524 1607 bendus.

1406 1562 1503 1606 660

118 1634 165 1682 N
170 1651 225 1683 ec
250 1635 388 1684 finire
412 1637 530 1685 licet
546 1645 711 1686 tantos
736 1639 856 1685 mihi
881 1644 1039 1685 morte
1064 1637 1258 1684 dolores
1278 1653 1287 1683 :

116 1827 240 1870 Lingua
261 1835 338 1861 tacet
349 1842 360 1868 ,-
384 1842 438 1861 nec
454 1843 507 1862 vox
522 1837 694 1872 tentataque
708 1843 772 1863 ver-

115 1878 149 1907 ba
163 1885 339 1918 sequuntur.
362 1879 474 1921 virgil.
489 1880 607 1911 AEneid
623 1881 677 1912 xii.
689 1882 770 1912 912:

118 1925 186 1957 Non
203 1939 321 1967 corpore
342 1935 415 1960 notae
434 1929 599 1971 Suffi'cinnt
619 1933 705 1967 vires,
721 1943 773 1962 nec

114 1986 167 2006 vox
177 1979 326 2008 autverba
336 1986 513 2018 sequuntur.
537 1979 664 2015 Statius,
674 1980 773 2011 Theb.

112 2024 154 2056 xi.
181 2026 261 2056 602:
298 2026 363 2058 Nec
390 2029 475 2059 verba
503 2030 558 2058 diu
588 2035 703 2059 tentata
730 2040 772 2060 se-

113 2080 261 2113 quantur.

156 2123 229 2155 649.
253 2124 371 2161 Litera,
385 2126 461 2167 etc.]
487 2126 608 2167 Regius
627 2126 770 2168 putabat,

112 2170 241 2212 figuram
263 2172 406 2215 intelligi,
421 2185 513 2216 quam
534 2175 628 2205 boum
652 2176 771 2216 ungula

110 2221 274 2262 exprimat.
308 2224 471 2260 Quomodo
486 2224 560 2254 inde
574 2229 662 2266 pater
674 2224 769 2255 filiam

112 2271 306 2310 agnovisset'!
328 2272 428 2303 Immo
437 2283 536 2309 mens,
547 2284 616 2314 quae
628 2273 659 2302 in
671 2284 768 2306 vacca

111 2326 309 2357 remanserat,
322 2321 455 2353 docebat
465 2333 534 2353 eam
548 2322 654 2354 literas
664 2322 680 2352 Ι
695 2327 726 2353 et
739 2323 766 2354 O

111 2367 191 2408 pede
205 2368 329 2401 ducere.

154 2417 227 2449 654.
262 2418 308 2448 Tu
333 2431 392 2450 ‘non
417 2420 568 2460 inventa]
597 2420 645 2450 Tu
672 2431 768 2462 quum

112 2465 250 2497 nondum
264 2467 391 2499 inventa
411 2479 505 2505 esses,
526 2469 674 2500 leviorem
693 2470 769 2500 mihi

112 2513 229 2546 luctum
243 2518 381 2554 creabas,
393 2529 487 2560 quam
498 2529 593 2555 nunc,
608 2525 769 2561 postquam

110 2570 230 2605 reperta
244 2576 287 2597 es.
330 2567 381 2598 Sic
395 2573 478 2598 recte
494 2567 602 2598 Heins.
618 2568 720 2598 locum
736 2573 767 2599 et

111 2613 278 2649 constituit,
292 2621 323 2646 et
337 2617 489 2658 exposuit.
526 2617 610 2648 Ante
626 2627 697 2648 eum
710 2628 767 2648 nu-

110 2661 264 2701 gabantur
274 2664 350 2695 Intt.
359 2665 390 2695 in
401 2665 578 2696 definiendo
593 2665 769 2696 discrimine

111 2711 198 2742 verb.
226 2715 355 2753 reperire
379 2720 410 2745 et
432 2716 578 2746 invenire.
637 2715 772 2756 Elegan-

842 1830 964 1863 Cereris
985 1829 1099 1865 verbis,
1116 1828 1170 1860 ubi
1191 1828 1376 1859 innotuisset
1399 1828 1446 1858 illi
1467 1827 1507 1859 de

840 1880 906 1911 filia
930 1890 949 1910 a
972 1880 1106 1910 Plutone
1130 1883 1229 1919 rapta,
1251 1878 1383 1908 Metam.
1403 1877 1458 1907 lib.
1477 1887 1508 1908 v.

840 1931 913 1960 518:
942 1929 984 1959 Et
999 1929 1120 1968 quaesita
1136 1929 1202 1962 diu,
1216 1928 1336 1957 tandem
1349 1927 1421 1956 mihi
1432 1932 1507 1957 nata

840 1985 958 2018 ‘reperta
973 1983 1015 2008 est
1028 1990 1037 2013 ,-
1062 1978 1093 2007 Si
1109 1978 1238 2016 reperire
1259 1986 1352 2011 vocas,
1368 1977 1507 2007 amittere

840 2029 968 2058 certius:
991 2032 1045 2057 aut
1069 2028 1094 2056 si
1116 2026 1199 2056 Scire
1223 2026 1274 2055 ubi
1298 2026 1349 2060 sit,
1373 2027 1507 2064 reperire

841 2087 935 2112 vocas,
954 2077 1030 2116 quod
1046 2075 1296 2116 rapta‚ferem·us.
1343 2073 1441 2110 Quasi
1457 2073 1505 2103 di-

838 2132 890 2156 cat
912 2125 1066 2156 Inachus:
1095 2124 1141 2154 Tu
1166 2127 1299 2159 inventa,
1321 2134 1381 2153 non
1403 2134 1431 2153 es
1456 2124 1504 2153 in-

837 2182 925 2205 venta
941 2182 1061 2211 tamen;
1086 2186 1174 2214 qnam
1188 2174 1322 2213 puellam
1340 2184 1382 2202 me
1398 2174 1502 2203 inven-

837 2231 940 2255 turum
968 2226 1116 2264 sperabam
1142 2224 1411 2262 desiderabamque,
1441 2233 1506 2253 ecce

835 2285 953 2304 vaccam
972 2275 1098 2304 invenio.
1143 2272 1255 2313 Itaque
1273 2273 1502 2301 tuidesideratae

837 2324 935 2354 luctus
969 2330 1032 2353 erat
1071 2323 1171 2357 levior,
1210 2333 1297 2361 quam
1331 2322 1375 2350 ita
1397 2321 1505 2362 forma

834 2379 953 2403 mutata
980 2375 1119 2403 inventae.
1157 2372 1260 2408 Quam
1292 2369 1503 2410 conjecturam

835 2432 937 2452 meam
971 2426 1081 2463 postea
1113 2420 1152 2450 ab
1188 2418 1258 2449 aliis
1290 2417 1503 2448 confirmatam

836 2472 948 2512 reperi.

880 2521 953 2550 658.
978 2519 1122 2560 Ignarus,
1138 2517 1233 2547 talem
1250 2521 1280 2547 te
1303 2521 1415 2546 sortem
1435 2525 1504 2545 ma·

834 2578 923 2599 nere:
949 2567 1021 2598 vide
1045 2567 1084 2597 ad
1100 2565 1143 2596 iii.
1160 2567 1189 2596 3.

878 2618 953 2649 659.
979 2618 1102 2651 Generi,
1119 2615 1196 2655 etc.]
1224 2612 1306 2644 Vide
1324 2623 1401 2643 vers.
1423 2611 1502 2652 481,

836 2668 910 2697 482.
933 2668 979 2696 vir
994 2665 1088 2696 etiam
1103 2664 1141 2694 de
1162 2669 1261 2697 tauro,
1277 2669 1311 2692 ut
1326 2661 1416 2701 Virg.
1432 2659 1504 2691 Ecl.

837 2715 890 2746 vii.
904 2716 934 2746 7.
949 2715 987 2745 de
1009 2724 1100 2756 capro
1120 2715 1258 2747 maritus,
1275 2710 1359 2752 apud
1380 2710 1457 2740 Hor.
1472 2708 1503 2739 I.

111 2758 169 2790 tior
183 2760 260 2792 mihi
280 2762 353 2793 olim
369 2763 508 2795 suboluit
523 2774 643 2799 sensus,
658 2774 695 2794 ex
711 2763 773 2794 illis
841 2764 903 2795 Od.
921 2763 994 2795 xvii.
1011 2764 1028 2793 7
1044 2775 1052 2801 3
1077 2763 1192 2793 abusus
1206 2767 1252 2792 est
1267 2758 1402 2801 ingenio.
