1763 3181
249 201 334 244 180

636 202 686 243 Ρ.
719 201 932 244 OVIDII
965 201 1244 244 NASONIS

249 317 347 364 Vix
371 317 541 364 oculos
567 317 747 365 attollit
771 317 949 375 humo;
989 333 1098 373 nec,
1126 324 1180 365 ut
1205 325 1318 365 ante
1344 317 1552 372 solebat,

247 393 278 441 J
283 400 433 441 uncta
459 393 580 441 Deae
606 393 764 449 lateri,
791 409 883 442 nec
908 401 1014 441 toto
1038 401 1117 442 est
1141 394 1336 457 agmine
1359 395 1543 458 prima:

249 470 353 518 Sed
379 470 522 527 silet3
562 476 613 517 et
636 469 740 517 laesi
766 470 854 518 dat
878 470 1020 533 signa
1044 471 1221 519 rubore
1248 471 1466 534 pudoris.

1534 472 1631 517 450

250 547 332 603 Et,
359 547 452 594 nisi
477 548 613 610 quod
637 547 773 610 virgo
799 555 890 604 est,
918 555 1113 612 poterat
1138 548 1320 596 sentire
1348 548 1511 595 Diana

250 623 391 672 Mille
416 625 545 672 notis
570 625 798 689 culpam:
841 625 1090 689 Nymphae
1116 626 1333 673 sensisse
1357 625 1595 673 feruntur.

251 701 387 749 Orbe
412 702 736 764 resurgebant
756 702 945 749 lunaria
968 718 1153 750 cornua
1176 718 1333 756 nono;

249 777 416 832 Quum
442 778 553 826 Dea
574 778 817 834 venatrix,
844 778 1073 826 fraternis
1099 778 1336 841 languida
1359 777 1589 834 flammis,

253 855 418 903 Nacta
441 871 616 903 nemus
649 855 885 919 gelidum,
912 856 976 904 de
1002 872 1100 919 quo
1129 871 1243 904 cum
1276 871 1525 902 murmure
1562 855 1631 901 la-

251 933 381 988 Ibat,
408 939 460 980 et
483 933 677 981 attritas
701 935 934 982 versabat
957 934 1088 981 rivus
1113 949 1302 982 arenas.

1365 934 1510 995 [bens
1535 934 1632 979 455

252 1010 323 1058 Ut
346 1011 456 1058 loca
477 1010 711 1068 laudavit,
739 1028 957 1060 summas
982 1012 1111 1076 pede
1135 1011 1345 1074 contigit
1369 1011 1554 1058 undas:

250 1086 344 1135 His
384 1103 586 1151 quoque
627 1088 857 1146 laudatis,
909 1094 940 1114 “
967 1088 1150 1136 Procul
1193 1094 1284 1144 est,
1328 1088 1411 1144 ait,
1454 1087 1635 1135 arbiter

446 1165 606 1212 omnis
627 1182 639 1213 :

251 1247 281 1265 “
309 1241 460 1289 Nuda
484 1241 758 1306 superfusis
783 1242 1068 1305 tinguamus
1092 1257 1300 1305 corpora
1323 1239 1592 1304 lymphis.''

250 1318 507 1365 Parrhasis
533 1319 757 1367 erubuit:
786 1326 979 1366 cunctae
1003 1320 1250 1366 velamina
1273 1325 1464 1382 ponunt
1485 1335 1495 1365 ε
1535 1319 1632 1364 460

252 1395 367 1442 Una
389 1411 551 1442 moras
577 1396 756 1459 quaerit
777 1413 787 1444 ε
816 1396 1063 1443 dubitanti
1088 1396 1239 1443 vestis
1265 1396 1502 1458 adempta
1525 1400 1628 1450 est;

250 1471 363 1526 Qua
386 1472 564 1536 posita,
591 1472 723 1519 nudo
745 1472 907 1536 patuit
931 1488 1045 1519 cum
1066 1488 1270 1536 corpore
1295 1472 1498 1519 crimen.

249 1548 505 1605 Attonitae,
533 1549 864 1613 manibusque
889 1557 1086 1598 uterum
1111 1550 1273 1597 celare
1297 1548 1498 1605 volenti,

249 1631 280 1650 “
307 1626 330 1673 I
352 1627 524 1691 procul
548 1626 680 1682 hinc,
707 1626 852 1683 dixit,
878 1642 968 1674 nec
994 1642 1159 1674 sacros
1185 1626 1351 1690 pollue
1375 1624 1587 1680 fontes,”

291 1815 366 1845 452.
391 1814 536 1855 Nymphas
559 1817 686 1851 sensisse,
706 1815 785 1855 etc.]
832 1815 907 1846 Per-

247 1863 370 1904 stringit
385 1868 416 1893 et
431 1862 481 1893 hic
498 1863 661 1893 libidinem
678 1864 908 1906 Nympharum,

249 1923 318 1954 quae
344 1913 414 1953 plus
430 1912 547 1953 virgine
568 1912 701 1943 scirent:
723 1912 785 1943 vid.
801 1914 908 1944 Burm.

247 1967 279 1993 et
294 1962 422 1993 Safftius
437 1962 476 1992 ad
493 1962 576 1993 hunc
591 1962 708 1993 locum.

293 2011 366 2042 453.
380 2012 456 2042 Orbe
468 2011 688 2052 resurgebant.]
700 2012 730 2042 N
734 2022 792 2042 ono
803 2022 908 2044 mense

249 2070 345 2101 quum
374 2059 475 2101 partui
504 2059 608 2091 vicina
633 2066 713 2091 esset
736 2061 905 2102 Nympha:

249 2110 328 2144 orbe,
346 2109 377 2139 in
392 2109 511 2139 orbem.

293 2159 368 2188 454.
388 2158 489 2192 Quum
502 2158 594 2198 Dea.]
612 2157 732 2199 Regius
747 2159 788 2189 B.
808 2158 907 2192 Quum

252 2208 317 2238 Dea
332 2208 489 2249 fraternis
511 2214 632 2239 venatu.
674 2207 791 2238 Venatu
811 2208 844 2238 id
863 2215 910 2239 est

250 2256 404 2292 venando,
429 2256 510 2287 inter
534 2256 710 2287 venandum
739 2257 909 2297 languida,-

250 2316 320 2347 quae
346 2305 439 2335 lectio
458 2304 533 2335 mihi
555 2305 692 2346 genuina
707 2304 852 2342 videtur;
879 2310 911 2335 at

251 2353 444 2395 importunus
464 2359 511 2383 est
525 2353 599 2383 ordo
615 2353 746 2395 phrasis.
786 2353 910 2384 Frater-

251 2405 298 2433 πίε
321 2404 469 2443 languida
484 2403 642 2442 flummis;
667 2402 790 2436 defessa
813 2401 910 2432 fervo—

251 2452 336 2483 ribus
364 2451 452 2488 Solis,
480 2450 582 2482 fratris
608 2451 667 2482 sui.
706 2451 820 2482 Laberis
840 2452 910 2488 ibat,

251 2501 424 2535 labebatur,
446 2505 482 2530 ut
496 2499 540 2530 iii.
557 2501 640 2531 388:
667 2511 836 2542 egressaque
858 2502 911 2530 sil-

251 2551 294 2580 vis
313 2550 389 2584 llmt,
408 2549 637 2589 egrediebatur.
675 2549 803 2580 Homer.
819 2549 858 2580 Il.
873 2553 911 2580 B.

252 2600 315 2629 302
330 2611 336 2628 1
362 2598 444 2639 ἔβαν
457 2597 615 2640 φέρουσαι.
628 2597 649 2629 i.
664 2608 692 2628 e.
707 2598 831 2640 ἔφερον.
870 2599 911 2629 Et

252 2649 387 2682 utti'ilas,
413 2652 475 2678 etc.
500 2646 666 2689 descriptio
690 2646 812 2689 limpidi
839 2647 909 2678 rivi.

254 2697 399 2738 Contigit,
414 2706 525 2738 nempe
539 2695 680 2727 tentandi
694 2706 800 2728 causa.
834 2698 910 2728 Om-

252 2745 303 2775 nia
318 2755 372 2787 per
386 2751 489 2786 partes
504 2743 663 2775 describit.
698 2746 842 2783 Arbiter‚·
870 2746 909 2777 iv.

977 1815 1040 1846 63:
1069 1815 1210 1846 Conscius
1237 1816 1330 1845 omnis
1347 1816 1436 1845 abest.
1471 1812 1634 1852 Quomodo

977 1863 1082 1894 Diana
1102 1863 1203 1904 tingui
1230 1873 1312 1904 aqua
1334 1863 1375 1893 sit
1397 1862 1499 1899 solita,
1523 1873 1561 1894 ex
1586 1861 1632 1894 iii.

979 1913 1035 1942 171
1053 1924 1122 1954 sqq.
1138 1912 1291 1943 videmus.

1019 1963 1093 1993 460.
1119 1962 1289 1997 Parrhasis,
1307 1961 1426 1993 Calisto
1449 1971 1531 1991 soror
1546 1960 1638 1992 Parr-

976 2009 1056 2041 hasii
1077 2010 1130 2052 qui
1152 2010 1339 2042 Parrhasida
1361 2010 1501 2042 condidit
1524 2009 1557 2040 in
1579 2009 1638 2040 Ar-

975 2059 1086 2132 cadi&
1110 2064 1142 2090 et
1169 2059 1236 2090 hoec
1260 2060 1334 2090 olim
1360 2058 1524 2090 Parrhasia
1551 2058 1638 2089 dicta

990 2109 1087 2133 uerat.

1019 2157 1095 2187 461.
1133 2157 1309 2192 Dubitanti,
1337 2156 1507 2192 cunctanti,
1535 2166 1637 2188 moras

977 2206 1141 2248 quaerenti,
1156 2217 1262 2237 secum
1288 2205 1493 2244 deliberanti;
1518 2205 1557 2237 de
1575 2216 1636 2247 quo

977 2266 1035 2287 usu
1050 2256 1121 2287 vide
1147 2256 1284 2287 Gronov.
1306 2255 1345 2286 ad
1371 2258 1484 2286 Senec.
1506 2255 1635 2297 Thyest.

978 2306 1050 2336 715.
1079 2306 1125 2336 Ex
1140 2316 1224 2336 more
1240 2316 1295 2336 suo
1310 2304 1442 2335 scribere
1458 2305 1616 2337 debuisset
1629 2317 1636 2335 :

983 2354 1052 2384 Una
1066 2356 1185 2385 dubitat
1199 2366 1209 2391 ,·
1233 2355 1399 2389 dubitanti,
1416 2359 1477 2385 etc.

1022 2403 1097 2433 464.
1114 2403 1244 2443 Sacros]
1270 2402 1340 2433 Deo
1356 2402 1450 2433 alicui
1465 2401 1638 2433 consecrati

979 2455 1050 2480 sunt
1074 2462 1181 2483 omnes
1205 2452 1324 2483 fontes:
1348 2451 1420 2482 vide
1448 2451 1569 2483 Ciosau.
1591 2451 1638 2482 ΙΙ.

979 2499 1064 2531 Fast.
1091 2502 1171 2531 174:
1200 2501 1262 2532 Nec
1291 2508 1387 2532 castas
1409 2503 1522 2542 pollue,
1548 2503 1637 2538 dixit,

977 2561 1080 2589 ctqiias.
1139 2550 1281 2591 Cynthia.
1319 2550 1434 2586 Diana,
1465 2561 1483 2581 a
1512 2550 1637 2593 Cyntho

978 2598 1051 2629 Deli
1068 2608 1184 2636 monte,
1199 2600 1250 2631 ubi
1266 2606 1352 2631 nata.
1387 2601 1527 2632 Set-edere
1550 2607 1637 2632 coetu.

977 2647 1155 2680 Secundum
1181 2649 1258 2680 alios
1278 2660 1297 2681 a
1317 2649 1423 2681 Diana
1439 2651 1487 2682 vel
1511 2656 1633 2692 sponte,

978 2698 1025 2728 vel
1042 2698 1061 2729 J
1065 2708 1165 2729 unone
1183 2697 1343 2734 incitante,
1359 2699 1479 2740 sagittis
1494 2698 1637 2730 confossa

977 2751 1023 2776 est
1039 2758 1045 2775 :
1071 2746 1140 2778 vide
1156 2746 1302 2789 Apollod.
