1729 3207
293 233 381 275 DE
413 233 629 275 OPERE
664 233 1315 277 METAMORPHOSEON.
1404 238 1502 280 xlvii

110 348 181 398 ris,
203 362 331 402 quam
345 347 733 389 vehementioribus
753 349 1148 402 perturbationibus
1168 352 1361 392 notandis
1380 366 1499 406 egre-

110 425 206 480 gius
234 425 387 467 artifex
414 425 578 467 Noster
600 426 827 480 reperitur.
876 426 1088 469 Paternus
1115 429 1309 471 adfectus
1337 432 1497 485 pauciS,

111 504 187 545 sed
208 505 332 554 bene,
353 505 436 546 viii.
460 505 562 554 210,
586 504 840 560 descriptus,

213 619 322 657 Inter
339 632 434 670 opus
451 619 692 670 monitusque
710 633 817 670 genae
835 619 1014 657 maduere
1033 620 1171 659 seniles

213 693 269 731 Et
287 693 420 744 patriae
437 700 628 731 tremuere
647 707 795 738 manus,

110 823 338 878 copiosius,
359 824 400 865 ii.
423 824 570 873 91-99,
589 824 632 864 in
659 823 845 874 Phoebo,
866 825 919 864 do
935 824 1127 879 pignora
1155 832 1283 876 certa,
1302 835 1406 878 etc.;
1440 837 1497 879 et,

109 904 163 943 vi.
187 902 390 952 496-510‚
417 903 460 943 in
485 902 708 944 Pandione
737 917 836 943 sene
868 902 996 943 filiam
1024 904 1274 947 dimittente.
1338 907 1501 949 Mater-

108 996 208 1022 num
230 982 428 1032 animum,
449 982 506 1023 ix,
530 983 705 1032 375-81,
728 983 901 1038 egregie
922 983 1080 1024 exserit
1104 984 1281 1039 Dryope
1302 986 1344 1026 in
1364 986 1498 1029 lotum

107 1060 330 1111 transiens,
362 1059 643 1102 sollicitudine
677 1061 730 1102 de
769 1060 845 1101 filii
886 1061 1139 1103 educatione
1177 1070 1304 1117 atque
1345 1064 1493 1108 salute.

110 1138 314 1180 Mutuum
339 1139 508 1192 juvenis
534 1138 788 1193 puellaeque,
811 1139 935 1180 taedae
958 1141 1055 1194 jure
1077 1141 1203 1195 jungi
1223 1143 1498 1197 cupientium,

110 1232 295 1259 amorem
321 1217 432 1259 bene
464 1217 668 1259 describit
697 1217 869 1272 Pyrami
900 1225 943 1259 et
968 1218 1156 1261 Thisbes
1185 1220 1342 1262 fabula.
1406 1222 1501 1263 Fla-

109 1296 420 1352 grantissimum
448 1297 594 1338 uxoris
621 1297 666 1337 in
692 1298 887 1338 maritum
916 1313 1101 1340 amorem
1126 1299 1350 1354 Halcyone
1372 1303 1503 1342 veris-

109 1376 211 1417 sime
242 1375 387 1426 refert,
415 1376 482 1426 xi3
514 1376 589 1417 ubi
612 1376 810 1417 maritum
839 1377 1123 1418 discessurum
1153 1393 1246 1420 esse
1275 1381 1497 1434 comperit,

109 1454 280 1505 416-43,
303 1461 346 1495 et
373 1455 417 1495 in
444 1454 632 1496 discessu
659 1455 767 1510 ipso,
790 1455 874 1497 464
894 1471 986 1510 sqq.
1010 1457 1207 1511 idemque
1229 1456 1299 1498 illo
1321 1459 1499 1500 absente

109 1534 259 1575 transit
282 1534 465 1589 primum
490 1535 533 1575 in
558 1535 830 1584 desiderium,
853 1536 1005 1577 573-81
1028 1553 1036 1577 :
1068 1552 1182 1587 mox,
1204 1538 1278 1579 ubi
1300 1539 1353 1580 de
1379 1540 1498 1580 obitu

107 1615 199 1669 ejus
221 1614 380 1655 somnio
401 1615 559 1655 monita
578 1621 656 1665 est,
678 1615 721 1656 in
737 1616 1030 1670 gravissimum
1050 1615 1211 1659 luctum
1231 1618 1433 1667 678-709,
1456 1627 1498 1660 et

108 1693 183 1734 ubi
209 1707 365 1747 corpus
389 1694 482 1748 ejus
506 1700 656 1735 natans
679 1695 886 1750 prospicit
907 1695 990 1736 716
1014 1710 1105 1750 sqq.
1158 1695 1306 1737 Mariti
1333 1697 1376 1737 in
1400 1712 1498 1738 con-

103 1772 251 1827 jugem
272 1771 457 1812 animum
477 1786 563 1813 non
582 1771 691 1814 male
715 1773 914 1827 exprimit
935 1773 1189 1824 Deucalion,
1210 1775 1236 1815 i.
1260 1776 1433 1824 351-62,
1456 1783 1499 1818 et

108 1849 241 1892 multo
276 1850 424 1892 melius
459 1850 693 1907 CephaIUS,
722 1853 789 1893 vii.
824 1852 909 1893 690
938 1852 1011 1894 fin.
1060 1853 1207 1894 Tetrae
1243 1860 1286 1894 et
1319 1854 1498 1896 furentis

107 1927 293 1971 libidinis
322 1935 517 1970 naturam
536 1931 658 1971 nobis
681 1931 866 1972 ostendit
887 1930 1070 1981 Tereus,
1091 1932 1144 1972 vi.
1168 1931 1251 1972 455
1272 1947 1364 1987 sqq.
1389 1948 1499 1974 sum-

107 2007 163 2048 mi
182 2006 337 2050 furoris
358 2007 541 2058 Procne,
563 2024 650 2050 ver.
675 2009 760 2051 610
779 2024 869 2064 sqq.
924 2009 1011 2051 Sed
1035 2010 1077 2050 in
1102 2010 1246 2065 primis
1275 2012 1498 2052 memorari

107 2092 324 2128 merentur
357 2085 464 2137 loca,
506 2087 550 2128 in
589 2088 744 2142 quibus
783 2088 1051 2142 perturbatio
1096 2088 1246 2129 mentis
1286 2103 1383 2130 cum
1417 2089 1498 2131 alia

108 2166 430 2220 perturbatione
471 2172 544 2207 aut
578 2181 675 2208 cum
715 2182 818 2208 sana
849 2167 1013 2207 ratione
1050 2167 1125 2208 diu
1159 2175 1339 2222 pugnat,
1373 2176 1421 2208 ut
1456 2169 1498 2209 in

109 2243 247 2285 animo
279 2243 467 2294 Medeae,
496 2245 564 2286 vii.
599 2244 651 2285 10
683 2260 774 2300 sqq.
811 2245 978 2301 Scyllae,
1001 2246 1083 2287 viii.
1119 2246 1264 2296 44-80,
1295 2245 1496 2297 Asthaeae,

109 2321 310 2372 462-511,
329 2322 540 2377 Byblidis,
562 2323 619 2364 ix.
638 2323 721 2364 473
739 2339 829 2379 sqq.
854 2324 1063 2379 Myrrhae,
1085 2340 1127 2365 x.
1145 2325 1231 2365 320
1251 2340 1343 2379 sqq.
1388 2325 1498 2367 Haec

109 2400 208 2441 satis
235 2402 437 2455 probant,
458 2402 675 2457 egregiam
696 2401 854 2444 Ovidio
874 2402 1004 2444 fuisse
1025 2403 1151 2444 animi
1170 2402 1343 2444 humani
1365 2404 1496 2445 scien-

109 2479 221 2520 tiam.
270 2479 427 2522 Parum
453 2488 615 2532 contra,
644 2483 685 2523 ii.
711 2482 914 2532 381-400,
945 2482 1140 2523 Phoebus
1169 2481 1324 2536 placet,
1355 2483 1427 2536 qui
1455 2483 1497 2523 in

106 2556 226 2600 luctu
249 2565 292 2600 et
316 2559 378 2600 ira
402 2558 553 2600 stultos
580 2559 771 2602 homines
791 2560 992 2601 imitatur.
1055 2559 1273 2601 Perversis
1299 2561 1499 2601 acumini-

110 2637 189 2677 bus
220 2644 443 2692 corruptas
468 2653 560 2679 esse
585 2637 810 2679 nonnullas
838 2640 929 2693 ejus
958 2639 1126 2694 generis
1153 2639 1407 2689 notationes,
1432 2646 1495 2690 ut,

109 2714 166 2755 iii.
188 2715 389 2766 463-692,
407 2718 496 2772 jam
520 2733 650 2773 supra
671 2725 736 2760 est
757 2719 1032 2760 admonitum.

169 2793 482 2844 Similitudines,
509 2797 664 2850 quibus
690 2812 759 2838 res
786 2798 920 2839 varias
945 2798 1010 2839 vel
1035 2797 1245 2840 illustrare
1273 2798 1404 2840 voluit
1432 2799 1497 2841 vel
