1729 3207
205 207 262 248 76
595 202 646 243 P.
681 198 892 242 OVIDII
927 198 1206 241 NASONIS

212 319 440 367 Flumina
455 319 560 381 jam
581 317 738 372 lactis,
760 316 865 378 jam
888 314 1092 362 flumina
1116 313 1330 362 nectaris
1356 313 1520 370 ibant3

208 397 458 459 Flavaque
483 395 546 442 de
569 393 710 441 viridi
737 391 991 439 stillabant
1016 391 1127 438 ilice
1158 391 1322 439 mella.

273 473 566 535 Postquam,
592 470 806 516 Saturno
831 468 1098 516 tenebrosa
1122 467 1171 514 in
1193 467 1399 529 Tartara
1421 466 1590 522 misso,

209 551 314 598 Sub
339 549 463 597 Jove
487 547 701 596 mundus
728 552 859 603 erat;
901 545 1053 592 subiit
1080 561 1380 592 ARGENTEA
1409 544 1589 608 proles,

209 628 343 674 Auro
369 625 598 679 deterior,
626 622 757 669 fulvo
782 621 1044 685 pretiosior
1068 638 1180 670 aere.

1498 623 1589 668 115

207 703 405 768 Jupiter
429 700 621 764 antiqui
645 697 894 746 contraxit
921 705 1146 763 tempora
1167 698 1322 756 veris3

212 899 299 930 annis
314 903 405 928 vacat
414 902 445 928 et
457 901 597 927 novatur.
641 895 773 926 Sensus:
799 893 869 924 Sin-

208 947 289 989 gulis
312 946 400 978 annis
418 956 475 978 sua
493 951 601 987 sponte
621 955 693 985 ager
715 944 870 974 frumenta

210 997 340 1033 serebat,
351 1005 408 1026 nec
423 999 501 1030 erat,
513 1004 566 1025 cur
582 992 708 1024 alternis
723 998 868 1024 cessaret.

213 1047 357 1081 canebat,
375 1043 520 1087 exprimit
541 1043 728 1074 albicantem
755 1041 869 1083 segetis

209 1095 356 1126 colorem.
374 1093 462 1135 Virg.
479 1093 548 1123 Ecl.
564 1092 607 1123 iv.
623 1093 674 1123 28.
691 1102 751 1122 non
767 1090 869 1124 mimis

208 1150 352 1180 venuste,
369 1145 449 1174 molli
461 1144 606 1185 flavescet
627 1152 744 1182 campus
759 1143 866 1172 arista.

208 1193 260 1224 Ita
285 1204 366 1224 eauae
390 1195 499 1228 aristae,
527 1192 568 1223 vi.
595 1191 668 1222 456.
714 1190 868 1226 Gravidis,

208 1242 310 1285 plenis
323 1252 497 1283 granorum,
509 1246 543 1272 ut
558 1239 601 1271 iii.
616 1241 691 1271 665.
727 1239 870 1270 Gravidis

210 1293 364 1332 corymbis.
408 1292 563 1322 Caeterum
591 1299 647 1320 sua
667 1294 776 1331 sponte
796 1288 869 1318 olim

210 1341 366 1372 frumenta
387 1346 461 1372 nata
482 1350 548 1370 esse
570 1349 696 1370 necesse
717 1344 779 1369 est:
806 1337 870 1368 vid.

210 1391 315 1433 Heyn.
340 1389 372 1420 in
397 1391 518 1432 Opusc.
544 1388 646 1419 Acad.
668 1393 692 1419 t.
714 1387 735 1419 i.
758 1399 788 1430 p.
809 1388 870 1419 339

208 1450 279 1481 sqq.

255 1489 329 1519 111.
356 1487 500 1518 Flumina
512 1488 582 1526 jam
602 1486 715 1526 Iactis.]
742 1485 792 1516 Sic
808 1485 871 1516 elo-

212 1538 389 1580 quebantur
412 1541 532 1566 veteres
556 1545 700 1576 magnam
723 1534 814 1565 lactis
840 1540 872 1564 et

212 1587 276 1619 vini
288 1586 420 1628 copiam,
431 1595 494 1626 qua
506 1590 643 1626 tempore
656 1594 748 1614 aureo
760 1594 872 1614 vacca—

210 1647 278 1668 rum
299 1636 395 1666 ubera
416 1634 563 1668 distenta,
580 1643 711 1674 uvaeque
733 1632 870 1674 gravidae

213 1691 311 1717 erant.
338 1683 449 1716 Omnis
460 1682 541 1713 enim
557 1682 647 1724 copia
661 1683 871 1723 cumflamine

213 1733 387 1776 comparari
401 1733 491 1764 solet.
516 1731 607 1773 Virg.
618 1731 686 1762 Ecl.
697 1732 756 1763 IV.
768 1743 798 1762 v.
811 1732 850 1761 21
862 1743 868 1761 ε

213 1785 286 1825 Ipsae
297 1785 374 1814 tacte
394 1784 510 1813 domum
526 1781 659 1822 reserent
673 1782 803 1811 distenta
821 1792 870 1811 ca—

210 1836 294 1875 pellae
312 1834 421 1864 Ubera.
443 1831 527 1862 Add.
540 1842 605 1862 ver.
621 1832 672 1861 29.
684 1836 716 1861 et
728 1830 833 1862 Tibul.
844 1831 870 1862 I.

214 1884 258 1915 iii.
274 1885 325 1914 45.
343 1883 394 1914 Ire
406 1882 449 1912 sic
466 1881 571 1916 etiam,
587 1880 621 1910 ii.
635 1880 708 1911 456.

260 1933 332 1963 112.
356 1931 453 1962 Mella
467 1930 622 1960 stillabant
637 1930 672 1959 de
689 1928 782 1969 ilica]
811 1928 873 1960 Vel

216 1981 290 2024 quia
303 1991 378 2022 apes
392 1979 425 2010 in
439 1979 511 2009 ilice
525 1979 610 2009 favos
625 1977 812 2014 condebant,
824 1978 873 2009 vel

215 2034 290 2074 quia
311 2030 385 2062 solia
397 2029 514 2070 ilignea
533 2027 595 2058 mel
619 2027 810 2069 eliquabant‚
826 2027 873 2058 id-

215 2091 277 2123 que
293 2085 356 2110 tam
370 2077 539 2120 copiosum,
555 2082 590 2108 ut
604 2076 634 2107 in
651 2082 763 2106 terram
776 2075 873 2107 deflu-

216 2135 292 2162 eret.
321 2128 395 2160 vid.
425 2128 529 2168 Heyn.
558 2126 597 2156 ad
625 2126 712 2167 Virg.
740 2125 808 2156 Ecl.
834 2125 875 2157 iv.

219 2180 272 2210 30.
300 2183 331 2209 et
359 2176 452 2209 Fabri
477 2174 614 2206 Historia
641 2175 768 2204 Mannae
796 2173 876 2205 inter

216 2228 377 2259 Ilebraeos.
399 2237 430 2267 p.
453 2226 560 2255 12-18.
603 2223 706 2254 Etiam
731 2223 822 2254 hodie
844 2223 876 2255 in

218 2277 295 2308 locis
317 2274 503 2318 quibusdam
516 2272 600 2304 Asiae
620 2272 700 2304 rivos
715 2283 876 2314 propemo-

218 2327 293 2358 dum
307 2324 408 2356 mellis
423 2324 455 2354 in
469 2323 554 2354 silvis
569 2322 725 2364 reperiunt
740 2323 872 2364 peregri-

219 2381 340 2411 nantes,
357 2380 392 2406 ut
406 2373 520 2404 docent
541 2371 715 2404 Itineraria.
766 2372 877 2403 Viridis

216 2424 355 2467 epitheto
369 2432 467 2466 genus
489 2431 658 2462 quercuum
679 2420 780 2451 hieme
799 2431 874 2462 quo-

219 2485 281 2516 que
304 2473 378 2504 folia
403 2471 540 2502 retinens
563 2469 697 2501 Ovidius
720 2469 876 2500 indicasse

220 2523 334 2555 Lenzio
360 2521 491 2552 videtur.
536 2519 642 2550 Potius
670 2519 702 2549 in
729 2521 817 2561 flava
846 2524 878 2550 et

217 2574 310 2605 viridi
332 2571 445 2611 imago,
468 2569 531 2600 sive
555 2569 640 2599 lusus
663 2567 744 2599 inest
766 2578 876 2610 parum

219 2620 407 2665 probanduS.

266 2671 339 2701 113.
357 2669 511 2708 Postquam
529 2666 687 2707 Saturna]
715 2666 876 2702 Saturnus,

219 2718 453 2761 antiquissimus
481 2727 533 2748 rex
563 2716 656 2753 Latii,
684 2722 820 2757 agrestes
845 2720 877 2747 et

220 2770 286 2802 sine
308 2768 427 2810 legibus
442 2766 582 2798 viventes
600 2765 740 2797 homines
757 2764 797 2796 ad
813 2775 876 2796 me-

936 894 1044 926 liorem
1060 895 1178 925 victum
1199 899 1230 924 et
1253 893 1371 924 cultum
1395 893 1593 924 traduxerat:

936 943 1024 985 Virg.
1041 944 1116 974 AEn.
1127 943 1190 973 viii.
1206 943 1360 974 314-329.
1404 941 1494 973 Idem
1510 940 1593 984 apud

937 994 1064 1025 Graecos
1079 993 1193 1024 fecerat
1208 993 1345 1035 Κρόνος,
1360 992 1416 1022 sub
1432 992 1521 1033 cujus
1535 991 1594 1022 im·

934 1042 1020 1085 perio
1043 1053 1169 1073 aureum
1192 1041 1332 1073 seculum
1352 1041 1445 1072 fuisse
1467 1041 1595 1072 diceba-

935 1099 994 1124 tur.
1039 1092 1151 1134 Itaque
1172 1091 1276 1122 Latini
1295 1090 1351 1121 hos
1369 1090 1431 1120 duo
1454 1101 1509 1132 pro
1532 1100 1596 1121 una

934 1152 1065 1184 persona
1085 1141 1270 1172 habuerunt.
1293 1139 1375 1170 Vide
1396 1139 1512 1181 Heynii
1533 1140 1596 1170 Ex-

936 1202 1016 1222 curs.
1041 1190 1080 1222 ad
1105 1190 1138 1221 d.
1165 1190 1186 1221 1.
1234 1190 1351 1220 Cronus
1374 1199 1445 1220 cum
1466 1189 1595 1231 reliquis

935 1240 1098 1271 Titanibus
1119 1239 1151 1270 in
1167 1239 1297 1270 Tartara
1311 1238 1473 1269 detrusus:
1498 1239 1595 1281 Apol-

936 1289 999 1321 lod.
1027 1288 1048 1319 i.
1076 1289 1107 1319 2.
1151 1289 1229 1319 Haec
1265 1293 1312 1319 est
1345 1286 1594 1324 Titanomachia,

938 1338 1220 1380 antiquissimorum
1235 1342 1395 1379 poetarum
1407 1336 1597 1367 carminibus

939 1388 1106 1423 celebrata,
1121 1387 1203 1418 unde
1224 1386 1323 1417 multa
1342 1385 1374 1416 in
1391 1385 1596 1426 Gigantoma·

936 1437 1040 1469 chiam
1055 1437 1216 1468 translata.
1260 1436 1406 1467 Ceterum
1423 1435 1456 1465 in
1474 1435 1533 1466 hac
1549 1446 1597 1466 ar-

900 1528 905 1531 x
937 1493 1049 1529 gentea
1073 1492 1165 1517 aetate
1187 1485 1265 1516 nihil
1289 1486 1403 1516 Noster
1427 1494 1445 1515 a
1469 1483 1598 1525 reliquis

937 1536 1036 1578 poetis
1056 1540 1215 1566 mutuatus
1237 1540 1294 1571 est,
1318 1533 1373 1564 sed
1395 1544 1486 1564 suum
1508 1533 1596 1575 inge-

938 1585 1023 1616 nium
1038 1590 1174 1616 secutus.

983 1635 1054 1664 114.
1069 1634 1130 1664 Sub
1144 1632 1243 1673 Jove.]
1269 1630 1348 1664 Ὑπὸ
1364 1632 1449 1669 Διὸς,
1466 1631 1523 1662 sub
1537 1630 1595 1661 im-

937 1683 1022 1726 perio
1043 1682 1142 1714 Jovis.
1187 1682 1297 1718 Subiit,
1313 1680 1473 1716 successit,
1488 1686 1597 1711 secuta

939 1738 995 1764 est.
1025 1731 1129 1762 Etiam
1143 1730 1174 1762 in
1189 1733 1276 1767 adiit,
1286 1732 1387 1765 rediit,
1398 1731 1499 1769 periit,
1511 1731 1599 1766 abiit,

939 1788 970 1813 et
993 1781 1155 1817 similibus,
1170 1780 1201 1811 in
1220 1779 1326 1822 primis
1348 1779 1380 1810 in
1399 1789 1528 1815 caesura,
1543 1788 1599 1821 po-

938 1837 1053 1862 strema
1079 1830 1201 1872 syllaba
1228 1828 1418 1872 producitur,
1447 1832 1598 1871 sequente

939 1881 1052 1913 vocali.
1598 1894 1601 1897 ›

974 1933 1045 1963 115.
1057 1931 1141 1961 Auro
1151 1927 1304 1968 deteriora]
1314 1925 1599 1969 ExHesiod.'Epy.

943 1982 1024 2012 127:
1050 1981 1137 2011 πολὺ
1159 1978 1338 2021 χειρότερον
1354 1975 1491 2019 χρυσέῳ.
1537 1976 1598 2007 De-

941 2032 1031 2062 terior
1047 2041 1081 2060 ac
1096 2030 1211 2060 decolor
1225 2034 1294 2058 aetos
1308 2026 1376 2056 haec
1392 2032 1537 2067 argentea
1549 2036 1598 2057 vr.

940 2082 1016 2112 AEn.
1028 2079 1094 2110 viii.
1111 2078 1184 2109 326.
1228 2079 1313 2108 Auro
1332 2081 1364 2106 et
1385 2086 1453 2111 cere,
1469 2085 1522 2116 pro
1543 2086 1598 2106 au-

941 2139 994 2160 rea
1015 2133 1047 2159 et
1073 2127 1202 2158 ahenea.
1249 2125 1424 2160 Pretiosior,
1450 2123 1598 2155 innocen-

941 2179 1009 2214 tior,
1025 2188 1096 2209 cum
1111 2180 1252 2218 respectu
1267 2174 1306 2205 ad
1317 2173 1456 2205 metalla.
1501 2173 1598 2205 Clau-

943 2228 1027 2259 dian.
1043 2225 1118 2258 xxii.
1130 2226 1191 2256 454
1205 2237 1212 2255 t
1237 2225 1366 2254 melioris
1381 2224 1457 2253 secla
1473 2223 1600 2254 metalli.

942 2278 1104 2319 Argentea
1117 2277 1258 2311 candent,
1268 2279 1299 2304 et
1310 2272 1410 2304 aureis
1424 2273 1513 2302 rutili
1524 2275 1600 2303 anni

943 2333 1025 2358 sunt..

988 2378 1060 2407 116.
1094 2376 1216 2414 Jupiter
1238 2372 1414 2412 contraria]
1448 2371 1493 2402 Ut
1515 2370 1599 2413 apud

943 2427 1032 2468 Virg.
1056 2426 1172 2465 Georg.
1204 2423 1225 2453 i.
1255 2423 1334 2453 131:
1359 2422 1484 2460 Jupiter
1511 2421 1601 2450 mella

941 2477 1068 2506 decussit
1080 2475 1182 2515 soliis,
1197 2473 1269 2502 rivis
1290 2471 1446 2502 currentia
1464 2470 1535 2499 vina
1553 2479 1599 2499 re-

941 2527 1055 2564 pressit,
1071 2529 1130 2554 etc.
1176 2522 1313 2561 Antiqui,
1335 2518 1466 2561 pristini,
1488 2524 1600 2560 praete-

942 2574 1003 2605 riti.
1035 2571 1145 2614 virgil.
1168 2570 1298 2602 AEneid.
1320 2569 1353 2600 ii.
1380 2569 1452 2599 137.
1474 2569 1601 2607 antiquo

938 2625 1039 2664 patria
1066 2622 1105 2652 de
1133 2619 1250 2652 exsule.
1294 2619 1409 2649 Noster
1436 2616 1515 2647 infra
1538 2626 1602 2646 ver.

944 2673 1017 2703 423.
1041 2673 1182 2711 antiquus
1210 2670 1311 2699 alveus
1340 2671 1372 2697 et
1400 2665 1444 2696 sic
1473 2664 1603 2696 centies.

948 2722 1035 2753 Vetus
1046 2721 1145 2761 patria
1160 2718 1249 2755 dixit,
1264 2717 1331 2748 Liv.
1347 2715 1368 2746 i.
1384 2717 1435 2747 35.
