1729 3207
410 216 1029 258 METAMORPHOSEON
1064 216 1182 257 LIB.
1217 217 1253 257 Ι.

136 332 296 379 Arbor
321 333 416 379 eris
442 338 592 387 certe,
620 331 764 387 dixit,
791 348 918 379 mea.

1437 219 1518 259 119

995 332 1204 395 Semper
1229 333 1485 379 habebunt

136 408 207 456 Te
231 425 388 465 coma,
409 415 459 456 te
484 409 704 464 citharae,
727 414 777 455 te
802 415 998 465 nostrae,
1023 407 1198 464 Laure,
1220 409 1480 471 pharetrae.

135 484 210 531 Tu
235 485 446 532 ducibus
474 485 628 532 Latiis
654 484 832 540 aderis,
861 501 1014 548 quum
1038 485 1154 532 laeta
1176 485 1482 548 triumphum

134 562 246 609 Vox
266 570 426 618 canet,
453 569 503 609 et
521 563 694 625 longas
714 562 875 609 visent
895 561 1146 626 Capitolia
1165 579 1390 626 pompas
1419 565 1510 609 561

134 638 371 686 Postibus
396 639 638 702 Augustis
665 639 840 686 eadem
866 639 1106 686 fidissima
1130 651 1298 686 custos

132 714 263 763 Ante
286 715 416 762 fores
441 715 625 773 stabis3
666 715 982 778 mediamque
1006 717 1211 764 tuebere
1237 732 1491 779 quercum.

136 792 305 856 thue
324 809 488 841 meum
514 793 721 840 intonsis
742 800 895 857 caput
919 800 996 841 est
1011 794 1232 856 juvenile
1258 793 1478 857 capillis;

132 868 207 916 Tu
219 886 420 933 quoque
435 878 701 934 perpetuos
719 888 914 935 semper
924 888 1039 934 gere
1050 871 1236 919 frondis
1252 869 1514 918 honores.''

133 947 350 995 Finierat
370 948 538 996 Paean.

602 949 768 996 Factis
793 950 942 997 modo
969 948 1159 997 Laurea
1183 948 1331 996 ramis

1419 951 1513 995 566

130 1024 346 1084 Adnuit3
376 1032 532 1089 utque
558 1033 724 1089 caput,
751 1025 856 1073 visa
876 1033 953 1073 est
978 1027 1197 1088 agitasse
1223 1041 1478 1072 cacumen.

172 1147 246 1177 558.
270 1148 366 1176 Arbor
393 1158 456 1177 mea
479 1157 517 1177 ex
541 1157 634 1182 more,
651 1157 712 1188 quo
736 1147 790 1177 Dii

131 1196 254 1226 arbores
269 1196 420 1237 quasdam
441 1196 472 1226 in
496 1197 595 1227 tutela
616 1207 673 1227 sua
694 1196 789 1227 habe-

128 1245 215 1276 bant.
239 1246 289 1277 Cf.
318 1247 390 1278 710.
437 1246 609 1276 Habebunt.
654 1246 789 1276 Laurum

130 1295 283 1330 habebant,
304 1295 392 1326 lauro
412 1302 521 1326 ornata
546 1301 647 1331 erant,
673 1295 788 1331 omnia,

129 1355 198 1386 quae
224 1344 329 1384 Apoll.
353 1350 467 1381 essent,
490 1344 600 1386 tripus,
626 1344 788 1386 templum,

130 1400 225 1430 vates,
240 1394 372 1426 victores
390 1394 529 1435 Pythici.
576 1395 648 1436 Ipse
668 1395 699 1425 in
721 1404 786 1424 mo-

129 1443 284 1474 numentis
306 1443 441 1474 cernitur
455 1444 504 1474 vel
519 1443 682 1474 redimitus
702 1453 787 1473 coro-

129 1504 169 1524 na
187 1493 304 1530 laurea,
319 1493 369 1524 vel
391 1499 515 1536 gestans
538 1493 647 1524 dextra
669 1503 787 1523 ramum

128 1543 278 1574 laureum.
323 1543 416 1574 Unde
434 1542 549 1585 Apollo
567 1542 785 1584 δαφνηφόρυςε

127 1592 198 1624 vide
230 1593 398 1635 Spanhem.
424 1593 464 1624 ad
504 1592 631 1624 Callim.
657 1592 688 1623 h.
714 1591 787 1622 Del.

128 1645 179 1675 91.
228 1643 267 1674 Te
294 1644 427 1674 citharae.
478 1642 560 1673 Hinc
594 1640 725 1672 laureati
757 1640 788 1671 in

124 1703 218 1723 scena
231 1691 408 1723 citharoedi.

169 1743 245 1773 560.
272 1741 318 1771 Tu
332 1743 468 1778 ducibus,
483 1741 561 1781 etc.]
590 1740 788 1771 Vaticinatur

129 1792 241 1834 Apollo
257 1791 289 1822 in
304 1791 452 1822 honorem
467 1791 676 1821 Romanorum
694 1795 788 1831 atque

129 1841 264 1882 Augusti
278 1854 284 1871 :
309 1841 342 1871 h.
359 1851 388 1872 e.
401 1846 495 1883 poeta
509 1840 654 1871 adulatur
668 1839 787 1870 civibus

126 1891 190 1921 suis
226 1896 321 1932 atque
347 1890 499 1931 Augusto.
545 1890 664 1920 Laurus
703 1889 785 1930 apud

127 1939 286 1970 Romanos
323 1939 442 1980 insigne
480 1944 546 1969 erat
583 1944 614 1969 et
648 1937 785 1968 victoriae

128 1989 227 2029 (unde
254 1990 359 2019 laurus
383 1999 437 2030 pro
461 1988 528 2030 ipsa
547 1987 676 2018 victoria
698 1988 785 2029 poni-

126 2037 204 2078 tur,)
215 2045 246 2069 et
262 2038 408 2080 triumphi
423 2050 430 2069 ς
455 2048 589 2078 namque
604 2042 674 2079 post
688 2036 786 2078 impe-

127 2094 239 2119 tratam
263 2088 421 2119 victoriam
448 2087 666 2129 imperatorum
689 2086 785 2117 literae

126 2144 157 2169 et
178 2138 286 2174 fasces,
309 2138 506 2178 militumque
528 2136 645 2167 lanceae
671 2141 702 2166 et
723 2136 786 2177 pila

128 2188 214 2219 lauro
229 2188 426 2218 ornabantur.
471 2186 550 2216 Inde
565 2196 653 2227 porro
674 2196 692 2216 a
708 2192 785 2216 tem-

128 2248 200 2278 pore
216 2236 349 2268 Caesaris
369 2236 570 2277 imperatores
592 2234 786 2276 triumphan-

129 2293 175 2316 tes
190 2296 334 2317 coronam
350 2286 488 2316 lauream
509 2285 611 2326 capite
627 2284 785 2325 gerebant,

128 2346 311 2377 ramumque
328 2335 470 2365 laureum
493 2344 587 2364 manu
613 2334 783 2364 tenebant:

128 2384 198 2415 vide
222 2385 304 2415 Plin.
328 2385 370 2415 H.
386 2385 430 2414 N.
453 2395 506 2414 xv.
530 2385 592 2421 303
615 2382 668 2413 ubi
693 2382 786 2413 etiam

129 2444 230 2464 causae
245 2439 522 2465 commemorantur
537 2432 629 2474 hujus
643 2433 721 2463 tanti
733 2432 785 2462 ho-

130 2483 210 2514 noris
238 2483 324 2514 lauro
352 2482 463 2513 habiti.
511 2482 617 2517 Latiis,
646 2480 783 2511 Latinis:

130 2532 199 2562 vide
215 2532 326 2563 Heins.
372 2533 490 2566 Aderis,
510 2541 615 2561 eorum
637 2529 741 2572 capita
756 2535 787 2560 et

129 2591 238 2612 manus
266 2580 400 2611 ornabis.
446 2581 497 2611 Ita
523 2583 630 2614 adesse,
655 2591 686 2610 x.
718 2581 786 2609 142.

129 2630 168 2661 de
182 2641 328 2672 cupressu
343 2643 348 2660 ε
374 2632 471 2661 aderis
486 2631 666 2671 lugentibus.

172 2680 243 2710 561.
281 2679 413 2710 Currum
441 2678 660 2720 triumphantis
689 2678 786 2708 antei-

130 2729 205 2759 bant
226 2729 340 2770 captivi
366 2735 397 2759 et
421 2739 468 2759 res
489 2728 571 2758 bello
596 2734 717 2769 captae3
741 2737 787 2757 se-

131 2778 304 2818 quebantur
324 2777 448 2812 milites,
467 2776 538 2807 hinc
560 2778 652 2812 [0119ae
668 2787 785 2815 pmnpae.

858 1147 977 1178 Milites
997 1156 1112 1188 magna
1132 1152 1164 1176 et
1184 1146 1252 1176 laeta
1274 1156 1339 1176 vore
1360 1146 1517 1180 canebant,

857 1198 891 1229 Io
912 1198 1085 1240 triumphe!
1122 1197 1240 1228 Urbem
1262 1194 1404 1237 ingressi,
1430 1201 1516 1237 pete-

855 1248 931 1278 bant
951 1258 1004 1289 per
1026 1246 1107 1277 viam
1128 1256 1247 1277 sacram
1272 1245 1465 1284 Capitolium,
1484 1250 1518 1274 ut

856 1298 898 1327 ibi
914 1297 1029 1327 hostias
1043 1301 1225 1332 mactarent,
1237 1294 1372 1335 Jovique
1388 1293 1516 1335 Capito-

856 1347 917 1377 lino
933 1352 1004 1377 vota
1020 1345 1227 1388 persolverent
1242 1357 1247 1374 :
1262 1343 1331 1374 vide
1349 1343 1514 1374 IV.Trist.

855 1396 887 1426 ii.
903 1397 941 1426 51
959 1406 1028 1436 sqq.

896 1446 969 1476 562.
995 1445 1131 1475 Postibus
1146 1444 1305 1485 Augustis,
1318 1442 1394 1482 etc.]
1414 1441 1514 1482 Supra

854 1495 932 1526 fores
956 1494 1069 1525 Palatii
1099 1494 1200 1524 civica
1225 1504 1241 1523 e
1267 1504 1377 1533 quercu
1403 1500 1516 1521 corona

854 1555 1002 1586 suspensa
1026 1549 1102 1578 erat,
1125 1549 1157 1573 et
1183 1543 1222 1573 ad
1246 1549 1412 1583 utrumque
1436 1541 1517 1570 latus

856 1595 961 1623 laurus
971 1594 1083 1627 stabat,
1096 1590 1291 1633 triumphalis
1303 1591 1391 1621 arbor
1405 1602 1412 1619 ε
1431 1591 1519 1620 Fast.

855 1643 895 1673 iv.
925 1644 1009 1678 593;
1034 1642 1097 1672 ΙΙΙ.
1125 1641 1218 1671 Trist.
1243 1641 1265 1671 i.
1292 1640 1431 1671 35—48.
1460 1639 1511 1669 uhi

855 1693 960 1735 plures
985 1693 1052 1734 ejus
1073 1690 1195 1722 honoris
1217 1701 1330 1721 causae.
1375 1688 1517 1719 Eandem

855 1743 991 1772 arborem
1011 1747 1042 1772 et
1066 1740 1170 1772 Graeci
1191 1746 1262 1770 ante
1283 1739 1362 1769 sores
1382 1738 1515 1768 colloca-

853 1792 949 1822 bant:
975 1791 1114 1832 Hesych.
1132 1790 1163 1820 in
1180 1789 1336 1830 Κώμυθα,
1371 1788 1453 1818 Plin.
1468 1788 1513 1818 H.

855 1841 896 1871 N.
916 1842 965 1872 15.
984 1842 1024 1871 30
1039 1851 1110 1881 sqq.
1128 1840 1180 1870 39.

897 1890 1069 1921 563.T11eri
1079 1887 1262 1930 exquisitius
1272 1898 1379 1929 quam,
1391 1887 1515 1917 habere.

896 1941 971 1971 565.
998 1939 1126 1969 Fraudis
1151 1938 1298 1978 honores]
1324 1937 1396 1968 Jam
1426 1937 1514 1967 arbo-

854 1989 895 2020 ris
910 1995 1052 2020 naturam
1073 1999 1110 2018 ex
1126 1987 1233 2029 mytho
1254 1987 1411 2028 ingeniose
1427 1996 1515 2027 repe-

854 2039 903 2069 tit.
950 2038 1037 2068 Folia
1052 2037 1114 2067 dici
1130 2037 1229 2067 solent
1244 2047 1339 2067 comae
1354 2036 1515 2071 arboru1n3

854 2089 909 2119 sed
925 2098 1006 2119 nunc
1018 2087 1071 2118 illa
1085 2086 1268 2128 exquisitius
1280 2091 1371 2127 poeta
1382 2084 1515 2115 circum-

854 2139 976 2169 locutus
992 2143 1048 2172 est,
1061 2137 1187 2178 frondis
1203 2136 1333 2166 honores.
1378 2134 1513 2165 Praeive-

854 2193 901 2218 rat
916 2187 1007 2228 Virg.
1024 2187 1140 2227 Georg.
1157 2184 1191 2215 ii.
1216 2186 1297 2216 405:
1324 2184 1470 2225 Frigidus
1487 2189 1513 2213 et

854 2238 935 2268 silvis
949 2238 1049 2277 aquilo
1059 2237 1183 2266 decussit
1199 2235 1344 2264 honorem.

898 2287 972 2317 566.
998 2286 1100 2320 Poean,
1116 2284 1230 2326 Apollo
1252 2294 1270 2314 a
1285 2283 1396 2314 Graeeo
1412 2282 1512 2318 παίω,

854 2337 877 2366 i.
904 2346 934 2366 e.
959 2333 1138 2376 Θεραπεὺω,
1166 2343 1253 2363 sano.
1299 2332 1404 2362 Schol.
1428 2331 1515 2362 Aris—

855 2384 942 2427 toph.
967 2384 1007 2414 ad
1029 2382 1115 2413 Plut.
1140 2382 1213 2412 636.
1257 2381 1339 2411 Scal.
1356 2381 1443 2411 Poet.
1459 2380 1514 2410 lib.

854 2434 874 2463 i.
891 2443 961 2474 cap.
972 2431 1057 2462 xxiii.
1068 2435 1087 2448 ‘⁴
1102 2429 1298 2461 Acclamatio
1313 2429 1383 2466 fuit,
1397 2429 1424 2460 ’ἱε
1441 2430 1514 2465 παῖ,

854 2482 879 2513 ἵε
905 2483 977 2517 παῖ,
1001 2480 1083 2511 unde
1106 2490 1219 2511 nomen
1233 2479 1372 2521 Apollini
1395 2480 1512 2510 factum

855 2531 943 2561 aiunt
968 2530 1062 2560 certis
1089 2528 1217 2571 syllabis
1246 2527 1371 2563 additis,
1400 2528 1514 2563 παιὰν,

856 2578 975 2615 παιὼν,
992 2577 1158 2616 παιί]ων.”
1204 2576 1269 2607 Alii
1285 2576 1378 2607 etiarn
1402 2587 1513 2606 nomen

855 2630 883 2659 ei
901 2628 1051 2658 inducunt
1067 2638 1085 2657 a
1098 2626 1226 2661 παύων,
1248 2626 1369 2655 nimbos
1389 2635 1516 2655 sanans.

860 2678 959 2708 Factis
975 2679 1074 2712 rumis,
1087 2676 1158 2707 vide
1175 2676 1213 2706 ad
1230 2676 1309 2705 Met.
1326 2674 1356 2704 ii.
1370 2675 1443 2705 487.

899 2727 972 2757 567.
997 2727 1151 2759 Aduuerc,
1173 2723 1372 2757 κατανεύειν,
1394 2723 1515 2764 signum

856 2785 1008 2805 assensus.
