1763 3181
238 192 323 234 374
630 191 680 232 P.
714 190 925 232 OVIDII
958 191 1236 233 NASONIS

242 308 428 354 Vectus
453 312 558 353 erat
574 306 770 367 juvenis
791 324 802 363 3
846 305 1109 369 Scythicas
1133 307 1402 354 advertitur
1426 323 1563 355 oras:

241 383 353 431 Rex
379 383 445 430 ibi
472 382 671 446 Lyncus
697 389 824 430 erat:
854 383 983 445 regis
1010 384 1143 430 subit
1168 384 1249 431 ille
1269 391 1491 447 penates.
1521 388 1617 432 650

241 460 353 514 Qua
375 459 554 516 veniat,
581 474 883 521 causamque
906 459 1012 515 viae,
1041 476 1320 523 nomenque
1346 469 1562 523 rogatus,

243 537 307 584 Et
361 536 601 601 patriam;
661 541 692 559 “
718 535 889 583 Patria
940 544 1017 584 est
1064 537 1207 585 clarae
1256 538 1423 594 mihi,’'
1473 539 1614 594 dixit,

438 620 470 638 “
495 613 735 671 Athenae3

237 691 570 755 Triptolemus
595 706 801 747 nomen;
842 691 952 738 veni
978 707 1069 739 nec
1094 708 1261 756 puppe
1287 708 1375 755 per
1398 693 1571 748 undas,

238 768 345 816 Nec
370 769 497 832 pede
522 784 610 832 per
634 774 816 815 terras:
856 768 1016 832 patuit
1039 769 1159 815 mihi
1184 769 1380 832 pervius
1407 769 1575 816 aether.

238 846 384 893 Dona
403 845 504 893 fero
527 844 745 902 Cereris3
773 845 899 891 latos
921 861 1032 907 quae
1055 861 1228 908 sparsa
1247 861 1334 909 per
1355 861 1496 908 agros
1522 849 1619 893 655

236 921 513 984 Frugiferas
538 937 744 977 messes,
771 921 1105 984 alimentaque
1131 922 1270 969 mitia
1295 923 1552 970 reddant.’'

238 986 488 1046 Barbarus
513 988 714 1055 invidit,
757 998 980 1061 tantique
1005 1006 1060 1046 ut
1084 999 1302 1047 muneris
1328 1007 1499 1047 auctor

234 1075 353 1140 Ipse
379 1076 459 1133 sit,
486 1075 701 1139 hospitio
727 1075 919 1138 recipit,
948 1091 1222 1139 somnoque
1243 1084 1497 1139 gravatum

233 1152 536 1215 Aggreditur
558 1152 712 1199 ferro:
748 1160 1010 1200 conantem
1034 1153 1187 1216 figere
1211 1161 1387 1217 pectus

235 1231 408 1294 Lynca
433 1230 587 1278 Ceres
612 1230 756 1287 fecit3
797 1246 1066 1293 rursusque
1093 1247 1180 1294 per
1205 1247 1319 1278 aera
1341 1230 1476 1278 misit
1522 1233 1619 1278 660

235 1307 562 1372 Mopsopium
581 1308 817 1370 juvenem
843 1323 1008 1354 sacros
1035 1308 1220 1370 agitare
1239 1308 1450 1370 jugales

300 1384 519 1432 Finierat
541 1385 700 1432 dictos
726 1402 752 1432 e
778 1384 920 1432 nobis
948 1385 1166 1432 maxima
1190 1392 1382 1433 cantus.

233 1460 302 1508 At
326 1460 576 1524 Nymphae
601 1461 778 1509 vicisse
805 1461 955 1518 DeaS‚
983 1460 1227 1510 Helicona
1250 1463 1486 1517 colentes,
1525 1464 1620 1508 663

234 1537 483 1585 Concordi
502 1537 673 1585 dixere
699 1554 846 1586 sono:
887 1537 1110 1598 convicia
1132 1540 1274 1586 victae
1459 1538 1618 1599 [vobis

233 1614 398 1669 Quum
430 1616 682 1678 jacerent:
725 1621 756 1639 “
781 1615 1077 1671 Quoniam,''
1113 1616 1256 1672 dixit,
1297 1621 1327 1640 “
1350 1615 1619 1663 certamine

235 1691 547 1756 Supplicium
595 1692 833 1740 meruisse
886 1708 1060 1756 parurn
1108 1700 1200 1748 est,
1250 1692 1614 1756 maledictaque

432 1770 592 1834 culpae

237 1855 340 1886 firmat
367 1855 501 1887 Robert.
531 1855 719 1898 Stephanus,
745 1857 777 1887 in
808 1856 892 1888 The·

235 1914 325 1936 sauro
339 1905 430 1947 Ling.
440 1906 510 1936 Lat.
523 1905 562 1936 ad
575 1916 642 1936 voc.
658 1907 739 1942 Asia,
753 1906 806 1937 ubi
821 1917 892 1937 eum

235 1953 355 1985 videas.

275 2003 351 2034 650.
391 2004 453 2035 Rex
480 2006 520 2035 ibi
544 2004 667 2045 Lyncus
689 2012 774 2036 erat.-
812 2005 890 2046 etc.]

232 2051 388 2093 Hyginus,
403 2053 465 2084 sab.
488 2055 562 2085 259.
586 2060 617 2084 et
640 2054 831 2090 Lactantius,
851 2054 891 2085 ad

230 2101 332 2133 Theb.
357 2101 408 2141 iv;
432 2103 505 2134 658.
531 2103 670 2143 Lyncum
700 2103 818 2134 faciunt
844 2103 891 2134 Si-

233 2150 314 2181 ciliae
342 2161 468 2193 regem;
502 2151 656 2193 Micyllus
684 2158 714 2183 et
744 2152 891 2183 Munker.

233 2209 305 2230 vero
334 2199 378 2231 ibi
408 2211 532 2243 quoque
563 2201 731 2241 legendum
765 2208 891 2232 censent

231 2249 368 2290 Scythiae.
413 2251 516 2281 Etiam
542 2250 718 2286 Carnabon,
742 2250 891 2282 Getarum

231 2309 297 2335 rex,
308 2298 423 2330 similes
432 2299 621 2341 Triptolemo
631 2299 760 2331 insidias
771 2300 892 2331 struxit.

232 2347 350 2389 Hygin.
363 2349 400 2379 P.
415 2348 456 2380 A.
471 2349 503 2380 ii.
522 2350 571 2381 14.

275 2397 349 2427 651.
387 2397 467 2433 Qua,
499 2398 672 2439 qnomodo3
709 2408 823 2440 puppe,
851 2408 891 2429 an

231 2445 377 2487 pedibus.

274 2494 346 2525 660.
373 2495 479 2535 Lynca
502 2496 589 2526 Ceres
599 2495 709 2537 fecit]
733 2495 888 2537 Hyginus,

231 2542 339 2574 sabula
365 2544 445 2574 259:
470 2544 564 2575 Ceres
589 2555 656 2574 eum
684 2546 827 2575 convertit
858 2547 890 2576 ιἰι

232 2593 347 2632 lyncem
362 2595 439 2624 varii
454 2594 568 2629 coloris,
584 2600 619 2623 ut
632 2596 690 2633 ipse
705 2595 794 2624 varice
808 2606 889 2625 men-

231 2643 269 2671 tis
297 2644 449 2673 enitet-ut.
508 2642 656 2674 Similiter
685 2643 830 2674 Lactant.
857 2644 889 2675 in

231 2690 309 2731 Arg.
327 2694 358 2721 in
374 2692 480 2733 seram
505 2695 551 2722 sui
576 2694 702 2723 nominis
723 2704 888 2729 conversus,

231 2751 343 2771 morum
373 2752 490 2771 suornm
521 2742 615 2772 colore
643 2744 801 2773 distinctus
834 2750 887 2772 est.

960 1857 1074 1888 Noster
1088 1857 1168 1888 hanc
1184 1856 1387 1888 mutationem
1402 1867 1462 1887 non
1476 1865 1531 1898 per
1546 1866 1617 1897 par-

960 1911 1007 1937 tes
1029 1905 1185 1942 describit,
1202 1905 1276 1947 quia
1299 1906 1331 1936 in
1354 1906 1456 1936 Musae
1481 1904 1616 1936 carmine

960 1955 1057 1986 obiter
1071 1961 1193 1986 tantum
1209 1960 1476 1985 commemoratur.
1522 1953 1619 1984 Misit.

961 2004 1052 2045 Regii
1082 2003 1176 2034 nostri
1206 2004 1323 2034 habent
1341 2003 1459 2043 ιφἰιεείες
1496 2003 1618 2033 Latinae

960 2053 1074 2095 linguae
1109 2052 1342 2084 convenientius
1372 2052 1498 2093 quidem
1522 2054 1620 2091 jussit

957 2105 1096 2145 agitare;
1126 2108 1158 2133 at
1182 2105 1262 2133 misit
1288 2105 1407 2144 agitare
1434 2108 1480 2132 est
1508 2101 1620 2132 Graeca

958 2151 1108 2193 syntaxis,
1146 2150 1288 2193 ἔπεμψεν
1328 2150 1489 2186 ἐλαύνειν,
1523 2160 1619 2191 quarn

958 2200 1062 2232 multis
1099 2199 1250 2242 exemplis
1287 2199 1434 2230 Heinsius
1469 2198 1616 2230 illustrat.

962 2251 1140 2291 Mopsopius,
1174 2248 1374 2281 Atheniensis
1409 2259 1428 2279 a
1463 2248 1617 2290 Mopsopo

960 2311 1042 2341 rege.
1079 2300 1169 2341 Virg.
1184 2299 1248 2331 Cir.
1269 2299 1339 2329 128.
1358 2298 1505 2338 Mopsopio
1520 2299 1617 2328 dente.

958 2350 1094 2390 Jugales.
1139 2348 1299 2380 Schirach.
1312 2347 1413 2378 intell.
1430 2358 1524 2387 equos.
1553 2348 1616 2378 Im-

959 2410 1009 2429 mo
1024 2398 1174 2430 dracones
1190 2397 1342 2438 intellige,
1353 2397 1405 2438 qui
1416 2397 1518 2438 juncti
1530 2402 1618 2427 erant

958 2448 1073 2480 currui.

1000 2498 1076 2528 662.
1102 2497 1239 2527 Finierat
1251 2498 1345 2527 dictos
1359 2495 1495 2535 cautim]
1520 2493 1615 2526 Codi-

956 2556 1007 2577 ces
1023 2545 1130 2582 nostri,
1144 2548 1240 2576 ‹loctos
1250 2558 1261 2583 ;
1286 2545 1317 2576 id
1332 2544 1521 2575 vocabulum
1535 2544 1615 2574 bene

956 2595 995 2625 de
1024 2597 1162 2626 cantibus
1196 2596 1380 2633 Musarum3
1402 2594 1496 2624 immo
1525 2594 1618 2623 dictos

955 2644 1093 2686 languet.

999 2695 1074 2726 664.
1114 2694 1261 2724 Com-ordi
1294 2704 1371 2729 sono,
1401 2690 1618 2723 consentiente

958 2753 1045 2773 voce.
