1763 3181
389 174 1007 217 METAMORPHOSEON
1039 173 1157 214 LIB.
1195 173 1284 214 ΙΙΙ.
1437 174 1522 215 257

144 290 308 346 Hunc,
325 291 512 346 dixere,
535 298 702 338 tamen
728 289 975 345 comitem,
997 289 1337 352 famulumque
1360 304 1521 335 sacro-

340 384 447 414 rum

146 443 383 507 Cepimus
403 462 413 492 :
454 452 503 492 et
527 445 726 491 tradunt
750 444 977 490 manibus
1003 450 1116 506 post
1140 450 1280 505 terga
1303 442 1483 504 ligatis,

146 521 298 568 Sacra
314 521 408 569 Dei
427 523 678 585 quondam
689 520 945 584 Tyrrhena
960 527 1107 582 gente
1126 526 1408 582 sequutum.
1429 522 1523 566 576

209 597 405 662 Aspicit
449 600 580 646 hunc
628 598 782 646 oculis
830 597 1103 663 Pentheus,
1145 613 1269 661 quos
1313 596 1383 642 ira
1426 602 1523 642 tre-

342 676 548 723 mendos

147 750 378 800 Fecerat:
418 760 468 800 et
492 769 778 816 quanquam
804 767 962 815 poenae
988 750 1070 797 vix
1095 756 1320 812 tempora
1345 749 1524 804 differt,

147 833 176 851 “
206 828 249 875 O
267 830 497 893 periture,
519 838 704 893 tuaque
725 829 832 877 aliis
852 829 1151 875 documenta
1166 827 1338 873 dature
1383 827 1526 887 [tum‚

147 904 360 962 Morte,''
382 907 465 963 ait,
491 913 520 931 ‘⁶
539 908 630 954 ede
657 914 797 955 tuum
822 922 1018 961 nomen,
1046 920 1327 966 nomenque
1354 919 1528 966 paren-

150 979 216 1028 Et
239 984 476 1045 patriam3
506 984 756 1046 morisque
784 983 894 1030 novi
920 998 1006 1029 cur
1032 997 1172 1028 sacra
1195 978 1529 1042 frequentes.’'

152 1057 243 1107 Ille
262 1067 398 1108 metu
413 1077 622 1108 vacuus:
645 1068 673 1085 “
694 1061 889 1108 Nomen
909 1059 1075 1114 mihi‚”
1095 1058 1237 1113 dixit,
1258 1062 1287 1080 “
1302 1056 1501 1104 Acoetes
1519 1074 1530 1113 ;

192 1203 265 1234 577.
290 1205 403 1244 Aspicit
418 1204 526 1244 huna]
566 1204 709 1235 Bacchus
739 1215 806 1235 mu-

150 1256 216 1283 tata
237 1252 335 1284 forma
359 1253 523 1285 adducitur
537 1254 670 1289 vinctus,
687 1253 806 1284 minan—

149 1300 236 1343 tique
251 1303 394 1334 Pentheo
415 1309 447 1334 et
461 1303 558 1334 vitam
577 1313 665 1334 suam
688 1309 809 1334 enarrat

150 1355 181 1381 et
214 1351 356 1383 miranda
389 1352 510 1383 Bacchi
547 1352 642 1383 facta.
696 1352 809 1383 Confer

151 1400 279 1432 Homeri
306 1401 412 1443 hymn.
445 1402 562 1433 Bacch.
587 1413 617 1443 p.
641 1402 693 1432 83.
736 1402 810 1433 Ern.

152 1449 271 1491 Hygini
286 1451 384 1482 fabul.
398 1452 457 1482 134
471 1463 479 1490 3
507 1451 650 1493 Apollod.
661 1452 723 1481 III.
740 1463 769 1482 v.
780 1453 809 1482 3.

154 1500 232 1536 Quae
243 1499 470 1541 Aglaosthenes
485 1500 516 1531 in
531 1500 662 1532 Naxicis
676 1501 810 1531 tradide-

152 1553 209 1585 rat,
222 1550 374 1591 excerpsit
384 1551 499 1592 Hygin.
515 1551 552 1581 P.
564 1550 604 1580 A.
619 1550 639 1580 i.
656 1552 704 1581 17.
729 1551 809 1581 Con-

154 1597 198 1629 fer
209 1604 240 1629 et
251 1599 361 1630 Senec.
373 1599 445 1631 OEd.
458 1600 519 1630 449
531 1610 599 1641 sqq.
614 1605 655 1635 et,
670 1599 723 1641 qui
734 1610 810 1641 pau-

152 1646 198 1678 cis
220 1658 283 1679 rem
309 1649 424 1690 attigit,
448 1650 587 1691 Propert.
607 1649 670 1679 III.
686 1660 739 1679 xv.
756 1650 810 1680 25.

154 1696 272 1728 Omnes
289 1697 323 1728 in
345 1708 382 1729 eo
407 1698 616 1734 consentiunt,
646 1698 812 1738 Tyrrhenos

154 1752 265 1777 nautas
279 1757 388 1789 rapere
403 1747 537 1778 voluisse
554 1747 728 1783 Bacchum,
745 1758 809 1778 eos-

154 1805 216 1837 que
232 1801 371 1832 cunctos,
387 1802 498 1838 praeter
517 1797 750 1837 gubernatorem
767 1797 813 1837 pi-

155 1854 219 1881 um,
233 1844 266 1875 in
286 1845 449 1887 delphinos
471 1856 536 1877 esse
558 1850 703 1881 mutatos,
720 1856 815 1886 quum

157 1898 250 1924 antea
268 1900 398 1936 repente
412 1894 501 1925 variae
526 1893 614 1924 navis
636 1900 738 1936 partes
763 1894 817 1925 he-

157 1942 233 1974 dera
252 1949 284 1974 et
302 1943 457 1986 pampinis
479 1948 581 1974 essent
605 1943 818 1974 circumdatae.

158 1991 281 2034 Nempe
296 1992 336 2023 ad
350 1992 598 2023 commendanda
617 2002 706 2023 sacra
727 1992 818 2034 hujus

158 2040 232 2076 Dei,
248 2041 286 2071 ab
299 2040 425 2072 homine
443 2048 474 2072 et
489 2041 569 2072 inter
589 2041 728 2072 homines
742 2041 817 2077 nati,

159 2089 304 2130 fingenda
320 2096 406 2121 erant
421 2090 520 2121 multa
541 2090 692 2121 miracula
712 2096 744 2121 et
764 2101 816 2121 ex-

160 2139 265 2180 empla
301 2138 460 2169 hominum
492 2140 530 2170 ab
560 2150 596 2170 eo
632 2139 818 2181 punitorum.

159 2188 234 2219 Post
254 2187 409 2219 Homeric.
424 2189 531 2230 hymn.
545 2188 671 2230 plurimi
691 2194 721 2219 et
736 2188 768 2219 in
783 2199 819 2219 eo

160 2237 346 2278 conspirant,
371 2237 479 2268 Naxon
505 2248 576 2268 eum
600 2237 746 2279 navigare
767 2248 820 2268 vo-

160 2286 267 2322 luisse,
285 2286 349 2317 sive
365 2286 439 2328 quia
454 2286 596 2317 Naxicus
612 2287 740 2328 scriptor
755 2287 817 2328 pri-

161 2345 230 2366 mus
241 2336 304 2366 fab.
316 2335 478 2367 invenerat
490 2341 744 2372 exornaveratve,
756 2337 820 2367 sive

162 2385 237 2425 quia
249 2384 306 2416 illa
320 2384 421 2416 insula
436 2385 539 2426 Orgiis
555 2385 694 2416 celebris.
728 2385 819 2416 Com-

162 2433 252 2465 mode
279 2441 382 2466 autem
408 2435 522 2466 Noster
547 2435 615 2465 haec
645 2434 820 2470 admiscuit,

162 2483 275 2526 partim
303 2483 376 2525 quia
401 2483 662 2525 metamorphosin
694 2484 821 2520 habent,

163 2543 226 2574 qua
241 2531 362 2574 reliqua
385 2532 478 2574 hujus
498 2532 612 2563 fabulae
634 2543 705 2574 pars
726 2538 821 2569 caret,

163 2580 276 2623 partim
290 2581 364 2622 quia
378 2581 519 2612 Penthea
539 2581 649 2611 docere
669 2586 822 2622 poterant,

165 2640 259 2671 quam
274 2635 383 2672 potens
396 2629 450 2660 ille
469 2630 557 2661 Deus
572 2635 663 2661 esset.
708 2630 823 2661 Narra-

164 2678 207 2709 tio
222 2678 288 2709 haec
304 2679 454 2720 praeclara
469 2685 516 2710 est
531 2685 562 2710 et
581 2684 700 2709 morata
715 2679 748 2709 in
762 2678 823 2721 pri-

165 2728 234 2764 mis,
258 2728 376 2769 longior
401 2734 516 2764 tamen,
540 2738 634 2769 quam
661 2734 696 2758 ut
721 2727 825 2758 furens

875 1204 1033 1234 Pentheus
1046 1202 1129 1233 omni
1153 1210 1241 1231 aures
1263 1199 1430 1241 praebuisse
1452 1199 1535 1230 credi

875 1252 980 1294 possit.
1024 1252 1093 1281 Hoc
1107 1249 1201 1281 sensit
1215 1248 1281 1290 ipse
1296 1254 1407 1290 poeta3
1431 1247 1536 1289 itaque

876 1313 965 1332 versu
981 1302 1043 1332 692
1059 1300 1148 1341 quasi
1163 1298 1394 1330 excusationem
1407 1297 1464 1328 sibi
1480 1309 1536 1339 pa—

876 1356 934 1385 rat,
960 1349 1013 1380 sed
1040 1360 1101 1379 non
1126 1348 1200 1379 satis
1229 1347 1448 1388 probabiliter3
1483 1346 1537 1387 qui

878 1399 960 1430 enim
988 1404 1106 1429 attente
1136 1397 1190 1428 diu
1217 1396 1350 1426 alterum
1378 1396 1475 1430 audit,
1502 1406 1539 1426 eo

877 1449 944 1490 ipso
967 1448 1107 1483 consilio,
1123 1454 1158 1477 ut
1183 1449 1229 1477 ira
1253 1448 1328 1476 vires
1350 1456 1430 1474 mara
1452 1446 1538 1474 absu-

877 1509 953 1528 mere
975 1504 1076 1536 posset,
1093 1496 1130 1531 is,
1146 1506 1177 1526 re
1199 1495 1334 1536 cognita,
1350 1504 1411 1524 non
1436 1493 1536 1523 dirum

878 1546 1068 1588 supplicium
1094 1544 1245 1576 decernit.
1292 1544 1449 1574 Caeterum
1476 1543 1538 1573 Lu-

878 1596 961 1627 cian.
989 1595 1021 1626 in
1046 1595 1134 1625 Dial.
1160 1594 1277 1624 Marin.
1306 1592 1411 1628 tradit,
1432 1591 1540 1633 praelio

877 1645 975 1675 victos
990 1655 1057 1674 esse
1072 1643 1246 1685 Tyrrhenos
1262 1653 1280 1672 a
1295 1640 1432 1671 Baccho.
1470 1640 1539 1670 Tre-

878 1695 1004 1728 ·mendos,
1033 1693 1104 1732 igne
1134 1691 1305 1728 micantes3
1348 1689 1429 1730 ignis
1457 1689 1539 1719 enim

880 1749 1003 1772 tremere
1032 1741 1156 1772 dicitur.
1214 1740 1322 1775 Edere,
1352 1743 1388 1768 ut
1413 1738 1433 1768 i.
1464 1739 1538 1769 761.

884 1791 980 1821 Tuum
1012 1802 1126 1825 nomen,
1165 1794 1226 1820 etc.
1283 1788 1361 1818 Haec
1391 1786 1449 1818 tria
1479 1787 1541 1817 sere

880 1839 954 1870 olim
969 1840 1065 1880 quaeri
1082 1838 1223 1869 solebant
1239 1847 1276 1867 ex
1293 1835 1433 1867 advenis.

924 1890 998 1919 582.
1022 1889 1142 1923 Acaetes,
1160 1886 1318 1924 Ἀκοὶτης.
1348 1885 1416 1915 Hoc
1432 1894 1543 1914 nomen

882 1937 935 1968 alii
957 1936 1200 1978 interpretantur
1223 1934 1361 1976 vigilem,
1386 1933 1461 1974 quia
1486 1944 1542 1973 gu-

882 1987 1075 2017 bernatorem
1092 1985 1180 2016 navis
1194 1984 1323 2025 vigilem
1343 1993 1462 2024 semper
1478 1992 1544 2012 esse

884 2041 1043 2077 oporteat3
1067 2034 1118 2065 alii
1144 2039 1261 2069 contra,
1279 2038 1343 2062 tam
1364 2041 1544 2073 pauperem,

884 2091 918 2115 ut
933 2084 1028 2115 cubili
1045 2088 1148 2114 careat
1162 2095 1167 2112 ε
1183 2082 1269 2124 prius
1282 2091 1399 2116 verum,
1415 2080 1546 2110 alterum

885 2133 1037 2175 ineptum.
1090 2131 1180 2162 Idem
1207 2141 1318 2161 nomen
1347 2128 1545 2170 gubernatori

887 2182 980 2213 etiam
995 2181 1078 2224 apud
1094 2180 1277 2222 Hyginum3
1293 2178 1348 2209 sed
1364 2178 1396 2208 in
1409 2178 1546 2208 Homero

888 2231 1022 2262 Medicles
1045 2230 1168 2260 dicitur.
1215 2228 1343 2258 Maeonia
1365 2232 1410 2256 est
1434 2224 1546 2266 Lydia,

887 2291 906 2312 a
933 2281 1121 2315 Maeonibus,
1148 2278 1256 2320 priscis
1285 2276 1392 2319 Lydiae
1420 2275 1548 2312 colonis,

887 2330 931 2361 sic
946 2329 1040 2360 dicta.
1085 2327 1190 2359 Etiam
1211 2326 1294 2368 apud
1317 2324 1458 2367 Euripid.
1474 2325 1547 2355 464.

887 2379 1094 2419 interrogatus
1108 2376 1196 2414 ὅστις
1214 2377 1240 2407 εἷ
1255 2374 1359 2417 γένος,
1372 2373 1547 2416 respondet,

890 2427 993 2459 Λυδία
1014 2427 1068 2468 μοὶ
1089 2424 1222 2467 πατρίς.
1267 2424 1330 2455 Sed
1351 2423 1446 2465 paulo
1462 2428 1546 2458 ante,

888 2487 979 2507 versu
1002 2476 1074 2507 576.
1103 2475 1261 2515 Tyrrhena
1283 2479 1372 2514 gente
1394 2471 1550 2513 profectus

889 2526 1074 2566 fingebatur,
1104 2529 1197 2564 atque
1227 2522 1333 2557 etiam,
1359 2530 1449 2550 versu
1477 2520 1550 2550 696.

893 2575 1066 2615 Tyrrhenus
1087 2579 1226 2614 vocatur.
1271 2570 1375 2601 Etiam
1398 2569 1551 2599 Homerus

891 2625 921 2655 d.
933 2624 953 2655 1.
972 2623 1028 2654 hos
1052 2621 1171 2653 Bacchi
1193 2626 1332 2650 vectores
1352 2623 1444 2648 vocat
1469 2622 1549 2658 Τυρ-

891 2674 1022 2712 σηνοὺς,
1042 2682 1060 2702 a
1078 2682 1139 2713 quo
1160 2680 1217 2701 nec
1238 2668 1426 2699 dissentiunt
1448 2667 1551 2698 caeteri

892 2728 1041 2757 auctores,
1081 2719 1228 2762 Apollod.
1265 2717 1382 2759 Hygin.
1416 2716 1548 2747 Lucian.
