1763 3181
429 193 1052 236 METAMORPHOSEON
1084 193 1205 236 LIB.
1236 194 1346 237 VII.
1489 196 1575 238 487

180 307 280 355 Vix
298 309 427 356 bene
444 309 624 355 missus
644 316 764 366 erat,
778 325 868 356 nec
878 311 985 372 jam
1000 315 1301 372 poteramus,
1320 309 1404 356 ubi
1420 317 1569 367 esset,

182 384 321 432 Scire
340 402 349 432 ε
378 386 563 448 pedum
582 386 771 432 calidus
792 386 1002 447 vestigia
1020 385 1179 449 pulvis
1201 387 1444 444 habebat;
1474 389 1569 433 775

180 461 298 525 Ipse
323 462 480 509 oculis
506 470 706 526 ereptus
732 470 866 510 erat:
906 479 1003 509 non
1030 463 1164 509 ocior
1189 462 1272 508 illo

178 537 356 594 Hasta,
383 555 476 586 nec
502 555 728 586 excussae
754 547 980 586 contorto
1005 541 1209 587 verbere
1234 539 1458 601 glandes,

179 613 288 661 Nec
311 615 620 678 Gortyniaco
645 617 866 662 calamus
891 615 1013 662 levis
1039 615 1144 662 exit
1169 616 1230 662 ab
1257 631 1390 662 arcu.

180 690 336 738 Collis
362 708 492 756 apex
511 692 662 739 medii
687 692 926 754 subjectis
953 683 1178 739 imminet
1201 692 1356 738 arvis:

177 767 344 815 Tollor
369 785 443 824 eo,
471 769 716 831 capioque
743 769 854 816 novi
881 769 1170 832 spectacula
1194 784 1396 815 cursus:
1473 771 1570 814 780

178 849 290 903 Quo
314 851 463 897 modo
489 851 747 913 deprendi,
775 851 922 897 modo
949 867 1001 898 se
1028 851 1307 897 subducere
1331 851 1392 897 ab
1417 850 1526 913 ipso

176 925 395 974 Vulnere
419 927 525 973 visa
548 927 652 974 fera
676 934 781 974 est:
822 943 913 974 nec
938 927 1094 974 limite
1119 927 1300 973 callida
1325 933 1478 981 recto,

177 1001 237 1049 In
263 1003 540 1066 spatiumve
564 1003 719 1065 fugit3
762 1004 850 1049 sed
876 1003 1065 1066 decipit
1090 1019 1175 1050 ora
1200 1003 1474 1065 sequentis,

177 1077 244 1125 Et
268 1079 396 1126 redit
419 1079 469 1126 in
495 1095 689 1142 gyrum,
713 1095 775 1125 ne
801 1079 864 1125 sit
890 1096 1008 1126 suus
1034 1079 1251 1143 impetus
1277 1079 1425 1126 hosti.
1472 1082 1567 1126 784

175 1155 410 1203 Imminet
424 1155 521 1210 hic,
536 1155 862 1218 sequiturque
878 1171 1070 1218 parem:
1092 1156 1367 1218 similisque
1378 1155 1570 1202 tenenti

175 1231 290 1279 Non
310 1238 464 1288 tenet,
488 1239 538 1279 et
562 1248 743 1278 vacuos
771 1239 974 1278 exercet
998 1232 1047 1278 in
1073 1248 1187 1279 aera
1212 1248 1425 1278 morsus.

172 1307 253 1354 Ad
272 1303 428 1370 jaculi
451 1309 678 1355 vertebar
704 1324 879 1370 opem:
921 1309 1056 1370 quod
1081 1309 1292 1355 dextera
1314 1309 1463 1354 librat

173 1384 308 1431 Dum
333 1400 459 1438 mea,
488 1385 606 1430 dum
626 1384 807 1446 digitos
834 1385 1045 1431 amentis
1067 1385 1236 1432 indere
1257 1391 1412 1440 tento,

173 1460 383 1508 Lumina
407 1461 606 1516 deflexi,
634 1467 965 1522 revocataque
989 1477 1158 1507 rursus
1184 1461 1360 1507 eodem

174 1538 517 1594 Rettuleram;
548 1537 727 1592 medio,
756 1538 959 1583 mirum!
995 1538 1094 1584 duo
1120 1554 1365 1585 marmora
1389 1554 1566 1601 campo

172 1614 406 1678 Aspicio:
445 1614 615 1677 fugere
641 1614 751 1669 hoc,
779 1614 902 1660 illud
927 1614 1106 1661 latrare
1131 1622 1349 1678 putares.
1469 1617 1559 1661 791

902 1817 951 1836 sus
967 1803 1069 1846 (olim,
1087 1810 1118 1835 et
1141 1804 1173 1835 in
1195 1804 1304 1846 Regiis
1326 1803 1436 1835 nostris
1461 1803 1563 1835 minus

214 1806 287 1836 775.
313 1806 448 1841 Calidas,
464 1805 497 1835 in
517 1816 579 1847 quo
604 1804 708 1836 calida
732 1804 835 1836 adhuc

901 1856 982 1885 bene
998 1855 1113 1893 vanus)
1130 1853 1205 1884 dum
1220 1855 1332 1895 vulpes
1355 1864 1388 1884 se
1413 1853 1562 1884 subducit

168 1854 317 1891 recentia,
355 1855 487 1896 vestigia
524 1855 651 1897 pedum.
699 1856 834 1885 Glaudes

168 1903 335 1945 plumbeae.
389 1904 566 1940 Cretenses,
597 1914 726 1944 quorum
760 1904 834 1934 urbs

170 1953 318 1993 Gorcyne,
356 1952 539 1983 nobilissimi
586 1958 675 1983 erant
707 1952 831 1993 jacula-

167 2007 258 2037 tores,
296 2001 632 2043 praestantissimosque
662 2001 831 2036 faciebant,

168 2061 258 2081 arcus
288 2056 320 2081 et
348 2050 490 2091 sagittas.
548 2051 666 2081 Confer
692 2050 724 2080 ii.
748 2051 831 2088 727;

167 2098 230 2130 xiV.
246 2100 320 2130 825.
353 2099 473 2135 Ver-ber,
490 2099 589 2129 lorum
606 2098 721 2129 fundae.
748 2099 830 2135 Erit,

170 2148 285 2178 avolat.

211 2198 284 2229 780.
312 2198 478 2228 Tollunmr
502 2207 575 2227 aves
601 2196 632 2227 in
658 2207 741 2233 aera,
759 2197 830 2228 hinc

167 2252 199 2278 et
223 2246 276 2288 qui
300 2247 475 2277 ascendunt
499 2246 531 2276 in
553 2251 702 2276 montem.
739 2247 832 2285 Capio

166 2297 349 2336 spectacula,
366 2302 485 2337 specto,
506 2302 540 2325 ut
556 2295 598 2325 iii.
615 2296 689 2325 246.
736 2296 828 2330 Nori,

165 2344 311 2375 inauditi.
349 2344 498 2385 Sequitur
525 2345 611 2374 locus
640 2354 701 2373 non
729 2344 831 2374 minus

165 2393 324 2434 ingeniose
350 2393 496 2434 scriptus,
517 2403 610 2433 quam
631 2392 651 2422 i.
673 2393 737 2423 533
761 2403 830 2433 sqq.

165 2452 261 2483 quem
291 2442 443 2472 conferas.
504 2442 626 2479 Decipit
663 2440 828 2481 exquisite,

166 2490 288 2531 effugit.
336 2491 383 2520 Ne
403 2492 440 2521 sic
462 2500 544 2522 suus,
563 2497 623 2519 etc.
639 2499 677 2519 ne
699 2488 741 2518 uti
759 2499 829 2529 pos-

166 2539 209 2570 sit
222 2539 353 2581 impetu,
369 2550 430 2580 quo
452 2539 531 2569 solet
548 2538 579 2568 in
595 2538 731 2580 praedam
749 2537 829 2568 ferri.

212 2590 287 2620 785.
307 2590 427 2626 Parem,
445 2599 557 2630 nempe
581 2599 685 2619 cursu.
722 2588 828 2618 Verba

165 2640 425 2669 immutet—cenet
441 2637 687 2668 condonabimus
701 2636 826 2677 ingenio

168 2687 286 2723 Ovidii,
313 2688 397 2729 quod
423 2686 514 2717 nimis
537 2688 719 2717 immoratur
744 2686 825 2726 ejus-

167 2735 251 2766 modi
277 2737 380 2767 rebus.
424 2735 485 2766 Sed
510 2736 588 2766 bene
614 2745 724 2765 vacuus
750 2745 825 2765 mor-

901 1904 1066 1939 morsibus,
1085 1910 1119 1934 ut
1141 1903 1228 1934 canis
1250 1903 1291 1933 nil
1312 1903 1370 1933 nisi
1390 1913 1463 1933 aera
1481 1913 1561 1933 mor-

900 1952 986 1983 deat.
1034 1952 1187 1993 Exempla
1208 1952 1323 1982 similia
1339 1952 1432 1982 habet
1447 1952 1561 1982 Heins.

902 2002 1020 2032 Morsus
1056 2012 1188 2032 eiiercere
1235 2000 1429 2041 exquisitius,
1465 2011 1561 2042 quam

899 2051 1050 2081 mordere.
1086 2050 1185 2080 Paulo
1202 2050 1304 2085 aliter,
1321 2049 1385 2079 viii.
1401 2050 1474 2079 826.
1498 2050 1560 2079 Επ-

899 2106 978 2130 ercet
991 2101 1053 2130 cibo
1066 2101 1201 2129 delusum
1209 2105 1321 2140 gutlur
1333 2100 1428 2128 inani.
1450 2099 1561 2128 Amen-

900 2156 975 2185 tnm,
992 2149 1209 2183 loramentum,
1226 2147 1308 2188 quod
1327 2146 1562 2188 addebaturJa-

899 2198 971 2228 culo
992 2196 1174 2231 emittendo,
1191 2206 1347 2236 manuque
1369 2195 1560 2226 retinebatur

898 2247 952 2277 illo
968 2247 1098 2277 emisso:
1126 2245 1180 2276 xii.
1197 2246 1271 2275 321.
1293 2247 1422 2274 inserere
1445 2252 1562 2275 amento

898 2298 1019 2337 digitos.
1069 2295 1178 2324 ludere
1198 2304 1251 2335 pro
1274 2295 1384 2324 addere
1407 2305 1423 2323 e
1446 2303 1557 2334 perve-

898 2350 981 2374 tusto
997 2343 1114 2374 Codice
1134 2342 1250 2383 primus
1270 2341 1388 2372 notavit
1401 2347 1432 2372 et
1447 2352 1558 2383 appro-

899 2393 982 2424 bavit
1000 2391 1217 2431 Mariangelus
1232 2390 1415 2420 Accursius.

942 2442 1015 2471 789.
1039 2440 1190 2469 Revocata
1219 2439 1401 2469 rettulerum
1425 2449 1442 2469 e
1468 2438 1558 2478 copia

896 2490 1031 2531 poetica,
1056 2499 1154 2529 quum
1178 2488 1360 2518 alterutrum
1384 2487 1458 2517 satis
1482 2486 1558 2517 fuis-

896 2544 954 2568 set.
999 2539 1074 2568 Post
1099 2537 1287 2571 rettuleram,
1304 2535 1414 2565 nostris
1431 2535 1558 2565 Codici-

896 2588 954 2617 bus
983 2585 1126 2616 inseritur
1150 2591 1189 2621 et,
1213 2596 1282 2626 quae
1312 2584 1465 2626 particula
1491 2584 1555 2614 vim

894 2635 982 2666 addit
1011 2633 1190 2669 narrationi,
1220 2633 1302 2664 idem
1342 2638 1429 2662 sonat
1459 2637 1555 2673 atque

894 2695 970 2714 ecce.
1019 2684 1088 2713 Duo
1113 2692 1271 2718 marmora,
1293 2681 1354 2712 duo
1381 2690 1554 2712 marmorea

893 2733 994 2774 signa.
