1729 3207
202 207 285 248 124

596 204 644 244 P.
679 203 788 244 OVI
803 204 888 244 DII
928 203 1204 244 NASONIS

201 321 302 367 Aut
321 336 412 382 ego
434 319 633 375 laedor,''
651 318 741 374 ait3
772 318 1075 382 delapsaque
1091 319 1154 366 ab
1170 320 1351 366 aethere
1373 335 1581 374 sumum,

200 397 441 445 Constitit
467 397 515 443 in
541 397 706 452 terris3
749 396 1057 459 nebulasque
1084 397 1316 444 recedere
1336 396 1502 457 jussit.

201 475 442 538 Conjugis
469 474 736 522 adventum
762 480 1106 537 praesenserat,
1131 474 1281 536 inque
1307 474 1550 521 nitentem

199 551 464 599 Inachidos
489 552 653 598 vultus
679 557 957 597 mutaverat
981 549 1062 597 ille
1082 551 1362 612 juvencam.

1489 552 1578 596 611

200 629 300 676 Bos
321 644 523 692 quoque
543 627 758 675 formosa
777 634 876 675 est:
907 627 1127 691 speciem
1150 627 1385 683 ,Saturnia
1398 643 1582 682 vaccae,

200 705 502 769 Quanquam
519 705 685 760 invita,
699 705 891 769 probat:
913 720 1004 751 nec
1022 721 1118 751 non
1135 712 1184 752 et
1199 706 1276 768 cuj
1286 721 1358 760 ηε,
1373 711 1424 752 et
1435 703 1582 758 unde,

198 782 370 837 Quove
396 782 460 829 sit
485 789 722 837 armento,
748 782 848 829 veri
875 783 1018 845 quasi
1044 782 1227 838 nescia,
1256 781 1449 845 quaerit.

197 860 394 924 Jupiter
414 876 440 908 e
466 866 597 907 terra
621 860 839 923 genitam
860 861 1108 915 mentitur,
1136 867 1191 908 ut
1215 867 1386 908 auctor

1488 861 1584 906 615

200 937 410 985 Desinat
434 937 640 1000 inquiri:
680 936 808 1000 petit
831 937 958 984 hanc
987 937 1220 984 Saturnia
1244 953 1441 984 munus.

199 1013 332 1068 Quid
356 1014 533 1062 faciat?
569 1013 788 1069 crudele,
815 1030 931 1060 suos
957 1014 1188 1062 addicere
1214 1030 1434 1070 amores;

201 1090 248 1138 N
253 1108 316 1138 on
331 1092 464 1148 dare,
478 1098 792 1156 suspectum:
816 1092 976 1155 pudor
991 1099 1084 1149 est,
1098 1092 1184 1155 qui
1200 1093 1408 1140 suadeat
1422 1091 1556 1138 illinc
1573 1109 1583 1147 ;

242 1280 316 1311 608.
341 1281 475 1322 Loedor.]
504 1281 626 1312 Lcrdere
654 1281 739 1313 varie
769 1282 801 1313 in
830 1293 861 1313 re

201 1329 352 1361 amatoria
371 1330 495 1361 dicitur.
539 1331 676 1362 Omnino
690 1337 738 1362 est
755 1331 862 1363 fallere

200 1385 255 1410 aut
269 1380 383 1410 violare
407 1379 539 1410 alterum
561 1391 750 1422 quocunque
771 1381 863 1413 modo

200 1428 231 1459 in
257 1439 371 1460 amore.
414 1429 496 1460 Vide
524 1429 639 1471 Heynii
667 1430 798 1461 Observ.
823 1431 863 1462 ad

199 1479 304 1509 Tibul.
320 1479 346 1509 Ι.
362 1479 394 1509 ἰί.
407 1480 458 1510 89.
505 1479 692 1520 Delapsaque
707 1482 743 1510 ab
757 1481 864 1511 aethne

198 1539 321 1559 summu.
368 1527 571 1559 Celeritatem
586 1534 673 1560 notat
690 1529 859 1561 venientis:

198 1583 350 1618 tanquam
387 1588 457 1618 quae
495 1576 552 1607 alis
588 1577 712 1616 delata3
748 1579 863 1620 Virgil.

201 1626 330 1658 AEneid.
360 1627 381 1656 i.
408 1627 490 1657 394:
518 1628 658 1658 AEtheria
685 1639 754 1668 qnos
779 1629 860 1668 lapsa

197 1677 288 1717 plaga
304 1676 386 1706 Jo'vz's
404 1677 466 1706 ales
485 1683 587 1716 aperto
605 1677 757 1708 Tui-habat
775 1679 860 1709 coelo.

202 1725 252 1755 Ib.
265 1725 320 1756 lib.
335 1725 377 1755 iv.
392 1726 473 1756 223:
494 1726 585 1763 l'atle,
596 1737 661 1767 age,
674 1733 778 1768 gnate,
791 1739 861 1758 voca

202 1774 360 1814 Zephyros,
378 1781 406 1805 et
423 1776 520 1805 Iabere
532 1778 648 1814 pennis.

243 1824 319 1854 609.
339 1823 472 1854 Nebulas
481 1825 616 1854 recedere
615 1824 739 1865 jussit]
758 1824 861 1855 Etiam

201 1873 221 1904 J
225 1884 286 1903 uno
302 1872 437 1904 nubibus
452 1873 593 1914 imperat,
609 1873 686 1914 quin
701 1874 779 1904 adeo
800 1874 860 1905 ful-

200 1933 274 1952 men
289 1922 444 1953 interdum
460 1922 565 1954 mittit.
611 1923 767 1954 Caeterum
789 1923 861 1955 hinc

202 1972 309 2004 Valer.
325 1972 411 2002 Flac.
427 1972 458 2002 d.
474 1972 495 2002 l.
512 1972 650 2003 fabulam
665 1973 859 2009 suavissime,

199 2021 255 2052 sed
270 2021 394 2052 brevius
409 2021 524 2053 Ovidio
539 2027 655 2052 narrat.

242 2071 318 2101 610.
346 2071 526 2112 Nitentem]
556 2072 661 2102 Nisei-e
684 2071 805 2113 proprie
830 2078 862 2102 et

200 2120 361 2161 eleganter
382 2121 530 2152 dicuntur
546 2132 659 2163 pecora
679 2120 816 2162 pinguia,
832 2128 863 2152 et

201 2171 281 2201 bene
298 2170 421 2201 habita:
439 2171 525 2212 Opp.
539 2171 659 2201 horrida
676 2177 706 2201 et
717 2173 861 2211 strigosc13

202 2219 258 2251 sed
278 2219 370 2251 simul
385 2219 527 2251 candoris
542 2220 626 2251 notio
641 2220 734 2251 inest.
780 2219 863 2251 Hinc

202 2271 266 2300 652
298 2271 396 2306 nivea,
436 2275 467 2300 et
504 2270 566 2300 743
595 2270 706 2311 sormoe
742 2270 864 2300 candor.

203 2318 308 2350 Etiam
324 2318 408 2360 apud
423 2318 607 2360 Apollodor.
619 2324 755 2350 mutatur
770 2317 802 2349 in
817 2318 864 2349 al-

202 2369 276 2399 bam
301 2378 442 2399 vaccam.
484 2369 556 2410 Ipse
581 2368 706 2410 Jupiter
730 2367 764 2399 ii.
789 2368 864 2400 852.

203 2420 282 2448 nivei
295 2417 384 2450 ,tauri
415 2417 543 2448 formam
570 2418 675 2453 sumit,
702 2417 866 2459 eidemque

204 2466 345 2497 candidae
361 2466 496 2497 victimae
513 2467 734 2508 probabantur.
771 2465 867 2508 Apud

208 2515 351 2556 AEschyl.
393 2515 441 2550 Io,
467 2521 501 2546 ut
524 2515 556 2546 in
578 2516 734 2546 theatrum
761 2514 867 2546 induci

203 2571 317 2606 posset,
332 2564 458 2595 retinuit
474 2564 602 2595 formam
620 2565 800 2600 humanam,
812 2564 866 2594 sed

204 2613 315 2644 faciem
342 2613 436 2645 habet
464 2613 680 2650 deformatam,
708 2618 864 2655 caputque

205 2662 350 2692 cornibus
365 2663 595 2694 dedecoratum.
641 2663 695 2693 Est
706 2661 866 2704 βούκερως

207 2710 385 2751 παρθένος,

251 2760 287 2790 61
299 2762 323 2790 l.
342 2761 498 2792 Inachidos
510 2760 765 2796 vulr1ts,1nacliis.
793 2761 863 2791 Ina—

928 1284 1022 1314 chidis
1045 1294 1169 1318 cornua,
1193 1281 1286 1312 simili
1309 1279 1481 1323 periphrasi
1504 1279 1587 1322 apud

931 1332 1140 1374 Propertium,
1157 1332 1178 1363 i.
1194 1331 1244 1362 El.
1259 1331 1303 1362 iii.
1318 1332 1372 1361 20.

971 1379 1477 1420 612—614.Speciem—quma]
1504 1379 1591 1410 Mul-

928 1436 994 1461 tum
1016 1429 1093 1469 ἦθος
1114 1430 1205 1461 inest.
1244 1428 1341 1470 Apud
1357 1428 1464 1459 Valer-
1481 1428 1587 1459 Flacc.

928 1479 983 1511 lib.
999 1479 1040 1510 iv.
1056 1481 1136 1511 358:
1165 1480 1282 1510 Plansu
1292 1478 1379 1520 foret
1400 1479 1476 1509 hanc
1497 1478 1588 1519 (vac-

929 1529 1016 1569 cam)
1033 1536 1060 1560 et
1072 1536 1191 1569 pectora
1207 1530 1327 1559 mulcet.

973 1579 1046 1610 615.
1071 1579 1098 1609 Ε
1114 1585 1195 1609 terra
1210 1577 1373 1620 genitam]
1400 1576 1496 1606 Multi
1515 1575 1589 1607 olim

928 1627 1068 1659 homines
1097 1628 1244 1669 feraeque,
1272 1625 1590 1668 ynysiteig.--Ignoto

928 1683 960 1709 et
987 1678 1116 1708 obscuro
1148 1687 1261 1718 genere
1294 1682 1408 1711 ortum,
1438 1675 1591 1717 cujusque

928 1726 1149 1768 ignorabantur
1175 1730 1330 1767 parentes,
1360 1735 1431 1755 eum
1460 1725 1590 1755 Veteres

929 1775 1141 1818 appellabant,
1169 1775 1272 1805 Terrae
1302 1773 1412 1804 tilium.
1471 1772 1589 1804 Contra

929 1835 1061 1867 quorum
1072 1824 1218 1855 virtutem
1233 1823 1436 1859 mirabantur,
1452 1821 1490 1853 de
1507 1822 1589 1853 coelo

928 1874 1127 1906 descendisse
1156 1873 1325 1911 dicebant;
1355 1872 1438 1914 quod
1468 1873 1589 1907 Cicero,

928 1923 985 1955 lib.
997 1924 1069 1955 i.ad
1085 1922 1195 1960 Quint.
1206 1922 1276 1954 frat.
1292 1923 1353 1964 Ep.
1366 1922 1387 1952 i.
1403 1922 1492 1964 quasi
1508 1921 1589 1953 coelo

929 1973 1089 2015 delapsus.

972 2024 1047 2055 616.
1078 2023 1159 2053 Petit
1187 2022 1323 2062 munus]
1360 2021 1468 2052 Valet.
1501 2021 1588 2052 Flac.

928 2074 1013 2106 dicto
1036 2073 1115 2108 loco,
1139 2071 1462 2112 (la—Indomitamque
1483 2072 1590 2106 bovem,

929 2127 967 2155 da
983 2134 1058 2155 carce
1072 2132 1199 2151 munera
1214 2127 1324 2159 nuptae.

974 2173 1049 2203 617.
1075 2170 1252 2210 Addicere]
1280 2169 1335 2200 Nil
1356 2169 1442 2200 aliud
1465 2175 1512 2200 est
1532 2169 1590 2200 uisi

930 2223 1055 2257 donare,
1087 2220 1218 2255 tradere,
1256 2225 1291 2250 ut
1328 2226 1410 2250 recte
1452 2218 1591 2261 explicat

932 2273 1036 2305 Gloss.
1052 2271 1144 2301 MSS.
1160 2269 1243 2300 Flor.
1259 2268 1374 2300 Vellei.
1391 2269 1437 2299 ΙΙ.
1461 2279 1536 2299 xxv.
1553 2270 1572 2298 4
1586 2280 1592 2298 :

934 2324 1061 2354 Addiait
1088 2320 1195 2350 Dianae
1221 2330 1308 2360 agros
1333 2318 1434 2349 Sulla.
1478 2318 1590 2349 Horat.

933 2369 1035 2411 Epod.
1066 2368 1142 2400 xvii.
1172 2377 1236 2399 ver.
1268 2367 1290 2398 i.
1321 2369 1476 2399 addictum
1495 2367 1590 2408 seris.

934 2420 1056 2461 Nempe
1071 2419 1172 2449 addici
1188 2428 1234 2459 pr.
1249 2417 1287 2448 de
1300 2416 1493 2448 debitoribus
1507 2416 1592 2448 dice-

932 2468 1034 2504 batur,
1051 2467 1115 2509 qui,
1126 2478 1221 2508 quum
1238 2477 1299 2497 non
1314 2465 1462 2497 solvendo
1477 2471 1591 2502 essent,

934 2516 1138 2548 creditoribus
1161 2516 1375 2547 tradebantur.
1423 2515 1507 2546 Hinc
1527 2526 1594 2545 om-

934 2565 1006 2596 nino
1026 2571 1073 2596 est
1089 2565 1137 2595 vel
1160 2565 1191 2595 in
1212 2565 1406 2599 servitutem,
1421 2563 1471 2594 vel
1486 2569 1589 2605 potes-

933 2614 989 2645 tati
1004 2613 1137 2656 alicujus
1152 2613 1247 2644 tradi:
1266 2625 1295 2644 v.
1306 2613 1451 2645 Graevius
1467 2612 1506 2643 ad
1522 2613 1592 2644 Cic.

933 2665 1064 2700 Quinct.
1090 2664 1136 2695 18.
1160 2669 1191 2694 et
1217 2663 1348 2694 Salmas.
1371 2663 1409 2694 de
1437 2662 1533 2693 Usur.
1556 2674 1588 2705 p.

932 2714 1006 2744 360.
