1763 3181
389 181 1010 225 METAMORPHOSEON
1043 181 1164 223 LIB.
1194 180 1276 223 VI.
1429 183 1517 225 395

130 299 211 356 Et,
237 299 332 347 nisi
356 298 558 355 Junoni,
585 298 706 345 nulli
731 313 933 345 cessura
960 297 1197 352 Dearum,

129 376 208 423 An
234 377 344 431 Dea
368 377 475 433 sim,
503 376 728 431 dubitor;
770 390 959 438 perque
985 374 1150 421 omnia
1175 374 1344 421 secula
1367 374 1515 421 cultis

128 453 329 510 Arceor,
357 470 384 501 0
410 453 527 509 nati,
554 453 648 499 nisi
671 468 756 499 vos
783 451 1085 507 succurritis,
1113 452 1226 499 aris.

130 530 178 577 N
183 547 240 578 ec
266 531 404 578 dolor
428 531 507 577 hic
534 530 693 586 solus3
736 529 841 575 diro
867 528 1090 575 convicia
1114 528 1244 575 facto

129 607 351 655 Tantalis
377 607 576 671 adjecit,
603 622 793 668 vosque
819 612 896 652 est
922 613 1219 669 postponere
1245 606 1375 652 natis

129 685 268 732 Ausa
293 685 424 743 suis3
466 692 516 733 et
540 701 635 739 me,
664 684 798 747 quod
824 683 873 730 in
899 683 1058 747 ipsam
1084 683 1287 739 recidat,
1314 683 1485 731 orbam

130 761 301 819 Dixit;
343 769 392 809 et
416 761 646 810 exhibuit
669 760 889 823 linguam
914 761 1157 808 scelerata
1182 760 1490 824 paternam.'’

130 838 404 902 Adjectura
427 855 603 904 preces
626 845 731 886 erat
755 838 830 885 his
859 838 1048 885 Latona
1073 838 1239 886 relatis
1260 856 1269 886 :
1318 838 1518 901 [felas.''

131 922 162 940 “
187 916 425 972 Desine‚'’
452 916 673 963 Phoebus
699 915 782 971 ait,
813 921 843 939 “
866 932 1024 979 poenae
1050 931 1187 962 mora
1210 915 1373 977 longa,
1398 932 1520 979 que-

133 993 276 1041 Dixit
300 993 431 1042 idem
457 993 681 1050 Phoebe;
724 993 976 1056 celerique
1003 1009 1090 1056 per
1116 1009 1230 1040 aera
1253 993 1395 1057 lapsu

132 1070 460 1133 Contigerant
484 1071 604 1118 tecti
632 1071 909 1118 Cadmeida
933 1071 1146 1118 nubibus
1172 1086 1354 1118 arcem.
1423 1075 1519 1120 217

132 1146 320 1194 Planus
346 1154 467 1204 erat,
487 1148 686 1210 lateque
712 1155 889 1211 patens
916 1164 1068 1212 prope
1094 1148 1274 1195 moenia
1294 1165 1518 1213 campus,

1419 531 1518 576 210

129 1223 359 1272 Assiduis
385 1226 611 1289 pulsatus
638 1226 809 1289 equis3
851 1225 936 1272 ubi
960 1226 1105 1272 turba
1129 1233 1362 1282 rotarum,

134 1300 372 1366 Duraque
397 1302 676 1349 mollierant
700 1303 952 1366 subjectas
979 1303 1166 1364 ungula
1190 1303 1381 1365 glebas.

174 1467 250 1497 212.
268 1467 398 1498 Recidat
411 1466 540 1498 verbum
553 1466 585 1498 in
600 1467 658 1499 hac
675 1478 706 1499 re
722 1479 791 1510 pro-

129 1514 242 1557 prium,
259 1521 290 1547 et
313 1515 442 1558 primam
463 1515 617 1547 interdum
639 1517 793 1558 producit.

132 1563 214 1595 Vide
242 1565 400 1596 Brouckh.
427 1564 468 1595 ad
494 1565 632 1606 Propert.
648 1566 706 1598 IV.
728 1566 792 1596 viii.

132 1614 184 1643 44.
217 1613 321 1655 Hujus
332 1614 431 1655 prima
441 1614 564 1655 syllaba
574 1625 696 1657 semper
710 1615 792 1657 apud

130 1662 318 1694 recentiores
345 1662 528 1705 corripitur;
556 1664 640 1694 unde
665 1664 794 1705 quidam

131 1711 222 1742 metri
232 1711 404 1753 corrigendi
416 1723 510 1743 causa
521 1714 722 1754 scripserunt,
731 1725 794 1744 rec-

131 1763 224 1793 cidat.
277 1762 407 1792 Veteres
438 1767 554 1798 autem,
585 1762 637 1792 ubi
666 1763 796 1794 ominosi

132 1810 252 1852 aliquid
268 1810 442 1846 audierant,
459 1810 490 1840 in
507 1810 610 1841 hostes
626 1810 657 1841 id
676 1818 795 1842 vertere

132 1860 284 1892 solebant.
325 1860 469 1890 Exhibere
481 1861 616 1901 linguam
627 1867 795 1900 paternum,

132 1920 263 1951 peceare
278 1909 397 1949 lingua,
413 1914 447 1939 ut
462 1914 550 1950 pater
569 1909 733 1944 Tantalus,
749 1910 795 1940 di-

133 1957 268 1999 vulgatis
282 1957 370 1989 Jovis
386 1957 518 1988 arcanis.
557 1958 674 1998 Magna
691 1960 797 1999 lingua

133 2006 245 2037 Niobae
269 2006 415 2038 tribuitur
439 2007 478 2037 ab
501 2007 641 2043 Horatio,
658 2008 716 2038 IV.
733 2008 795 2039 Od.

133 2055 177 2087 vi.
210 2057 244 2086 1:
282 2056 408 2098 Apollo,
435 2068 518 2096 quem
551 2059 649 2096 proles
684 2057 795 2088 Niobea

134 2117 249 2146 magnae
266 2105 418 2136 Vindicem
435 2106 547 2147 lz'nguae
563 2109 664 2137 sensit.

176 2156 251 2186 215.
288 2155 430 2195 Desine]
479 2156 632 2186 Desinere
662 2155 793 2197 aliquid,

133 2204 166 2236 id
194 2210 251 2241 est,
276 2204 309 2235 id
334 2204 485 2241 deserere,
511 2205 549 2236 ab
576 2216 612 2236 eo
638 2205 796 2237 desistere.

134 2252 217 2285 Vide
250 2252 413 2284 Heinsium
449 2253 490 2284 ad
529 2253 596 2284 Art.
630 2254 735 2285 Amat.
763 2254 795 2286 ii.

133 2304 209 2334 726.

178 2358 253 2389 216.
281 2358 411 2398 Phoebe.]
460 2358 577 2395 Diana,
593 2369 663 2400 quae
685 2359 795 2390 eadem

135 2418 202 2439 esse
231 2418 303 2438 cum
332 2408 421 2439 Luna
449 2408 574 2439 dicitur.
634 2409 797 2440 Cadmeida

135 2469 254 2494 ειη-επις
286 2457 469 2488 Thebanam
494 2468 608 2494 arcem,
633 2469 651 2489 a
677 2458 797 2489 Cadmo

136 2511 322 2537 extructam.
369 2506 452 2537 Tecti
474 2508 600 2537 nubibus
614 2507 716 2538 solent
730 2518 797 2538 esse

137 2554 192 2584 Dii
217 2554 442 2586 descendentes
469 2556 508 2586 ad
534 2555 738 2597 puniendum,
764 2561 799 2587 ut

137 2603 262 2646 Apollo,
276 2604 316 2635 ΙΙ.
331 2608 371 2635 Α.

181 2654 255 2683 218.
279 2654 397 2684 Planus
417 2660 494 2690 erat,
514 2655 591 2695 etc.]
641 2656 667 2685 E
691 2654 799 2696 priscae

136 2700 209 2732 vitae
224 2701 286 2732 ritu
310 2708 382 2733 ante
407 2703 497 2733 urbes
522 2709 610 2734 erant
631 2703 699 2734 loca
723 2703 798 2738 lata,

138 2750 253 2793 campi,
269 2750 302 2782 in
317 2751 431 2793 quibus
449 2752 581 2793 juvenes
601 2753 693 2783 armis
712 2762 798 2783 exer-

859 1468 1011 1498 cebantur
1031 1474 1062 1499 et
1078 1479 1183 1500 cursu.
1209 1470 1335 1501 Homer.
1352 1469 1390 1502 Il.
1408 1475 1445 1502 B.
1461 1473 1521 1503 811

859 1528 928 1559 sqq.
943 1529 950 1555 3
977 1518 1104 1549 rEneid.
1117 1518 1170 1550 vii.
1186 1520 1255 1550 162.
1300 1521 1435 1552 Homero
1452 1533 1525 1554 auc-

860 1572 924 1597 tore
940 1567 1027 1608 pueri
1043 1578 1133 1609 aeque
1148 1579 1184 1599 ac
1200 1568 1271 1599 filiae
1288 1569 1318 1599 in
1334 1570 1454 1602 aedibus
1469 1584 1524 1613 pe-

861 1616 997 1654 rierunt3
1021 1618 1192 1648 secundum
1217 1618 1365 1660 Apollod.
1389 1630 1427 1650 ex
1456 1622 1521 1652 Eu-

862 1665 1008 1707 phorione
1023 1672 1054 1697 et
1066 1667 1183 1708 Hygin.
1195 1674 1346 1698 venantes
1360 1667 1391 1699 in
1406 1669 1526 1701 Cithae-

863 1726 933 1746 rone
947 1722 1050 1746 monte
1062 1715 1218 1747 interfecti
1230 1722 1311 1748 sunt.
1333 1718 1526 1760 Timagoras,

863 1765 946 1807 apud
971 1766 1076 1796 Schol.
1096 1766 1234 1808 Euripid.
1258 1767 1297 1797 ad
1320 1767 1434 1800 Phoen.
1454 1771 1526 1802 162.

863 1821 965 1856 putat,
980 1825 997 1845 a
1009 1815 1167 1846 Thebanis
1183 1827 1237 1857 per
1248 1816 1374 1847 insidias
1386 1818 1526 1850 sublatos

863 1875 929 1894 esse
956 1864 1143 1906 Amphionis
1170 1865 1295 1896 liberos.
1340 1867 1527 1900 Pestilentia

864 1924 916 1944 eos
942 1924 1008 1944 esse
1031 1914 1222 1955 absumptos,
1244 1920 1350 1946 censet
1376 1916 1525 1949 Eustath.

864 1963 903 1993 ad
928 1964 1022 1994 Hom.
1036 1963 1068 1994 d.
1084 1963 1107 1994 l.
1127 1964 1242 1995 Confer
1262 1966 1401 1996 Pausan.
1419 1967 1527 1999 Boeot.

863 2024 893 2054 p.
910 2014 984 2043 721.
998 2012 1112 2054 Apollo
1124 2013 1204 2043 enim
1218 2013 1338 2054 sagittis
1353 2014 1415 2045 suis
1432 2016 1479 2056 (h.
1497 2027 1526 2048 e.

863 2061 907 2092 sol
923 2061 1034 2097 radiis)
1047 2060 1256 2104 pestilentiam
1271 2063 1407 2094 excitare
1419 2066 1526 2097 crede-

863 2111 963 2141 batur.
1009 2112 1146 2142 Nomina
1167 2112 1291 2142 illorum
1318 2113 1436 2144 habent
1457 2115 1525 2156 Hy-

863 2160 964 2201 ginus,
980 2160 1045 2191 fab.
1062 2162 1097 2190 11
1113 2172 1121 2198 ;
1136 2161 1284 2202 Apollod.
1300 2162 1404 2193 Schol.
1418 2165 1526 2206 Eurip.

865 2209 978 2240 Noster
993 2209 1122 2240 filiorum
1136 2215 1258 2240 tantum
1280 2211 1402 2242 nomina
1419 2212 1525 2250 habet,

864 2269 895 2288 1n
920 2259 1034 2300 quibus
1058 2270 1119 2289 non
1149 2259 1282 2289 multum
1309 2261 1348 2290 ab
1378 2261 1527 2302 Apollod.

863 2308 1028 2350 discrepat.
1089 2308 1211 2338 Pulsum·
1247 2309 1360 2340 dicitur
1396 2321 1526 2353 campus

863 2368 955 2388 curru
991 2363 1021 2388 et
1059 2358 1177 2399 ungula
1211 2368 1361 2400 equorum
1376 2371 1382 2396 ;
1423 2362 1527 2392 confer

865 2407 993 2438 AEneid.
1023 2419 1052 2438 x.
1075 2409 1157 2445 216;
1194 2408 1318 2444 Noster,
1344 2409 1424 2440 infra
1453 2411 1527 2442 487.

865 2458 999 2487 Assiduis
1022 2459 1112 2497 equis,
1135 2457 1258 2487 assiduo
1281 2468 1430 2498 equorum
1457 2469 1526 2489 cur-

864 2517 913 2537 su.
973 2506 1172 2537 Schirachius
1206 2505 1318 2547 profert
1355 2509 1439 2546 aquis
1473 2519 1527 2549 pro

865 2557 956 2596 equis,
971 2561 1001 2585 et
1014 2556 1134 2594 pulsare
1146 2554 1293 2596 explicat,
1305 2555 1432 2586 alluere.
1447 2556 1526 2587 Tum

867 2604 970 2635 verbis
997 2606 1045 2634 ubi
1073 2606 1160 2634 turbu
1187 2604 1269 2634 viam
1296 2605 1412 2645 regiam
1435 2605 1528 2646 juxta

868 2663 1014 2694 campum
1044 2653 1176 2684 describi
1214 2658 1316 2694 putat.
1374 2653 1417 2683 At
1446 2656 1530 2694 aquis

868 2701 953 2732 nulla
977 2701 1160 2733 auctoritate
1176 2712 1208 2732 se
1224 2707 1326 2732 tuetur
1340 2713 1347 2738 ;
1372 2712 1472 2743 neque
1488 2703 1528 2734 de

868 2750 928 2786 via,
944 2751 998 2781 sed
1013 2750 1051 2782 de
1067 2750 1132 2792 ipso
1147 2760 1258 2792 campo
1273 2761 1370 2782 sermo
1384 2756 1442 2782 est.
