1763 3181
385 164 1000 209 METAMORPHOSEON
1034 163 1151 205 LIB.
1188 163 1275 204 III.
1435 164 1519 204 255

145 282 211 329 Et
229 283 440 346 patrium
465 288 688 329 revocate
714 281 895 327 decus:
935 280 973 325 si
999 279 1099 326 fata
1122 279 1354 325 vetabant

143 360 285 408 Stare
309 361 394 407 diu
417 360 641 416 Thebas3
682 359 869 405 utinam
894 363 1137 404 tormenta
1159 355 1347 418 virique
1418 356 1512 400 549

144 435 331 483 Moenia
353 437 625 493 diruerent;
666 435 945 496 ferrumque
971 433 1198 495 ignisque
1224 431 1477 478 sonarent!

144 512 381 560 Essemus
407 513 570 560 miseri
592 512 696 559 sine
722 512 926 559 crimine
948 529 957 568 3
999 525 1203 572 sorsque
1229 509 1499 571 querenda,

145 588 258 636 Non
283 590 493 637 celanda
515 589 666 645 foret3
706 587 1022 649 lacrimaeque
1048 586 1235 649 pudore
1260 594 1499 632 carerent.

144 666 213 712 At
236 683 367 713 nunc
392 682 421 713 a
446 682 596 729 puero
621 665 805 711 Thebae
830 659 1086 726 capientur
1110 662 1310 715 inermi3
1372 663 1516 723 [rum‚

147 742 307 796 Quem
328 759 490 806 neque
513 742 644 789 bella
657 743 846 804 juvant,
869 757 960 788 nec
979 740 1093 796 tela,
1115 756 1206 786 nec
1228 756 1346 786 usus
1368 755 1518 801 equo-

148 819 249 866 Sed
265 820 492 866 madidus
508 819 707 882 myrrha
721 818 885 873 crinis,
904 818 1178 879 mollesque
1194 833 1401 871 coronae,
1426 819 1521 863 555
1560 837 1563 839 ·

148 895 488 959 Purpuraque,
517 904 568 943 et
592 896 739 960 pictis
765 897 1010 943 intextum
1031 895 1249 941 vestibus
1276 910 1463 940 aurum.

147 971 309 1026 Quem
347 973 547 1036 quidem
582 990 673 1035 ego
712 980 949 1027 actutum,
977 971 1122 1018 modo
1159 988 1244 1018 vos
1281 971 1521 1024 absistite,

343 1066 516 1112 cogam

145 1125 571 1190 Assumptumque
588 1135 793 1190 patrem,
811 1133 1193 1188 commentaque
1209 1141 1347 1172 sacra
1362 1124 1517 1171 fateri.

149 1202 228 1249 An
253 1203 370 1251 satis
396 1204 588 1251 Acrisio
613 1212 689 1251 est
713 1204 878 1259 animi,
906 1212 1221 1250 contemnere
1246 1218 1422 1249 vanum

193 1347 267 1377 549.
311 1347 433 1378 Utinam
466 1349 637 1389 tot-mentm]
686 1350 804 1379 [nstru-

153 1400 257 1425 menta
280 1401 350 1426 sunt
373 1396 486 1427 bellica
512 1408 531 1428 a
555 1397 733 1438 torquendis
760 1398 805 1428 la-

151 1443 285 1485 pidibus,
301 1444 431 1486 aliisque
447 1445 613 1476 missilibus
628 1446 722 1477 dicta.
756 1446 805 1476 δυ*

154 1501 271 1524 narem.
315 1494 462 1525 Heinsius
490 1495 680 1536 conjecturat
707 1498 805 1526 doma-

122 1555 124 1558 *
155 1550 230 1573 rent.
276 1543 375 1574 Immo
395 1543 474 1574 illud
496 1544 615 1580 melius,
632 1544 807 1586 diciturque

154 1602 215 1622 non
235 1591 326 1622 modo
347 1592 385 1622 de
400 1591 472 1633 igne
488 1592 576 1634 (vide
592 1594 752 1624 Drakenb.
769 1593 808 1623 ad

152 1640 207 1671 Sil.
228 1641 249 1671 i.
268 1641 355 1680 129.)
371 1642 425 1672 sed
449 1647 480 1672 et
504 1642 542 1672 de
565 1642 675 1681 armis3
704 1642 809 1673 confer

157 1690 269 1731 Virgil.
285 1691 400 1732 Georg.
416 1691 438 1722 i.
456 1692 531 1722 447.

196 1741 269 1770 551.
293 1741 635 1781 Essemus—carerent.]
662 1740 749 1771 Idem
766 1747 813 1771 ter

154 1788 245 1825 dixit,
264 1789 337 1830 quia
361 1796 449 1831 urget
473 1790 516 1826 id,
540 1790 621 1831 quod
646 1796 741 1832 caput
766 1790 809 1821 rei

155 1844 214 1869 est.
261 1839 371 1870 Verbis
392 1846 481 1876 stare,
495 1842 615 1870 diruere
637 1845 668 1870 et
687 1842 753 1879 capi
766 1840 811 1870 ira

156 1887 247 1918 nimis
262 1894 355 1929 auget
377 1899 453 1919 rem.
507 1890 630 1929 Sorsque
653 1891 812 1929 querenda.

156 1937 224 1967 Hoc
241 1942 297 1973 est,
313 1948 376 1968 sors
396 1942 498 1968 nostra
512 1937 731 1969 lamentatione
745 1938 812 1979 qui-

156 1985 228 2016 dem
256 1985 352 2027 digna
380 1986 469 2023 foret,
494 1997 555 2017 non
578 1986 814 2028 vituperatione.

159 2034 255 2069 Quem
279 2046 382 2075 neque,
401 2041 461 2066 etc.
504 2035 609 2066 Tibul.
633 2036 660 2066 Ι.
676 2036 728 2067 vii.
752 2038 812 2067 43:

162 2084 229 2114 Non
250 2085 303 2114 tibi
318 2091 389 2115 sunt
411 2086 508 2115 tristes
528 2096 616 2121 curae,
633 2097 685 2115 nec
701 2087 811 2122 luctus,

160 2133 240 2164 Osiri
263 2135 373 2174 (quem
396 2144 466 2164 cum
492 2134 618 2164 Baccho
644 2135 813 2165 confunde-

157 2183 234 2214 bant
249 2182 383 2222 Graeci,)
399 2184 456 2213 Sed
472 2184 550 2213 varii
562 2184 667 2224 flores,
681 2191 707 2214 et
722 2184 815 2225 frons

158 2233 299 2262 redimita
314 2234 457 2272 corymbis
464 2243 475 2269 ,·
493 2232 521 2262 F
522 2243 575 2263 usa
589 2234 637 2262 sed
653 2235 692 2263 ad
705 2240 816 2263 teneros

159 2281 241 2311 lutea
262 2282 347 2320 palla
368 2283 464 2321 pedes,
483 2281 523 2311 Et
551 2281 648 2322 Tyriae
674 2288 771 2317 vestes,
788 2289 816 2312 et

159 2331 257 2361 d'ulcis
270 2332 343 2361 tibia
359 2337 462 2362 cantu.
504 2331 544 2361 Et
560 2330 600 2361 ad
614 2330 715 2372 ipsum
732 2332 813 2362 Bac-

161 2379 254 2409 chum
276 2379 385 2410 Horat.
400 2379 445 2410 II.
464 2379 527 2410 xix.
551 2380 609 2410 25:
637 2380 812 2421 Quanquam

161 2428 271 2459 choreis
292 2431 389 2468 aptior
404 2435 432 2459 et
446 2430 527 2468 jocis
547 2428 689 2468 Lucioque
704 2429 813 2464 dictus,

162 2487 221 2506 non
242 2484 288 2508 sat
309 2479 432 2508 idoneus
454 2478 568 2519 Pugnae
582 2477 745 2519 ferebaris,
768 2478 817 2507 sed

162 2527 239 2556 idem
252 2527 340 2558 Pacis
352 2538 416 2558 eros
431 2529 598 2567 mediusque
612 2527 691 2557 belli.
715 2525 817 2556 Etiam

163 2576 334 2606 secundum
356 2576 465 2618 Eurip.
481 2577 556 2607 419.
578 2581 662 2606 amat
685 2574 818 2615 ὀλβοδό-

164 2636 277 2666 τειραν
293 2625 438 2667 εἰρήνην.
487 2626 587 2656 Crinis
607 2624 727 2655 Bacchi
750 2634 820 2665 pas-

164 2672 221 2702 sim
237 2673 398 2704 laudatur:
416 2673 482 2704 vid.
499 2674 538 2704 ad
551 2685 614 2704 ver.
630 2674 704 2703 421.
743 2673 822 2703 Eum

166 2732 273 2753 ornare
284 2723 413 2754 solebat.
442 2723 638 2764 Eun'p32342
657 2723 824 2757 ξανθοῖσιν

870 1347 1103 1389 βοστρύχοισιν
1121 1347 1272 1388 εὖκοσμος
1295 1346 1410 1387 κόμην,
1460 1346 1526 1374 Μα-

873 1399 972 1431 didus,
1003 1396 1171 1427 delibutus.
1218 1395 1445 1436 Ungucbantur
1474 1404 1528 1423 au-

873 1453 936 1477 tem
960 1447 1090 1476 Veteres
1113 1445 1205 1475 etiam
1230 1445 1296 1474 cleo
1319 1443 1471 1483 myrrheo,
1492 1443 1530 1473 dc

874 1496 963 1536 cujus
977 1493 1156 1536 praestantiu
1168 1492 1229 1523 vid.
1240 1493 1279 1522 ad
1293 1505 1321 1522 Χ.
1333 1493 1406 1522 500.
1455 1492 1530 1521 Μοί-

877 1546 915 1574 les
943 1554 1065 1577 coromr,
1093 1553 1201 1583 nempe
1233 1541 1423 1575 hederaceae,
1451 1540 1532 1571 undc

878 1593 1021 1623 Bacchus
1050 1591 1258 1632 κισσοκόμηςι
1285 1591 1400 1629 Semper
1426 1590 1531 1620 hedera

878 1649 1005 1681 temporo
1033 1644 1130 1671 vincla
1142 1642 1234 1681 gerit,
1250 1639 1354 1669 Tibul.
1369 1639 1432 1668 III.
1446 1638 1487 1669 vi.
1504 1640 1534 1669 2.

879 1691 1010 1722 Hederae
1035 1696 1136 1720 auten]
1166 1690 1321 1719 mollitudo
1348 1687 1490 1718 tribuitur
1517 1699 1535 1718 a

878 1740 988 1782 poetis.
1020 1739 1108 1780 Virg.
1124 1739 1194 1769 Ecl.
1210 1750 1242 1768 v.
1259 1739 1311 1768 31.
1356 1738 1405 1768 De
1418 1748 1533 1777 pnrpu-

878 1801 929 1819 νεα
945 1789 1064 1820 Bacchi
1081 1793 1166 1819 veste
1182 1787 1245 1818 vid.
1261 1786 1394 1817 Salmas.
1407 1786 1446 1817 ad
1461 1787 1534 1817 Ter-

879 1839 1003 1870 tullian.
1029 1839 1068 1869 de
1100 1838 1211 1872 Pallio,
1237 1848 1269 1878 p.
1299 1837 1372 1867 329.
1429 1837 1535 1868 Talem

880 1888 973 1919 etiam
987 1889 1152 1923 Homerus,
1165 1887 1195 1916 h.
1208 1886 1366 1917 Bacch.5.
1380 1886 1407 1916 ei
1420 1886 1537 1916 tribuit.

882 1938 978 1968 Pictis
993 1947 1028 1967 eo
1044 1937 1121 1978 ipso,
1138 1935 1219 1978 quod
1241 1945 1347 1965 aurum
1369 1934 1536 1966 intextum.

881 1986 915 2018 ii.
932 1987 1003 2017 734.

925 2035 998 2066 557.
1022 2034 1129 2065 Lectio
1150 2035 1282 2064 adsistite
1302 2032 1445 2063 convenit
1467 2030 1536 2072 qui-

881 2084 951 2114 dem
975 2083 1074 2114 verbis
1096 2083 1203 2124 Eurip.
1219 2083 1292 2112 780.
1308 2081 1360 2112 ubi
1382 2080 1540 2111 Pentheus

881 2139 1018 2164 scutatos
1037 2139 1068 2164 et
1093 2133 1214 2174 equites
1236 2131 1348 2162 arcessi
1369 2131 1470 2172 jubet,
1487 2130 1540 2160 sed

882 2193 942 2213 non
965 2182 1092 2224 perinde
1112 2181 1248 2211 moribus
1263 2187 1293 2211 et
1308 2179 1437 2210 consilio
1461 2180 1541 2210 Pen-

883 2231 946 2262 thei
969 2243 986 2261 e
1013 2231 1170 2261 notatione
1193 2229 1300 2260 Ovidii
1325 2227 1383 2259 sibi
1410 2233 1541 2268 arrogat.

883 2283 1032 2317 Absistite,
1048 2280 1168 2311 scilicet
1190 2290 1209 2310 a
1228 2279 1322 2310 sacris
1344 2277 1441 2308 novis.
1487 2278 1541 2307 As-

882 2337 1041 2370 sumptum,
1058 2339 1149 2370 quem
1171 2328 1247 2359 falso
1267 2327 1324 2358 sibi
1350 2331 1484 2366 arrogat.
1501 2326 1544 2358 xi.

882 2381 954 2411 789.
1001 2381 1245 2418 Assumptumque
1264 2383 1401 2416 qunti-em,-
1434 2376 1543 2406 Jovem

882 2439 976 2470 quem
991 2427 1157 2459 ementitus
1171 2432 1217 2457 est
1231 2432 1360 2468 patrem.
1391 2424 1542 2455 Commen-

886 2486 972 2518 taque
987 2489 1084 2513 sacra,
1101 2476 1244 2507 conficta.

928 2528 1002 2557 559.
1020 2527 1066 2556 An
1079 2528 1149 2556 satis
1161 2523 1304 2563 Aci-isim]
1332 2521 1471 2553 Acrisius
1484 2521 1543 2551 Ar-

887 2575 1025 2617 givorum
1056 2586 1125 2609 rezx',
1150 2573 1282 2604 occlusis
1311 2571 1417 2612 portiS,
1444 2580 1546 2610 neque

891 2626 993 2655 Deum
1012 2625 1093 2654 hunc
1110 2622 1322 2663 (Bacchium)
1341 2630 1442 2660 neque
1460 2628 1547 2650 sacra

890 2673 985 2715 ipsius
1002 2672 1136 2703 admisit.
1181 2671 1231 2701 De
1248 2669 1369 2700 Acrisio
1386 2667 1547 2698 Bacchum

891 2728 1054 2763 spernente
1069 2721 1132 2751 vid.
1149 2720 1189 2751 iv.
1205 2719 1268 2750 606
1283 2729 1350 2759 sqq.
1383 2717 1442 2748 Sed
1457 2718 1551 2758 Argos
