1763 3181
189 177 273 219 280

576 175 625 215 P.
659 173 871 215 OVIDII
907 172 1185 214 NASONIS

193 292 352 339 Pacta
375 291 575 354 placent
595 308 606 345 3
646 296 696 336 et
719 289 822 344 lux,
849 287 989 335 tarde
1013 287 1257 334 decedere
1280 286 1386 334 visa

191 369 539 433 Praecipitatur
563 367 724 431 aquis,
747 373 798 414 et
822 365 963 429 aquis
989 381 1087 412 nox
1114 364 1271 426 surgit
1295 364 1358 410 ab
1376 363 1550 410 isdem.

195 447 392 495 Callida
415 462 503 511 per
528 445 777 500 tenebras,
804 450 999 492 versato
1024 442 1242 496 cardine,
1269 440 1455 488 Thisbe

195 523 477 587 Egreditur,
505 521 731 584 fallitque
757 537 900 576 suos;
941 519 1282 582 adopertaque
1306 517 1498 564 vultum

197 600 433 649 Pervenit
458 600 519 647 ad
543 597 789 645 tumulum
811 615 821 654 ;
861 596 1096 658 dictaque
1121 596 1213 642 sub
1235 595 1407 642 arbore
1432 592 1578 641 sedit.

195 677 452 725 Audacem
474 675 690 723 faciebat
714 689 849 722 amor
870 687 879 718 ε

918 673 1053 720 venit
1074 688 1193 719 ecce
1218 671 1404 719 recenti
1517 672 1579 717 96

196 755 349 802 Caede
374 755 532 802 leaena
556 754 707 800 boum
734 757 1024 815 spumantes
1050 749 1207 797 oblita
1227 749 1397 804 rictus,

198 831 501 895 Depositura
525 829 659 877 sitim
684 827 832 875 vicini
857 826 1006 874 fontis
1032 826 1082 873 in
1107 826 1255 873 unda.

198 908 360 963 Quam
385 907 557 972 procul
582 907 643 954 ad
662 906 791 952 lunae
817 903 980 951 radios
1007 902 1289 967 Babylonia
1312 901 1498 948 Thisbe

197 986 363 1043 Vidit;
393 993 445 1033 et
468 985 734 1033 obscurum
760 982 953 1046 trepido
979 981 1107 1045 pede
1132 980 1258 1043 fugit
1282 980 1332 1026 in
1357 985 1579 1034 antrum;

199 1064 437 1126 Dumque
455 1062 597 1125 fugit,
619 1068 759 1123 tergo
779 1058 1026 1107 velamina
1044 1058 1186 1122 lapsa
1206 1057 1456 1120 relinquit.
1491 1058 1577 1102 101

201 1141 273 1188 Ut
295 1141 374 1188 lea
397 1156 529 1187 saeva
553 1139 685 1186 sitim
710 1138 867 1186 multa
890 1135 1201 1200 compescuit
1223 1135 1371 1191 unda,

202 1219 336 1265 Dum
361 1218 490 1266 redit
513 1218 563 1265 in
584 1217 747 1273 silvaS,
774 1217 1001 1264 inventos
1026 1214 1152 1261 forte
1178 1212 1283 1261 sine
1313 1212 1422 1276 ipsa

202 1296 303 1343 Ore
328 1302 586 1343 cruentato
610 1302 785 1342 tenues
810 1292 1012 1341 laniavit
1036 1291 1263 1340 amictus.

202 1372 372 1420 Serius
397 1388 643 1435 egressus,
669 1371 880 1434 vestigia
902 1371 1026 1419 vidit
1049 1370 1100 1416 in
1125 1370 1224 1416 alto

1496 1368 1587 1413 105

203 1449 416 1497 Pulvere
440 1456 577 1497 certa
596 1448 727 1504 ferae,
755 1454 963 1511 totoque
988 1446 1233 1511 expalluit
1256 1460 1339 1492 ore

203 1525 474 1590 Pyramus:
499 1532 556 1573 ut
572 1541 686 1573 vero
701 1532 890 1573 vestem
909 1541 1111 1589 quoque
1127 1522 1367 1586 sanguine
1381 1521 1589 1569 tinctam

205 1602 474 1668 Repperit3
519 1608 550 1627 “
578 1602 694 1651 Una
716 1603 841 1650 duos
874 1602 1022 1660 nox,''
1060 1601 1238 1666 inquit,
1274 1605 1304 1624 “
1326 1598 1503 1663 perdet
1539 1614 1588 1646 a-

404 1681 619 1742 [mantes
639 1699 650 1738 3

247 1796 301 1825 91.
334 1795 403 1825 Lur
427 1804 482 1836 pro
510 1795 586 1825 sole.
642 1795 792 1826 Decede-re
818 1805 864 1826 so-

206 1845 297 1874 lenne
313 1844 352 1875 de
366 1843 582 1874 occidentibus
605 1843 768 1875 sideribus.
805 1844 867 1875 Pu-

207 1899 274 1924 tant
287 1899 444 1935 sumptum
455 1903 474 1923 a
488 1893 674 1934 praesidibus
693 1893 866 1935 provincia-

209 1953 276 1973 rum
292 1947 361 1984 post
374 1941 533 1983 expletum
552 1947 675 1983 tempus
702 1952 722 1973 a
741 1952 868 1973 munere

208 2002 264 2022 suo
294 1990 490 2022 abeuntibus.
541 1991 642 2021 Immo
671 2000 689 2022 a
718 1990 870 2022 militibus

207 2041 412 2079 translatum3
427 2039 498 2071 vide
515 2040 554 2071 ad
568 2040 602 2071 ii.
618 2041 756 2082 ll4sqq.
784 2041 867 2072 1³1·ae-

206 2091 364 2130 cipitatnr,
380 2100 476 2131 prona
487 2089 539 2121 via
550 2089 714 2121 descendit
728 2090 759 2120 in
775 2101 866 2122 ocea-

207 2149 303 2177 num;
327 2138 361 2169 ii.
380 2139 419 2169 67
442 2149 513 2180 sqq.
552 2138 664 2180 Virgil.
680 2139 809 2170 AEneid.
835 2139 867 2171 ii.

208 2190 248 2220 9:
276 2200 331 2219 nox
356 2190 427 2220 coelo
454 2190 636 2229 praecz'pz'tat.
684 2189 788 2225 Porro,
814 2201 865 2220 nox

206 2239 316 2279 surgit,
330 2237 404 2278 quia
419 2243 517 2279 poetae
533 2237 562 2269 ei
575 2249 636 2268 non
647 2237 759 2273 minus,
773 2249 867 2280 quam

208 2287 282 2323 Soli,
309 2286 474 2317 decursum
498 2297 551 2329 per
576 2288 691 2318 coelum
717 2287 868 2323 tribuunt,

207 2338 251 2368 ita
266 2336 403 2378 quidem,
420 2342 454 2367 ut
468 2337 518 2367 vel
538 2338 577 2368 ab
595 2336 725 2368 Oriente
741 2347 869 2378 surgens

208 2385 288 2417 Solis
316 2396 439 2417 currum
469 2392 683 2428 persequatur,
710 2386 770 2422 vel,
799 2386 869 2418 Sole

209 2436 240 2466 in
255 2445 406 2466 oceanum
417 2445 449 2465 se
464 2435 691 2476 praecipitante,
703 2436 742 2467 ab
758 2435 868 2466 eadem

210 2485 266 2515 illa
280 2489 367 2526 parte
381 2484 567 2515 occidentali
584 2491 701 2525 surgat.
736 2485 870 2516 Lactan-

212 2534 272 2564 tius
293 2533 324 2564 in
342 2532 536 2574 Argumento
558 2539 673 2568 narrat,
694 2544 745 2565 eos
769 2540 869 2565 matu-

212 2582 276 2614 tino
292 2589 428 2624 tempore
443 2582 485 2613 ibi
502 2583 693 2614 convenisse.

256 2633 308 2663 93.
321 2632 429 2663 Venus
445 2633 538 2667 favet,
554 2632 578 2662 si
593 2634 771 2673 resetatfim
785 2635 872 2663 (lente

213 2682 315 2719 ,mella
334 2681 432 2722 fares,
465 2681 630 2722 docetque,
657 2684 756 2721 pedem
789 2683 872 2712 nulla

208 2742 316 2769 ponere
343 2743 421 2770 pas-se
448 2742 514 2761 snm>
530 2743 538 2768 ,·
569 2731 663 2773 idque
694 2732 782 2762 (locet
812 2742 870 2762 non

932 1795 990 1826 nisi
1011 1805 1076 1830 eos,
1095 1804 1171 1836 quos
1189 1793 1258 1823 Non
1284 1799 1362 1824 vetat
1379 1794 1500 1822 obscura
1524 1803 1591 1822 snr-

932 1855 1003 1886 gere
1023 1851 1106 1875 nocte
1123 1845 1222 1879 timor,
1237 1849 1272 1873 ut
1286 1842 1329 1873 ait
1343 1841 1449 1872 Tibul.
1462 1841 1489 1872 I.
1502 1841 1535 1872 ii.
1554 1843 1591 1873 18

933 1904 1002 1934 sqq.
1048 1893 1124 1934 Ejus
1152 1891 1196 1923 rei
1227 1891 1278 1922 hic
1308 1891 1461 1921 habemus
1488 1901 1593 1921 exem-

934 1942 1033 1983 plum,
1059 1948 1152 1983 atque
1179 1940 1272 1972 etiam
1296 1940 1374 1982 ejuS,
1399 1938 1482 1981 quod
1511 1938 1594 1970 idem

935 1990 974 2022 de
999 1991 1140 2032 potentia
1155 1989 1320 2032 Cupidinis
1341 1989 1403 2020 ait:
1431 1989 1497 2020 Hoc
1519 1991 1595 2020 duce

935 2041 1066 2071 custodes
1071 2040 1191 2082 furtim
1206 2045 1389 2081 transgressa
1395 2041 1534 2079 jacentes
1546 2041 1594 2071 Ad

924 2093 1069 2129 juvenem
1083 2092 1208 2121 tenebris
1218 2091 1279 2120 sola
1290 2090 1393 2129 puella
1405 2090 1494 2120 venit.
1511 2088 1594 2120 Vide

934 2139 1040 2170 Tibul.
1070 2140 1116 2170 ΙΙ.
1144 2140 1165 2171 i.
1195 2140 1248 2171 75.
1307 2139 1428 2170 Versata
1457 2140 1594 2170 cardine.

936 2188 1021 2219 Alibi
1034 2189 1153 2230 furtim
1176 2200 1254 2219 verso
1277 2194 1331 2219 aut
1356 2190 1448 2218 tacito
1471 2190 1597 2219 cardine

936 2238 1018 2269 clam
1038 2238 1233 2280 egredientes
1254 2239 1334 2268 fores
1353 2237 1470 2279 aperire
1484 2237 1595 2269 dicun-

936 2294 994 2323 tur,
1009 2287 1114 2319 Tibul.
1131 2288 1158 2318 1.
1175 2287 1208 2318 ii.
1230 2289 1267 2318 lO
1282 2299 1290 2325 3
1316 2286 1357 2317 vi.
1374 2288 1423 2317 12.

977 2338 1029 2367 97.
1056 2338 1140 2368 Caede
1166 2336 1277 2376 boum]
1316 2335 1474 2377 Sanguine
1500 2336 1595 2367 boum

935 2396 1096 2422 caesorum,
1111 2393 1146 2416 ut
1162 2397 1255 2428 supra
1267 2385 1313 2416 iii.
1333 2387 1405 2416 143.
1423 2385 1596 2427 coedesera-

938 2447 1013 2465 rum.
1049 2437 1253 2476 Deponuntur
1267 2435 1382 2471 omnia,
1396 2445 1467 2476 quae
1484 2434 1595 2466 finiun-

936 2490 996 2521 tur,
1007 2485 1120 2526 quibus
1130 2485 1201 2527 quis
1210 2485 1359 2516 liberatur
1369 2496 1377 2523 ;
1388 2483 1459 2515 vide
1469 2483 1533 2515 viii.
1544 2484 1594 2516 47.

985 2536 1054 2565 100.
1079 2535 1184 2565 Nostri
1211 2534 1303 2575 Regii
1328 2534 1445 2565 habent
1469 2535 1595 2570 timido,-

938 2584 1063 2615 videant
1092 2584 1214 2619 Critici,
1247 2595 1286 2615 an
1317 2586 1432 2624 trepido
1469 2583 1595 2614 nimiam

938 2633 1138 2674 agitationem
1156 2638 1243 2664 notat
1263 2644 1299 2664 ac
1316 2632 1418 2663 minus
1433 2632 1595 2663 conveniat

938 2682 1062 2722 puellae.
1102 2683 1225 2717 Noster,
1244 2681 1265 2713 i.
1284 2683 1357 2713 506.
1381 2692 1478 2721 penna
1504 2683 1595 2718 trepi-

939 2732 1041 2761 dante.
