1729 3207
384 206 1006 249 METAMORPHOSEON
1039 207 1158 248 LIB.
1192 207 1229 248 Ι.

1413 209 1496 249 109

110 323 295 387 Pythia
318 323 381 371 de
406 323 606 370 domitae
631 322 876 387 serpentis
902 323 1098 371 nomine
1123 324 1298 370 dictos.

109 400 202 447 His
220 402 459 464 juvenum
484 400 789 464 quicumque
816 416 982 457 manu,
1009 400 1299 464 pedibusve,
1326 407 1490 448 rotave

106 478 321 535 Vicerat,
341 479 567 526 aesculeae
593 479 824 543 capiebat
846 478 1032 525 frondis
1058 479 1310 526 honorem.

107 554 343 603 Nondum
359 557 526 603 laurus
551 563 681 613 erat3
711 557 961 619 longoque
980 557 1210 604 decentia
1233 558 1367 604 crine
1392 559 1490 604 450

106 631 353 696 Tempora
376 634 611 696 cingebat
636 634 699 680 de
724 634 951 697 qualibet
975 635 1146 681 arbore
1169 634 1407 680 Phoebus.

171 708 291 757 VII.
316 710 514 758 Primus
531 726 667 758 amor
682 709 1308 775 PhoebiDapl1nePeneia3
1340 727 1490 774 quem

310 804 407 835 non

103 893 274 924 confluxus,
318 891 361 922 Hi
379 892 445 923 ludi
469 903 488 923 a
502 895 610 924 domito
628 894 764 933 Pythone

103 940 218 982 Pythia
246 941 440 973 dicebantur.
485 941 581 984 Apud
609 942 762 973 Clement.

101 990 195 1022 Alex.
212 990 290 1022 Coh.
313 990 353 1021 ad
376 990 478 1022 Graec.
495 1003 525 1033 p.
546 993 596 1021 41.
612 997 762 1022 vocantur

102 1039 290 1082 πανήγυρις
301 1040 412 1081 ὄφεως.
437 1040 604 1071 Sciendum
618 1045 664 1070 est
679 1040 762 1081 apud

103 1089 231 1121 Graecos
245 1089 410 1120 nobilitata
424 1089 517 1121 fuisse
530 1095 662 1131 quatuor
672 1090 761 1120 ludo-

100 1149 167 1170 rum
207 1149 333 1180 genera,
370 1139 583 1181 Olympiacos,
620 1139 762 1180 Pythios,

101 1188 259 1224 Isthmios,
273 1188 447 1223 Nemeaeos,
464 1187 502 1218 de
516 1188 629 1229 quibus
645 1189 762 1219 Pausa-

101 1237 179 1274 nias,
195 1237 249 1268 lib.
264 1238 310 1268 II.
326 1248 398 1279 cap.
419 1237 463 1268 iii.
479 1237 588 1268 Natal.
613 1248 692 1268 com.
708 1238 762 1268 lib.

101 1287 142 1318 V.
169 1297 238 1329 cap.
263 1286 319 1317 xii.
344 1292 375 1317 et
399 1286 503 1317 xxxiv.
527 1286 643 1329 Scalig.
676 1287 762 1318 Poet.

101 1336 155 1367 lib.
169 1336 196 1368 Ι.
211 1346 281 1378 cap.
297 1336 384 1367 xxiii.

144 1387 217 1417 448.
247 1386 358 1423 Manu,
389 1386 543 1428 pugilatu,
574 1387 699 1428 πυγμῇ,
731 1391 762 1416 et

99 1437 197 1473 lucta,
219 1435 320 1478 πάλῃ.
370 1437 511 1472 Pedibus,
528 1447 630 1473 cursu,
644 1435 760 1478 δρόμῳ.

102 1487 192 1522 Rota,
203 1485 363 1528 quadrigis
378 1492 410 1517 et
421 1485 502 1527 bigis
516 1486 596 1517 adde
612 1488 758 1517 carmini—

98 1537 150 1567 Ims
165 1541 196 1566 et
208 1538 413 1566 instrumentis
426 1537 555 1566 musicis.
578 1535 660 1566 Vide
675 1536 757 1567 Pau-

98 1595 164 1617 san.
180 1597 211 1628 p.
233 1586 296 1616 813
316 1596 383 1627 seq.
397 1590 429 1616 et
452 1584 533 1616 adde
557 1585 675 1616 Potteri
695 1586 756 1617 Ar·

52 1640 57 1646 ⁷
98 1635 208 1666 chaeol.
220 1635 354 1666 Graec.t.
363 1634 384 1665 i.
394 1645 426 1676 p.
437 1635 501 1666 985
510 1645 573 1665 sec.
583 1635 633 1666 ed.
644 1635 759 1667 Ramb.

97 1683 270 1716 Saltatione
302 1683 440 1726 quadam
467 1683 624 1726 Apollinis
654 1696 761 1726 pugna

98 1744 170 1765 cum
185 1733 339 1775 Pythone,
352 1739 382 1764 et
401 1732 615 1764 instrumentis
634 1733 760 1765 musicis

98 1783 190 1826 hujus
216 1782 325 1814 sibilus
353 1782 605 1824 exprimebatur:
639 1784 759 1819 Strabo,

96 1833 142 1864 ix.
171 1844 203 1875 p.
234 1833 296 1863 645
329 1843 394 1874 seq.
449 1832 588 1868 Juvenes,
619 1832 756 1864 athletae.

99 1881 216 1913 Pedum
231 1888 382 1913 certamen
395 1881 489 1912 etiam
505 1880 558 1912 xii.
575 1882 649 1912 304.

139 1931 213 1962 449.
250 1931 366 1967 Honor,
394 1936 428 1961 ut
465 1932 553 1972 τιμὴ,
583 1931 756 1972 praemium.

95 1979 157 2011 Sed
170 1980 227 2011 illa
240 1980 369 2022 praemia
388 1990 538 2023 perquam
559 1987 647 2011 erant
662 1981 756 2012 hono-

94 2029 190 2061 rifica.
225 2030 365 2061 AEsculea
370 2030 474 2072 frons,
491 2040 604 2060 corona
618 2032 755 2063 aesculea.

96 2079 236 2110 AEsculus
257 2079 330 2111 Jovi
353 2089 453 2116 sacra,
477 2079 561 2110 Plin.
576 2080 619 2110 H.
634 2080 677 2111 N.
702 2080 755 2111 xii.

98 2128 128 2158 1.
150 2133 192 2165 et,
208 2133 244 2159 ut
261 2128 446 2170 glandifera,
462 2127 599 2170 antiquis
621 2128 754 2160 homini-

94 2177 153 2208 bus
166 2177 388 2209 memorabilis.

139 2227 211 2257 450.
236 2226 369 2263 Laurus,
402 2237 464 2268 qua
491 2231 598 2268 postea
629 2237 756 2260 corona-

94 2274 207 2306 bantur
225 2275 357 2307 victores
380 2275 504 2317 Pythici
522 2275 635 2315 (Pind.
661 2277 755 2318 Pyth.

96 2324 159 2355 Od.
181 2324 244 2356 viii.
262 2325 315 2355 28.
340 2324 458 2358 AElian.
475 2324 516 2355 V.
531 2325 574 2355 H.
596 2325 662 2356 III.
684 2325 705 2356 i.
724 2337 755 2368 p.

95 2373 187 2413 200.)
210 2375 342 2405 nondum
365 2373 398 2404 in
421 2384 522 2405 rerum
545 2382 657 2405 natura
679 2382 755 2406 erat.

96 2421 147 2453 Sic
159 2423 260 2453 munit
273 2422 332 2453 sibi
347 2423 430 2454 viam
452 2423 492 2453 ad
512 2429 695 2465 sequentem
710 2425 755 2456 fa-

95 2471 214 2503 bulam.
258 2472 379 2504 AElian.
402 2473 443 2504 V.
468 2473 510 2503 H.
541 2473 575 2504 d.
601 2473 625 2504 l.
652 2481 755 2505 narrat

98 2521 235 2562 quidem,
257 2522 450 2564 Apollinem,
475 2522 617 2564 Pythone
642 2524 755 2561 occiso,

97 2569 262 2612 sumpsisse
278 2581 421 2603 coronam
436 2571 593 2610 lauream3
618 2572 673 2603 sod
684 2573 755 2604 vide

100 2618 241 2650 Perizon.
271 2620 312 2651 ad
348 2620 380 2651 d.
409 2621 431 2652 l.
476 2622 599 2663 Nempe
629 2622 755 2664 Apollo,

98 2668 240 2710 Pythone
261 2670 375 2707 occiso,
397 2670 477 2712 fugit
497 2671 530 2701 in
552 2672 682 2714 Tempe,
697 2672 756 2703 ibi-

99 2727 159 2758 que
185 2728 296 2749 novem
318 2729 416 2751 annos
438 2720 540 2751 latuit.
585 2721 665 2751 Tum
686 2732 757 2752 vero

97 2765 240 2808 expiatus
260 2767 352 2798 rediit
377 2769 519 2811 Delphos
542 2776 573 2800 et
598 2770 756 2801 oraculum

141 2816 242 2847 VOL.
259 2817 324 2848 III.

829 894 1005 935 occupavit.
1050 895 1174 925 Interea
1196 893 1330 935 Daphne
1354 896 1490 923 mutatur

829 942 860 972 in
886 943 1020 980 laurum,
1042 954 1104 985 qua
1126 944 1273 973 lustratus
1298 941 1409 972 deinde
1436 947 1492 971 est.

830 992 932 1035 Longo
944 996 1026 1024 crine
1042 993 1171 1033 insignis
1187 998 1252 1023 erat
1264 992 1389 1033 Apollo,
1406 990 1489 1021 unde

830 1042 981 1078 Intonsus,
1011 1041 1239 1083 ἀκερσεκόμης,
1273 1040 1490 1081 α’κειρεκὸμης,

829 1097 923 1133 atque
952 1092 1045 1122 etiam
1076 1091 1107 1121 in
1137 1089 1344 1120 monumentis
1373 1088 1489 1119 crinem

829 1141 1011 1181 promissum
1042 1141 1148 1171 habet.
1195 1140 1351 1170 Det-entia.
1389 1139 1489 1168 Hora-

830 1189 891 1220 tius
915 1190 941 1219 Ι.
958 1190 1020 1220 Od.
1037 1188 1133 1220 xxxii.
1154 1190 1201 1219 12.
1227 1192 1312 1230 nigro
1333 1190 1416 1218 crine
1439 1190 1489 1218 tie·

829 1250 925 1269 coz-115.

868 1288 1049 1319 452-—567.
1064 1287 1185 1318 Primus
1195 1298 1276 1318 amm*
1287 1287 1399 1322 Plzrrbi,
1408 1287 1486 1326 etc.]

830 1337 982 1368 Fabulam
1007 1337 1078 1368 inde
1103 1343 1208 1367 natam
1234 1338 1388 1378 putabant
1414 1347 1489 1367 non-

831 1387 920 1423 nulli,
940 1387 1023 1429 quod
1048 1387 1162 1428 Apollo
1185 1386 1326 1418 docuerit
1350 1386 1489 1417 homines

828 1436 968 1478 plantare
987 1437 1120 1467 laurum.
1165 1437 1248 1467 Vide
1270 1437 1388 1467 Euseb.
1404 1436 1488 1466 Prae-

827 1492 928 1528 parat.
955 1487 1076 1527 Evang.
1102 1487 1147 1516 II.
1169 1486 1190 1517 i.
1235 1485 1343 1516 Potius
1368 1485 1490 1516 videtur

826 1536 912 1567 lusus
946 1536 1086 1578 poeticus
1120 1547 1197 1567 esse.
1253 1536 1358 1566 Poetae
1393 1535 1486 1571 enim,

827 1597 923 1627 quum
948 1586 1074 1616 nomina
1097 1585 1243 1627 quaedam
1265 1585 1377 1626 puellis
1400 1595 1489 1626 nym-

826 1634 934 1676 phisve
950 1646 1021 1665 cum
1042 1634 1158 1676 plantis
1178 1633 1356 1665 communia
1374 1639 1487 1669 essent,

826 1685 918 1716 facile
934 1696 969 1715 eo
985 1684 1099 1715 deduci
1119 1690 1296 1726 potuerunt,
1311 1689 1347 1714 ut
1366 1683 1436 1714 illas
1457 1683 1489 1714 in

828 1734 883 1764 has
908 1740 1043 1764 mutatas
1070 1733 1232 1775 fingerent,
1261 1732 1420 1774 Daphnen
1455 1732 1488 1762 in

827 1785 949 1815 laurum
972 1782 1146 1825 (ὃάφνην,)
1169 1783 1331 1825 Myrrham
1350 1782 1382 1812 in
1406 1793 1488 1824 myr-

824 1833 911 1864 rham
941 1833 1090 1869 arborem,
1117 1838 1178 1863 etc.
1222 1832 1388 1862 Ridiculus
1414 1842 1486 1862 vero

824 1889 872 1914 est
894 1883 1132 1918 Jac.-a—Cruce‚
1152 1882 1205 1923 qui
1229 1892 1283 1923 per
1307 1881 1486 1923 Apollinem

824 1932 1014 1973 Augustum,
1029 1942 1083 1973 per
1106 1931 1211 1972 Daph.
1228 1930 1349 1961 Liviam
1370 1930 1486 1961 intelli-

823 1982 878 2024 git.
892 1993 975 2023 quae,
993 1987 1143 2022 tanquam
1158 1981 1275 2017 laurus,
1290 1980 1403 2011 sterilis
1419 1981 1484 2011 fue-

822 2032 870 2062 rit.
915 2031 945 2062 A
975 2031 1114 2062 Diodoro
1149 2030 1263 2072 Epaita
1299 2030 1380 2060 hanc
1418 2030 1484 2060 fab.

822 2086 986 2112 tractatam
1019 2091 1097 2117 esse,
1127 2080 1262 2111 narravit
1300 2079 1485 2110 Parthenius

822 2131 855 2161 in
874 2129 1019 2166 Eroticis‚
1037 2139 1106 2171 cap.
1123 2141 1174 2160 xv.
1217 2130 1343 2164 Noster,
1359 2129 1412 2170 qui
1435 2139 1482 2158 re-

822 2180 881 2210 bus
896 2177 1053 2210 amatoriis
1068 2179 1294 2214 delectabatur,
1312 2177 1363 2208 hic
1383 2177 1485 2208 indul-

823 2229 863 2260 sit
883 2228 1016 2270 ingenio,
1032 2229 1131 2259 multa
1151 2228 1327 2270 petulanter
1351 2226 1484 2268 scripsit,

822 2278 913 2320 plura
930 2278 1026 2309 etiam
1049 2278 1133 2309 haud
1155 2277 1250 2308 dubie
1270 2277 1336 2320 ipse
1356 2276 1485 2308 invenit.

822 2329 984 2359 Traditum
998 2334 1171 2370 acceperat,
1184 2327 1361 2368 Apollinem
1377 2339 1485 2359 aman-

823 2386 886 2410 tem
908 2390 967 2409 non
985 2389 1051 2409 esse
1075 2377 1269 2408 redamatum
1287 2389 1304 2408 a
1320 2378 1482 2420 Nympha.

824 2429 862 2459 Id
892 2427 1052 2459 exornavit
1084 2426 1263 2457 inventione
1292 2428 1357 2462 illa,
1388 2438 1483 2468 quam

823 2478 1006 2509 452—502.
1028 2475 1214 2511 invenimus,
1245 2487 1309 2517 qua
1336 2476 1387 2507 hic
1416 2487 1484 2517 my-

823 2528 895 2558 thus
920 2525 1034 2568 triplici
1054 2525 1178 2557 vinculo
1200 2525 1347 2567 superiori
1370 2525 1486 2556 adnec-

823 2577 908 2608 titur.
954 2577 1046 2606 Amor
1065 2574 1184 2616 duplici
1207 2585 1321 2613 seusu;
1355 2586 1427 2606 nam
1452 2580 1483 2606 et

825 2631 959 2657 amatam
984 2624 1149 2666 significat,
1173 2629 1204 2654 et
1227 2634 1373 2660 amorem,
1390 2634 1484 2665 quem

825 2674 949 2717 Cupido
964 2675 1056 2709 dedit,
1073 2673 1216 2703 irritavit.
1246 2673 1370 2708 Peneia,
1387 2672 1484 2703 Penei

824 2723 993 2756 Thessaliae
1005 2722 1090 2753 fluvii
1107 2722 1166 2762 (de
1182 2732 1244 2763 quo
1261 2722 1299 2752 ad
1315 2733 1377 2753 ver.
1390 2721 1482 2761 569.)

827 2774 901 2804 filia.
946 2772 1010 2802 Alii
1027 2783 1108 2808 vero,
1125 2777 1159 2802 ut
1178 2772 1284 2802 Schol.
1301 2772 1426 2803 Homer.
1441 2772 1480 2803 ad

955 2823 983 2851 H
