1729 3207
397 191 1019 233 METAMORPHOSEON
1052 192 1171 234 LIB.
1207 194 1243 234 I.
1454 196 1510 237 87

118 305 256 352 Talia
276 306 577 370 deposcunt:
607 306 694 362 sic,
713 316 867 369 quum
885 323 1059 355 manus
1079 309 1231 372 impia
1247 309 1387 356 saevit
1410 314 1507 357 200

118 383 370 445 Sanguine
398 383 629 431 Caesareo
657 383 937 431 Romanum
964 386 1282 448 exstinguere
1307 403 1504 443 nomen,

115 459 398 507 Attonitum
422 467 571 507 tantae
597 461 760 507 subito
785 467 970 508 terrore
995 463 1146 509 ruinae

116 536 405 584 Humanum
430 554 586 600 genus
612 544 716 595 est;
758 545 995 602 totusque
1020 540 1300 602 perhorruit
1324 540 1472 587 orbis.

117 613 164 659 N
169 629 225 661 ec
249 614 340 660 tibi
364 620 506 676 grata
529 614 690 661 minus
716 614 893 677 pietas,
921 615 1164 680 Auguste,
1191 623 1403 673 tuorum,

116 690 278 744 Quam
303 691 394 738 fuit
416 691 500 738 illa
523 691 553 738 J
558 692 649 739 ovi.
692 691 789 746 Qui
815 698 1083 755 postquam
1107 710 1229 741 voce
1254 709 1506 756 manuque

115 767 374 816 Murmura
392 769 714 832 compressit3
754 776 959 817 tenuere
985 770 1182 817 silentia
1206 770 1388 817 cuncti.
1409 773 1504 817 206

118 845 352 892 Substitit
374 852 429 892 ut
452 846 652 901 elamor,
679 861 881 909 pressus
909 847 1147 909 gravitate
1173 847 1406 910 regentis,

113 923 311 986 Jupiter
336 923 429 970 hoc
455 923 633 971 iterum
660 939 885 971 sermone
913 924 1111 972 silentia
1135 924 1346 988 rumpit:

116 1006 147 1025 “
169 1000 262 1048 Ille
282 1000 486 1064 quidem
506 1017 695 1065 poenas,
718 1018 888 1049 euram
909 1003 1036 1050 hanc
1062 1002 1314 1058 dimittite,
1334 1001 1500 1048 solvit:

112 1150 273 1182 commode
299 1150 455 1192 abrumpit
481 1150 651 1181 orationem
675 1150 773 1188 Jovis,

113 1206 143 1231 et
159 1211 266 1231 sensus
279 1199 465 1240 reliquorum
481 1200 619 1230 Deorum
640 1200 773 1242 interpo-

112 1249 169 1280 nit.
214 1246 338 1279 Etenim
354 1248 421 1279 haec
437 1248 647 1290 interpellatio
662 1254 693 1280 et
708 1260 775 1280 ma-

107 1297 215 1341 jestati
229 1299 246 1329 J
251 1298 316 1328 ovis
331 1303 362 1328 et
385 1297 565 1338 indignitati
580 1297 706 1328 sceleris
720 1299 775 1329 ad-

111 1347 196 1378 missi
211 1346 362 1388 aug-endae
378 1346 514 1377 inservit.
561 1347 622 1378 Vix
643 1347 775 1379 audiunt

112 1397 168 1428 Dii
188 1396 317 1428 insidias
335 1395 406 1427 Jovi
431 1401 575 1433 structas,
592 1407 687 1438 quum
710 1407 775 1427 om-

111 1458 165 1478 nes
201 1450 443 1477 commoventur.
511 1446 700 1486 Confremere
735 1446 774 1476 de

113 1496 241 1528 vocibus
254 1494 436 1537 promiscuis
451 1495 616 1526 concitatae
633 1495 774 1526 multitu-

107 1545 202 1577 ¹dinis.
246 1546 399 1580 Studium,
419 1544 554 1585 impetus
580 1544 688 1579 animi,
713 1555 774 1586 quo

113 1595 232 1637 aliquid
247 1594 298 1625 vel
315 1604 504 1630 aversamur,
522 1595 572 1624 vel
589 1593 774 1635 appetimus.

113 1646 294 1685 Deposcunt,
331 1642 450 1673 scilicet
487 1642 526 1673 ad
565 1643 773 1684 supplicium3

111 1705 172 1736 quo
188 1704 280 1724 sensu
294 1692 416 1734 proprie
429 1694 595 1732 deposcere:
614 1693 773 1724 Drakenb.

113 1743 152 1775 ad
166 1743 221 1774 Sil.
235 1742 279 1772 iii.
296 1743 369 1773 202.

153 1794 227 1824 200.
252 1793 367 1822 Manus
386 1791 506 1832 impia]
533 1792 703 1832 Sexaginta
714 1791 771 1828 illi,

111 1842 166 1885 qui
190 1842 228 1873 C.
244 1840 362 1876 Cassio,
378 1841 426 1870 M.
449 1845 480 1870 et
501 1840 544 1870 D.
561 1840 665 1871 Brutis
689 1841 772 1882 prin-

111 1891 233 1934 cipibus
259 1889 514 1932 conspiraverant
542 1896 650 1920 contra
675 1890 771 1921 vitam

113 1940 259 1972 Caesaris:
285 1940 412 1969 Sueton.
429 1939 513 1970 Caes.
531 1939 582 1969 80.
627 1939 772 1970 Solemne

111 1995 176 2022 erat
205 1987 367 2024 Romanis,
397 1988 554 2019 Caesarem
588 1998 659 2018 cum
693 1989 772 2019 Jove

110 2045 204 2082 atque
218 2038 381 2081 imperium
394 2038 487 2068 Rom.
499 2049 569 2068 cum
582 2048 676 2078 regno
688 2038 772 2068 Deo-

111 2101 178 2121 rum
194 2098 392 2130 comparare:
422 2099 473 2118 xv.
492 2088 660 2125 858-603
685 2089 772 2118 Fast.

110 2139 144 2170 ii.
157 2140 217 2169 130
229 2149 237 2177 3
252 2138 362 2168 Horat.
372 2137 400 2167 Ι.
411 2136 473 2168 Od.
486 2136 541 2167 xii.
552 2137 694 2174 49—603
708 2137 772 2166 ΙΙΙ.

111 2188 176 2220 od.
191 2199 222 2218 v.
239 2188 333 2218 1—5.
379 2185 462 2217 Hinc
478 2191 510 2217 et
525 2186 592 2216 haee
614 2196 773 2228 compara-

111 2239 154 2270 tio
173 2237 274 2274 fluxit,
290 2237 321 2267 in
342 2246 405 2278 qua
419 2237 515 2267 verba
538 2236 619 2266 bene
639 2236 773 2271 delecta,

111 2290 220 2328 impia:
245 2286 350 2328 virgil
366 2286 482 2327 Georg.
498 2285 522 2316 i.
542 2285 615 2316 468.
630 2285 669 2315 ob
689 2285 772 2315 idem

111 2337 232 2369 facinus
266 2338 356 2376 impia
383 2337 493 2366 secula.
539 2335 626 2365 Saevz't
663 2338 771 2365 exstin-

111 2397 212 2429 guere,
251 2384 339 2416 ardet
381 2383 501 2415 saevitia
540 2383 770 2424 exstinguendi.

112 2437 189 2467 Hor.
205 2436 232 2466 I.
247 2434 309 2466 Od.
324 2446 374 2466 xv.
394 2435 446 2465 27.
459 2434 549 2476 furit
576 2440 603 2464 te
627 2436 768 2473 reperire.

116 2485 229 2516 Nomen
264 2485 391 2514 Roman.
419 2483 583 2525 imperium
618 2483 712 2514 Rom.
739 2490 774 2514 ut

113 2545 205 2576 saepe.
250 2533 355 2575 Auget
385 2539 488 2564 autem
513 2538 606 2574 poeta
642 2543 706 2563 rem
740 2533 772 2563 in

114 2583 326 2614 adulationem
356 2582 502 2623 Augusti,
532 2582 620 2623 quasi
649 2581 771 2612 Caesare

114 2631 276 2663 interfecto
290 2632 490 2662 metuendum
501 2631 605 2666 fuerit,
620 2641 658 2661 ne
674 2636 772 2661 totum

114 2680 279 2722 imperium
293 2680 386 2710 Rom.
398 2685 599 2710 everteretur.

158 2731 231 2760 202.
255 2729 396 2770 Ruina]
425 2729 559 2759 Ruinam
571 2728 701 2759 Lenzius
716 2727 771 2758 int.

116 2779 249 2810 nominis
268 2779 361 2810 Rom.
376 2780 483 2809 Potest
505 2784 535 2809 et
555 2778 593 2809 ad
617 2777 771 2808 Caesarem

840 1152 964 1191 referri3
1000 1152 1112 1183 dicitur
1142 1151 1224 1183 enim
1252 1162 1313 1182 non
1340 1150 1441 1181 minus
1466 1150 1505 1180 de

840 1202 1000 1233 homiuum
1036 1212 1229 1243 magnorum,
1271 1212 1365 1242 quam
1402 1210 1504 1230 rerum

840 1251 977 1283 interitu.
1006 1252 1117 1281 Horat.
1128 1251 1173 1281 II.
1184 1251 1247 1282 Od.
1264 1251 1336 1280 xvii.
1350 1251 1380 1279 Β.
1392 1249 1430 1279 de
1447 1260 1503 1279 sua

840 1305 872 1330 et
887 1299 1073 1331 Maecenatis
1096 1306 1194 1330 morte
1212 1299 1361 1334 instante,
1378 1299 1429 1328 ille
1445 1300 1505 1328 dies

841 1356 998 1390 utramque
1033 1352 1120 1380 ducet
1159 1351 1291 1379 ruinam.
1360 1347 1504 1383 Tuorum,

841 1400 947 1441 populi
966 1399 1100 1429 Romani
1124 1398 1257 1429 Caesaris
1280 1408 1387 1428 necem
1403 1396 1503 1427 vindi-

842 1449 953 1479 cantis.
999 1449 1156 1479 Caeterum
1181 1447 1303 1478 Rodius
1329 1452 1433 1477 monet
1458 1445 1505 1475 in·

842 1497 942 1539 telligi
978 1497 1236 1538 conspirationem
1271 1501 1379 1526 contra
1406 1494 1504 1525 vitam

841 1546 988 1587 Augusti,
1005 1546 1087 1586 quod
1101 1551 1131 1576 et
1148 1545 1200 1575 alii
1216 1545 1290 1575 olim
1305 1548 1463 1585 putarunt.

885 1598 961 1627 203.
987 1597 1164 1626 Humanum
1183 1605 1278 1636 genus
1296 1599 1327 1624 et.
1349 1600 1442 1623 lotum
1458 1603 1504 1622 or·-

842 1646 900 1675 bem
926 1645 1075 1679 nominat,
1098 1644 1172 1685 quia
1193 1654 1299 1673 omnes
1317 1642 1379 1672 fere
1394 1646 1506 1682 gentes

841 1695 991 1735 parebant
1002 1693 1128 1735 imperio
1140 1693 1232 1723 Rom.
1245 1697 1275 1722 et
1289 1691 1332 1721 sie
1345 1691 1383 1721 ad
1398 1700 1504 1720 omnes

840 1743 1016 1785 pertinebat
1031 1741 1163 1772 Caesaris
1178 1740 1330 1770 interitus.

884 1793 957 1823 205.
983 1792 1204 1831 Quipnstquam
1222 1801 1296 1824 voce,
1312 1789 1391 1828 etc.]
1416 1788 1503 1818 Inest

839 1842 871 1872 in
894 1842 942 1873 his
966 1841 1068 1872 verbis
1091 1839 1209 1881 aliquid
1233 1838 1433 1879 tautologiae3
1472 1842 1502 1867 et

840 1892 923 1923 varie
939 1892 1013 1923 olim
1031 1891 1113 1921 lecta
1130 1894 1218 1919 sunt:
1236 1888 1306 1918 vide
1322 1888 1414 1918 Varr.
1429 1886 1503 1916 lect.

882 1943 956 1972 207.
973 1939 1121 1979 Pressas]
1141 1937 1229 1968 Idem
1242 1947 1335 1978 quam
1349 1945 1504 1976 compres-

839 2002 901 2022 sus.
946 1989 1109 2020 Interdum
1134 1993 1241 2018 auctor
1258 1992 1328 2028 post
1350 1983 1501 2026 composi-

842 2048 907 2070 tum
930 2039 1041 2081 repetit
1061 2038 1146 2068 verb.
1168 2036 1319 2078 simplex:
1344 2045 1408 2065 ver.
1427 2034 1500 2064 158.

840 2091 1009 2124 incaluisse,
1024 2088 1223 2126 calidumque.

884 2139 958 2169 209.
996 2136 1181 2176 Dimittite.]
1224 2135 1414 2164 Dimittimus
1450 2142 1498 2167 ea,

842 2198 912 2229 quae
928 2186 1069 2228 ejicimus
1087 2196 1125 2216 ex
1142 2185 1255 2219 animo,
1272 2193 1402 2224 quorum
1418 2181 1498 2211 obli-

841 2237 997 2267 viscimur.
1045 2236 1179 2274 Tempus,
1194 2232 1378 2275 perversitas
1402 2229 1501 2261 homi-

842 2297 917 2316 num
932 2286 1023 2327 hujus
1038 2283 1192 2326 temporis.
1237 2281 1332 2323 Apud
1348 2279 1499 2322 Apollod.

841 2336 971 2366 filiorum
988 2333 1145 2376 Lycaonis
1159 2332 1303 2374 impietas
1326 2335 1429 2361 movet
1444 2330 1499 2360 Jo-

840 2396 923 2421 vem,
954 2389 989 2414 ut
1014 2384 1046 2414 in
1080 2388 1191 2413 terram
1219 2381 1392 2412 delabatur.
1437 2378 1498 2409 Sed

839 2435 963 2469 Noster,
975 2432 1029 2474 qui
1044 2430 1250 2462 Deucalionis
1263 2430 1415 2461 diluvium
1427 2439 1499 2459 cum

839 2483 896 2513 hoc
912 2482 1019 2523 mytho
1034 2482 1220 2523 conjungere
1233 2480 1340 2516 voluit,
1357 2478 1496 2509 latiorem

837 2531 1031 2573 impietatem
1067 2529 1330 2561 commemoravit.
1391 2528 1499 2557 Delam*

837 2582 974 2611 solemne
990 2580 1029 2610 de
1052 2579 1203 2610 descensu
1219 2579 1358 2609 Deorum
1381 2576 1414 2606 in
1436 2581 1498 2605 ter-

837 2641 896 2661 ras.
944 2631 1101 2664 Lustrum,
1118 2628 1202 2659 obire
1227 2624 1497 2667 circumspiciendi

838 2689 952 2710 causa:
993 2678 1046 2708 xii.
1073 2679 1146 2709 527.
1191 2677 1251 2706 Sub
1277 2677 1415 2715 imagine,
1440 2673 1495 2703 ad-

838 2734 940 2758 sumta
966 2728 1079 2757 forma:
1119 2726 1151 2756 ii.
1180 2727 1253 2756 805.
1310 2721 1499 2755 Mercenarii

839 2777 970 2807 sormam
1002 2775 1149 2817 Apollod.
1176 2779 1336 2805 memorat.
1396 2773 1501 2802 Minor
