1763 3181
247 182 332 225 182

632 184 683 224 Ρ.
716 182 927 225 OVIDII
961 181 1238 224 NASONIS

251 297 407 345 Posse
433 298 566 360 loqui
589 298 818 361 eripitur:
857 314 951 344 vox
976 297 1226 353 iracunda,
1254 297 1537 359 minaxque,

250 374 508 437 Plenaque
535 374 731 422 terroris
757 390 904 421 rauco
929 374 991 421 de
1017 380 1213 435 gutture
1239 373 1404 420 fertur.

251 450 399 497 Mens
425 451 630 513 antiqua
649 458 815 498 tamen
836 449 965 497 facta
985 465 1185 512 quoque
1206 449 1386 496 mansit
1410 450 1457 496 in
1485 465 1623 501 ursa;

249 525 569 589 Assiduoque
595 542 709 573 suos
736 525 921 588 gemitu
948 532 1131 573 testata
1155 525 1366 580 dolores,

1532 528 1628 572 486

250 602 636 666 Qualescunque
661 618 833 650 manus
860 602 922 648 ad
947 602 1127 648 coelum
1152 609 1201 648 et
1226 602 1390 649 sidera
1413 602 1567 657 tollit;

249 678 607 742 Ingratumque
631 679 822 734 Jovem,
844 686 1061 741 nequeat
1086 695 1236 741 quum
1258 679 1438 735 dicere,
1461 678 1625 726 sentit.

248 755 354 802 Ah!
393 756 603 818 quoties,
631 756 736 803 sola
759 772 856 802 non
882 771 1002 802 ausa
1022 755 1278 818 quiescere
1305 755 1442 810 silva,

252 831 382 879 Ante
406 833 623 889 domum,
651 833 1003 896 quondamque
1029 833 1130 880 suis
1157 834 1332 880 erravit
1356 833 1404 879 in
1430 832 1586 895 agris!

249 908 355 955 Ah!
393 909 590 972 quoties
615 926 703 973 per
728 926 849 957 saxa
873 926 1050 957 canum
1075 911 1334 958 latratibus
1361 917 1472 958 acta
1494 917 1587 964 est,

249 985 591 1049 Venatrixque
616 994 750 1034 metu
774 994 1040 1034 venantum
1065 988 1234 1035 territa
1256 987 1408 1050 fugit!

1534 989 1629 1034 492

253 1061 399 1127 Saepe
422 1063 536 1111 feris
560 1064 704 1111 latuit
726 1064 860 1120 visis,
887 1064 1041 1112 oblita
1066 1065 1185 1128 quid
1211 1072 1372 1122 esset3

252 1138 482 1203 Ursaque
507 1149 802 1205 conspectos
828 1142 877 1188 in
903 1142 1152 1189 montibus
1178 1141 1365 1189 horruit
1389 1157 1528 1187 ursos
1550 1159 1560 1197 ;

251 1216 617 1281 Pertimuitque
643 1218 802 1282 lupos,
831 1219 1055 1282 quamvis
1081 1225 1222 1282 pater
1246 1225 1379 1265 esset
1403 1218 1450 1263 in
1477 1217 1587 1263 illis.

316 1293 448 1342 Ecce
475 1294 737 1358 Lycaoniae
762 1296 925 1359 proles
951 1296 1119 1359 ignara
1144 1296 1375 1360 parentis,

1534 1297 1630 1341 496

249 1369 406 1418 Arcas
432 1371 588 1427 adest,
616 1379 690 1420 ter
716 1374 937 1437 quinque
962 1373 1062 1421 fere
1088 1373 1334 1421 natalibus
1359 1372 1512 1420 actis:

252 1446 487 1511 Dumque
511 1448 639 1496 feras
665 1450 905 1512 sequitur,
932 1450 1050 1497 dum
1075 1451 1230 1497 saltus
1255 1449 1393 1511 eligit
1417 1456 1574 1512 aptos,

253 1523 301 1570 N
306 1525 620 1588 exilibusque
646 1527 804 1590 plagis
831 1527 977 1575 silvas
1005 1526 1388 1591 Erymanthidas
1414 1526 1595 1582 ambit3

252 1599 435 1649 Incidit
458 1602 509 1649 in
536 1609 767 1661 matrem;
808 1620 920 1667 quae
945 1605 1126 1652 restitit
1150 1603 1344 1652 Arcade
1367 1603 1486 1659 viso,

251 1748 293 1779 xi.
313 1751 382 1781 177.
402 1762 480 1790 posse
494 1753 602 1782 moveri
616 1763 625 1788 ;
642 1752 718 1782 Hor.
733 1752 760 1782 Ι.
776 1753 835 1794 Ep.
851 1751 906 1783 vii.

250 1799 291 1829 27
307 1810 313 1828 :
338 1802 441 1831 reddes
460 1802 548 1831 dulce
564 1802 653 1841 loqui.
698 1801 761 1832 Sed
778 1806 810 1832 et
824 1802 907 1844 apud

249 1848 378 1879 Graecos
399 1849 587 1880 infinitivum
609 1850 675 1881 sine
696 1850 827 1881 articulo
848 1851 907 1882 vim

248 1897 432 1928 substantivi
448 1898 553 1929 habet.

293 1946 365 1977 485.
390 1947 478 1978 Mens
499 1949 624 1988 antiqua
644 1955 754 1985 manet,
775 1948 851 1979 dum
874 1949 908 1980 fit

250 2005 331 2031 ursa,
347 1995 367 2025 i.
379 2006 407 2026 e.
422 1995 452 2026 in
468 2001 541 2027 actu
563 1996 650 2038 ipso;
672 2007 760 2028 mens
780 2000 905 2038 antiqua

249 2046 357 2075 mansit
378 2056 512 2087 quoque,
529 2056 625 2087 quum
650 2045 734 2077 facta
759 2052 805 2078 est
827 2058 907 2078 ursa.

250 2094 327 2124 Haec
352 2095 493 2136 repetitio
515 2106 575 2126 non
597 2101 661 2126 tam
686 2096 808 2137 ingrata
831 2097 907 2128 mihi

250 2143 372 2174 videtur
380 2155 473 2186 quam
479 2145 649 2186 tautologia
656 2152 909 2187 tamen—quoque

250 2191 281 2223 in
304 2193 412 2224 eodem
427 2204 527 2226 versu.
572 2195 680 2231 Facta,
696 2206 765 2237 quae
787 2206 824 2227 ex
847 2196 909 2237 alia

250 2241 280 2272 in
297 2242 390 2273 aliam
406 2254 468 2273 rein
483 2248 622 2275 recenter
638 2249 758 2275 mutata
772 2250 831 2276 est.
859 2245 909 2276 Ita

250 2291 270 2321 i.
286 2293 449 2333 566.f‹1eti
466 2296 551 2323 rami.

293 2341 366 2371 487.
387 2342 612 2383 anlescunque
626 2343 759 2384 manua]
790 2343 904 2379 PedeS‚

249 2390 303 2430 qui
326 2391 537 2432 qualicunque
554 2391 645 2422 modo
661 2402 809 2423 manuum
826 2392 908 2424 vices

250 2439 460 2480 praestabant3
486 2440 590 2471 confer
605 2439 625 2470 i.
642 2440 714 2471 730.

293 2487 366 2517 489.
382 2488 460 2524 Sola,
471 2487 601 2519 deserta.
624 2489 723 2519 Oblita
737 2491 809 2530 quid
818 2497 906 2526 esset,-

249 2536 346 2567 oblita
361 2547 392 2567 se
409 2547 475 2568 esse
491 2548 593 2568 ursam
609 2548 644 2569 ac
660 2537 766 2570 feram.

294 2586 369 2616 495.
405 2586 623 2626 Pertimuitque
653 2589 746 2626 lupos,
777 2590 909 2627 quamtis

249 2641 333 2675 pater
357 2634 479 2675 Lycaon
506 2635 604 2674 (unde
629 2635 696 2677 ipsa
723 2636 906 2676 Lycaonia.)

250 2684 321 2714 oliui
346 2683 376 2714 in
402 2684 508 2725 lupum
533 2691 615 2715 esset
642 2695 758 2716 versus.
804 2686 907 2716 Multa

252 2732 289 2762 ud
317 2732 382 2762 haec
411 2733 501 2764 verba
527 2733 721 2775 disputarunt
751 2735 904 2776 Interpre-

975 1758 1040 1791 tes;
1072 1752 1126 1784 sed
1153 1752 1229 1783 talia
1254 1762 1314 1783 non
1340 1750 1478 1792 urgenda
1502 1757 1572 1782 sunt
1601 1751 1633 1782 in

975 1801 1099 1832 Ovidio.
1136 1801 1295 1832 Illustrare
1310 1800 1406 1831 voluit
1422 1800 1493 1831 inde
1510 1811 1527 1831 a
1543 1811 1632 1831 versu

975 1852 1049 1882 489.
1064 1850 1143 1881 illud
1165 1861 1243 1881 mens
1261 1852 1388 1890 antiqua
1405 1851 1524 1885 mansit,
1544 1855 1575 1880 et
1592 1849 1632 1880 si-

975 1900 1039 1930 mul
1055 1899 1174 1931 tristem
1189 1899 1343 1930 fortunam
1359 1897 1431 1929 inde
1445 1905 1569 1929 enatam
1585 1897 1632 1928 in-

973 1950 1092 1981 dicare.

1017 2000 1091 2030 496.
1105 1999 1220 2040 Ignara
1229 1997 1389 2038 parentis]
1412 1997 1452 2028 Et
1463 2008 1532 2028 mox
1545 2008 1631 2029 versu

972 2047 1048 2078 503.
1070 2049 1194 2083 nescius,
1214 2058 1275 2078 non
1300 2057 1470 2088 agnoscens
1490 2053 1631 2082 matrem,

973 2101 1027 2127 aut
1053 2095 1195 2127 nesciens
1223 2102 1353 2127 matrem
1379 2107 1445 2127 esse
1469 2095 1501 2126 in
1530 2107 1631 2127 ursam

973 2151 1136 2176 mutatam.
1196 2146 1290 2176 Hunc
1327 2155 1490 2176 occursum
1526 2151 1630 2176 autem

974 2194 1068 2225 Ovid.
1082 2195 1147 2236 ipse
1162 2194 1246 2225 hand
1263 2194 1358 2226 dubie
1375 2194 1474 2227 finxit,

1016 2244 1089 2274 497.
1113 2244 1312 2285 A11est,saepe
1333 2243 1372 2274 de
1392 2243 1554 2284 repentino
1575 2243 1630 2274 ad-

974 2298 1078 2324 ventu.
1124 2293 1199 2323 Fere
1224 2294 1378 2324 natalibus
1398 2294 1482 2323 actis.
1526 2292 1631 2333 Vulgo

963 2340 1072 2381 ferens
1092 2342 1246 2371 ‘natalibus
1260 2351 1362 2377 annos,
1378 2340 1462 2382 quod
1484 2340 1631 2371 Heinsius

975 2388 1085 2430 rejicit,
1100 2394 1135 2420 ut
1151 2400 1213 2421 non
1234 2388 1389 2420 Latinum.
1434 2390 1633 2420 Burmannus

973 2445 1078 2469 monet
1091 2450 1194 2481 gerere
1214 2449 1310 2469 annos
1324 2444 1407 2470 recte
1422 2437 1496 2474 dici,
1513 2448 1585 2479 ergo
1600 2444 1631 2470 et

971 2489 1064 2529 ferre.

1017 2539 1090 2569 499.
1103 2538 1348 2579 Erymanthidas,
1358 2536 1541 2568 Arcadicas.
1553 2538 1629 2579 Ery-

974 2587 1119 2618 manthus
1148 2588 1263 2630 quippe
1288 2587 1431 2618 Arcadiae
1458 2597 1544 2617 mons
1569 2592 1628 2621 est,

973 2636 1102 2667 celebris
1131 2647 1203 2678 apro
1229 2647 1322 2678 quem
1348 2636 1499 2666 Hercules
1527 2634 1631 2665 caedit.

974 2687 1073 2716 Ambit
1100 2685 1285 2726 exquisitius
1313 2695 1407 2727 quam
1439 2686 1629 2720 circumdat;

972 2734 1014 2764 sic
1031 2734 1070 2765 vi.
1089 2736 1160 2764 101.
1177 2737 1307 2765 circuire
1322 2745 1375 2775 pro
1391 2735 1626 2764 circumducere.
