1763 3181
392 180 1014 224 METAMORPHOSEON
1046 179 1165 221 LIB.
1198 178 1263 220 ΙΙ.

1434 179 1518 220 173

135 297 212 345 De
238 298 384 345 ramis
409 298 595 345 electra
618 297 783 354 novis;
824 312 937 359 quae
961 295 1156 343 lucidus
1182 294 1341 343 amnis
1418 297 1514 342 365

136 373 354 438 Excipit,
380 381 432 422 et
456 374 661 422 nuribus
686 372 838 420 mittit
861 372 1105 435 gestanda
1128 370 1335 418 Latinis.

201 453 271 501 ΙΙ.
309 452 485 500 Adfuit
509 451 624 499 huic
649 457 868 498 monstro
890 450 1054 514 proles
1082 448 1367 496 Stheneleia
1384 447 1515 510 Cyc-

136 529 233 585 Qui
247 529 338 579 tibi
352 537 576 577 materno
592 528 816 592 quamvis
833 544 862 575 a
877 527 1115 590 sanguine
1124 528 1344 590 junctus,
1374 525 1489 586 [nus
1503 542 1512 582 ;

135 606 309 654 Mente
334 614 517 662 tamen,
545 606 823 661 Phaethon,
850 604 1050 668 propior
1072 603 1190 650 fuit:
1218 602 1300 650 ille
1325 602 1516 658 relicto,

135 683 265 730 Nam
291 682 527 746 Ligurum
551 682 777 746 populos,
805 688 855 729 et
882 697 1085 743 magnas
1111 686 1310 727 rexerat
1332 679 1496 734 urbes,

133 759 364 824 Imperio,
386 761 518 824 ripas
536 759 716 807 virides
742 775 1040 822 amnemque
1065 757 1281 821 querelis

1416 758 1508 803 371

133 836 404 886 Eridanum
429 838 668 902 implerat,
696 838 971 901 silvamque
1005 836 1253 883 sororibus
1283 840 1507 890 auctam:

135 913 300 968 Quum
323 930 421 962 vox
446 921 522 963 est
546 921 751 962 tenuata
773 914 875 962 viro
894 933 904 972 3
946 929 1184 976 canaeque
1204 911 1412 974 capillos

133 1060 193 1093 rat,
229 1067 285 1088 suo
327 1062 462 1100 tempore
501 1057 793 1100 Transpadanorum

134 1111 269 1148 agrestes
291 1106 423 1138 seminas
445 1107 606 1138 monilium
629 1107 697 1138 vice
723 1118 794 1138 suc-

134 1155 206 1187 cina
228 1161 361 1198 gestare,
379 1156 515 1188 maxime
537 1157 658 1188 decoris
680 1157 790 1199 gratia,

136 1205 191 1236 sed
206 1211 237 1236 et
249 1205 425 1237 medicinae.

177 1255 251 1286 366.
275 1255 409 1285 Mittunt
429 1265 547 1287 merces
561 1260 649 1286 terrae
665 1266 723 1292 eae,
740 1255 792 1286 ubi

135 1303 288 1335 maximus
307 1314 413 1335 earum
432 1310 600 1346 proventus
621 1311 652 1335 et
673 1315 793 1336 merca-

135 1358 196 1384 tus,
239 1352 290 1384 Sic
306 1358 337 1384 et
351 1352 465 1394 Virgil.
483 1353 596 1395 Georg.
612 1353 634 1385 i.
650 1355 711 1385 57:
737 1354 790 1384 Ιη-

135 1403 186 1432 dia
199 1403 293 1433 mittit
308 1403 392 1433 ebur.

176 1451 357 1483 367—400.
401 1452 514 1492 Adfuit
549 1453 618 1483 huic
654 1459 793 1489 monstro,

134 1500 212 1541 etc.]
239 1500 377 1542 Cycnus,
393 1511 447 1531 rex
470 1500 616 1542 Liguriae‚
638 1501 712 1532 dum
737 1502 792 1532 de-

134 1549 187 1580 flet
208 1549 450 1586 Phaethontem,
474 1550 625 1591 sanguine
651 1556 791 1582 materno

134 1597 193 1629 sibi
215 1599 371 1640 junctum,
399 1604 537 1630 mutatur
566 1599 598 1630 in
626 1611 715 1631 avem
743 1600 791 1632 sui

126 1647 278 1679 nominis.
322 1647 437 1680 Confer
454 1650 539 1691 Hyg.
555 1649 693 1681 fabulam
711 1651 771 1682 154
784 1662 792 1688 ;

135 1701 168 1728 et
182 1696 294 1739 virgil.
307 1697 435 1729 sEneid.
450 1709 481 1728 x.
499 1699 570 1729 189.
584 1698 691 1740 ibique
707 1700 793 1740 Hey·

134 1746 234 1778 nium.
246 1748 390 1778 Lactant.
408 1748 541 1789 Argum.
558 1747 671 1779 fabulae
687 1754 795 1779 aucto-

135 1807 200 1828 rem
221 1797 296 1828 facit
314 1797 504 1828 Phanoclem
524 1797 556 1828 in
571 1798 793 1840 Cupidinibus.

136 1846 259 1888 Nempe
285 1846 338 1878 ille
366 1847 471 1888 elegos
498 1846 648 1889 Ἐρώτων
672 1847 796 1880 nomine

135 1896 310 1937 scripserat,
325 1896 365 1927 de
386 1897 500 1938 quibus
517 1896 627 1928 Heins.
643 1903 674 1928 et
688 1898 797 1929 Burm.

137 1945 177 1976 ad
201 1957 234 1977 x.
261 1947 316 1977 83.
361 1944 482 1976 Addita
505 1952 610 1977 autem
634 1946 701 1977 haec
726 1952 798 1978 sunt

137 1994 221 2026 haud
249 1995 345 2027 dubie
371 1995 521 2037 superiori
545 1996 607 2027 fab.
632 2001 797 2038 postquam

137 2043 292 2076 Eridanus
301 2055 355 2086 pro
366 2044 453 2075 Pado
464 2044 572 2076 haberi
583 2044 690 2087 coepit.
714 2046 797 2077 Pau-

136 2094 240 2125 sanias
259 2094 359 2125 Attio.
383 2106 415 2136 p.
433 2096 484 2126 76.
499 2095 592 2126 facile
615 2106 647 2126 se
672 2095 797 2128 credere

137 2143 192 2180 ait,
208 2144 364 2185 Cycnum,
382 2143 533 2185 Ligurum
548 2154 662 2185 regem,
677 2144 797 2174 musica

137 2193 333 2230 excelluisse,
350 2193 404 2224 sed
425 2193 559 2224 eundem
574 2199 644 2235 post
666 2198 797 2224 mortem

139 2242 178 2273 ab
207 2240 353 2284 Apolline
381 2242 414 2273 in
441 2253 530 2274 avem
559 2242 703 2284 Cycnum
731 2253 797 2274 esse

137 2296 292 2322 mutatum
327 2302 360 2322 se
392 2302 453 2323 non
483 2292 620 2323 credere.
664 2293 705 2322 Et
733 2297 797 2323 tam

138 2339 258 2377 musici,
271 2351 365 2381 quam
380 2346 493 2382 poetae,
503 2351 575 2372 cum
591 2341 698 2382 cycnis
713 2351 797 2372 com-

138 2388 240 2430 parari
269 2389 428 2420 solebant:
455 2390 565 2420 Horat.
589 2390 648 2421 IV.
672 2389 735 2421 Od.
754 2389 797 2420 iii.

139 2439 192 2469 25.
228 2438 320 2469 Alius
333 2439 454 2480 Cycnus
469 2438 524 2470 xii.
534 2440 586 2470 72.
602 2446 798 2469 memoratur.

139 2487 224 2518 Huic
236 2495 374 2519 monstro.
419 2488 502 2519 Huic
519 2487 778 2519 transformationi
788 2499 796 2525 3

139 2547 212 2567 nam
237 2544 402 2567 monstrum
431 2538 529 2568 omnis
554 2548 602 2568 res
629 2542 800 2567 monstrosa

140 2591 195 2617 aut
226 2585 315 2617 mira.
370 2586 481 2617 Astitit
505 2586 539 2617 in
567 2586 642 2629 ripis
671 2586 799 2617 Eridani

141 2634 279 2676 Cycnus,
308 2646 405 2676 quum
434 2635 583 2666 Heliades
617 2636 649 2666 in
678 2636 800 2667 arbores

141 2689 345 2715 mutarentur.
389 2684 568 2721 Stheneleia,
587 2684 744 2715 Sthenelei
766 2684 800 2714 fi-

142 2731 214 2763 lius.
237 2733 360 2774 Regem
373 2733 509 2775 Liguriae
527 2739 694 2774 cognatum
710 2733 804 2764 fuisse

190 2783 292 2813 VOL.
314 2783 378 2814 III.

860 1057 974 1098 reginae
992 1056 1187 1098 AEthiopum,
1202 1054 1329 1084 minime
1353 1060 1400 1084 est
1420 1053 1520 1084 credi-

859 1106 935 1137 bile.
979 1106 1092 1146 Itaque
1103 1105 1161 1135 hoc
1175 1110 1229 1134 aut
1240 1103 1322 1134 male
1335 1103 1453 1138 fictum,
1466 1108 1520 1133 aut

860 1156 898 1186 ab
914 1155 952 1186 iis
967 1155 1121 1190 additum,
1137 1153 1190 1195 qui
1209 1152 1409 1183 Phaethonta
1424 1152 1520 1183 alium

859 1204 1090 1246 intelligebant,
1116 1204 1155 1234 ab
1183 1202 1325 1233 orientali
1354 1201 1520 1232 diversum.

862 1255 966 1285 Mente
978 1254 1053 1284 forte
1069 1252 1109 1283 ad
1126 1251 1292 1283 amicitiam
1310 1250 1519 1281 referendum.

862 1304 887 1333 A
904 1304 1062 1345 sanguine,
1079 1302 1250 1342 eleganter,
1268 1299 1370 1341 quoad
1394 1299 1520 1340 sangui·

859 1362 946 1383 nem:
985 1351 1130 1394 exempla
1156 1362 1172 1382 e
1202 1351 1270 1381 Cic.
1300 1348 1387 1380 dabit
1413 1348 1521 1380 Clavis

859 1401 961 1433 Cicer.
1008 1401 1146 1441 Propior,
1172 1399 1297 1441 propius
1320 1399 1459 1440 junctus,
1479 1397 1520 1429 si-

859 1451 969 1481 milior.

903 1500 976 1531 370.
1000 1498 1178 1539 Ligurum]
1221 1497 1361 1538 Ligures,
1386 1496 1464 1528 dura
1490 1503 1522 1528 et

859 1548 1009 1580 bellicosa
1022 1558 1109 1590 gens,
1124 1547 1185 1578 late
1202 1547 1351 1577 tenebant
1367 1546 1523 1578 maritima

858 1599 928 1631 loca
950 1609 1011 1628 non
1032 1596 1123 1627 modo
1148 1596 1249 1626 ltaliae
1272 1595 1448 1637 superioris,
1466 1596 1521 1627 sed

859 1654 890 1678 et
905 1647 1030 1683 Galliae,
1045 1652 1198 1687 erantque
1219 1644 1296 1676 adeo
1319 1650 1351 1675 et
1367 1644 1447 1675 Padi
1470 1655 1523 1676 ac-

859 1698 952 1728 colae:
969 1703 1000 1727 et
1011 1695 1116 1728 Graeci
1128 1695 1248 1736 antiqui
1260 1705 1382 1725 omnem
1395 1694 1522 1726 Italiam

859 1745 1048 1787 superiorem
1065 1745 1103 1776 ab
1119 1744 1156 1774 iis
1172 1743 1380 1774 nominarunt.
1426 1743 1522 1786 Apud

860 1795 1007 1837 Apollon.
1030 1794 1072 1825 iv.
1096 1794 1170 1824 646.
1192 1793 1382 1833 Argonautae
1405 1792 1524 1824 adeunt

861 1844 954 1876 ἔθνεα
992 1844 1092 1886 μύρια
1126 1843 1263 1874 Κελτῶν
1293 1843 1346 1872 καὶ
1383 1841 1524 1883 Λιγύων.

863 1894 964 1925 Recte
979 1893 1073 1935 igitur
1089 1893 1203 1923 Noster
1218 1892 1368 1933 Ligurum
1389 1893 1523 1931 populos.

862 1944 963 1974 Iidem
979 1943 1072 1985 igitur
1088 1948 1119 1973 et
1135 1941 1297 1973 succinum
1314 1941 1436 1972 mittere
1457 1953 1524 1973 cre-

863 1993 1027 2030 debantur,
1043 1991 1157 2023 Claud.
1171 1992 1241 2022 XL.
1256 1990 1289 2021 ii.
1309 1995 1340 2021 et
1361 1990 1523 2022 succinum

862 2043 963 2085 ipsum
980 2043 1099 2073 dictum
1114 2047 1161 2073 est
1176 2040 1375 2083 λιγγοὺριον.
1412 2041 1523 2072 Strabo

863 2091 904 2123 iv.
919 2104 950 2133 p.
966 2093 1042 2122 310.

905 2142 978 2172 371.
1002 2142 1108 2181 Ripas,
1126 2146 1161 2171 ut
1177 2140 1248 2170 loca
1263 2138 1399 2170 solitaria
1417 2144 1524 2180 petere

862 2190 962 2221 solent
982 2191 1106 2228 moesti3
1132 2201 1162 2220 x.
1177 2190 1231 2220 74.
1278 2189 1387 2228 Implet
1409 2199 1525 2219 amnem

862 2241 999 2280 querelis,
1027 2240 1133 2270 crebro
1162 2238 1205 2269 ibi
1234 2237 1347 2279 repetit
1371 2237 1527 2278 querelas,

863 2300 974 2331 nempe
987 2295 1093 2320 cantu.
1130 2287 1240 2328 Virgil.
1254 2286 1382 2318 sEneid.
1396 2297 1426 2317 x.
1445 2287 1506 2317 190
1518 2299 1525 2317 :

866 2339 1012 2379 Populeas
1026 2340 1106 2368 inter
1117 2338 1250 2376 frondes
1270 2337 1462 2376 umbramque
1482 2348 1526 2367 so-

864 2400 965 2419 rorum¹
982 2389 1065 2418 Dum
1079 2389 1173 2423 canit,
1187 2393 1215 2416 et
1230 2393 1364 2417 moestum
1381 2397 1463 2416 musa
1479 2396 1523 2416 so-

866 2438 950 2468 latur
961 2448 1098 2468 amorem.
1136 2436 1301 2471 Sororibus,
1313 2434 1431 2465 scilicet
1447 2434 1527 2473 tuis3

865 2497 897 2516 Χ.
914 2487 968 2517 91.
985 2486 1033 2516 hae
1054 2491 1116 2516 tres
1138 2495 1252 2515 sorores
1274 2490 1403 2514 mutatae
1427 2494 1528 2514 nemus

867 2536 1033 2566 Heliadum
1047 2535 1212 2572 dlcuntur3
1232 2539 1263 2565 et
1279 2533 1362 2576 apud
1378 2534 1528 2564 German.

867 2585 956 2615 Arat.
968 2585 1042 2615 370.
1059 2595 1132 2614 >zoua
1147 2586 1232 2614 silva.

910 2635 984 2665 373.
1009 2633 1110 2667 Quum
1132 2633 1214 2673 von]
1245 2632 1292 2662 Ex
1309 2641 1383 2662 voce
1401 2630 1481 2661 virili
1496 2636 1527 2662 et

869 2683 955 2725 gravi
978 2683 1061 2713 facta
1085 2687 1133 2713 est
1148 2692 1205 2712 vox
1222 2680 1313 2722 cycni
1328 2679 1443 2712 tenuis.
1488 2680 1528 2711 In

871 2730 1084 2762 describendis
1106 2729 1425 2761 transformationibus
1454 2728 1529 2771 ipsis

1003 2782 1031 2817 Q
