1729 3207
194 205 282 247 138
587 204 637 245 Ρ.
671 204 780 246 OVI
790 204 883 245 DII
918 203 1195 245 NASONIS

196 319 262 367 Et
280 319 378 367 dici
405 318 645 383 potuisse,
668 327 718 366 et
742 335 839 366 non
866 318 1087 382 potuisse
1114 318 1302 382 repelli.

196 395 264 443 At
287 403 357 451 tu,
379 396 418 442 si
441 396 586 442 modo
608 412 717 442 sum
743 395 932 442 coelesti
958 395 1112 458 stirpe
1133 401 1346 449 creatus,
1485 399 1580 442 760

195 472 304 520 Ede
329 479 494 519 notam
521 472 645 519 tanti
673 472 895 535 generis;
936 488 1115 535 meque
1140 487 1306 520 assere
1330 471 1505 519 coelo.’'

194 549 359 606 Dixit;
400 556 451 596 et
475 549 722 612 implicuit
746 555 969 595 materno
995 548 1198 596 brachia
1222 549 1376 605 collo;

194 625 393 690 Perque
420 642 580 681 suum,
611 624 936 688 Meropisque
965 632 1130 689 caput,
1157 625 1418 688 taedasque
1447 641 1580 672 soro-

192 702 448 757 Traderet,
477 702 648 758 oravit,
676 702 777 749 veri
804 702 896 748 sibi
924 701 1067 764 signa
1091 701 1329 765 parentis.
1433 702 1579 763 [rum,

191 779 513 841 Ambiguum,
535 778 780 841 Clymene
800 778 1031 842 precibus
1058 778 1405 835 Phaethontis,
1424 794 1485 826 an
1512 778 1583 826 ira

195 856 337 903 Mota
360 855 518 917 magis
543 855 663 902 dicti
690 855 783 902 sibi
810 855 1058 912 criminis3
1088 863 1300 918 utraque
1321 856 1446 902 coelo
1484 857 1579 902 766

193 933 406 980 Brachia
430 933 678 996 porrexit3
720 939 1056 996 spectansque
1083 933 1146 980 ad
1171 933 1358 980 lumina
1385 932 1532 988 Solis,

193 1016 223 1033 “
251 1010 350 1057 Per
368 1010 516 1072 jubar
542 1010 652 1067 hoc,
681 1010 859 1074 inquit,
884 1011 1033 1058 radiis
1059 1011 1253 1073 insigne
1278 1010 1514 1066 coruscis,

192 1087 339 1143 Nate,
368 1086 458 1133 tibi
475 1088 604 1150 juro,
633 1087 767 1150 quod
793 1103 882 1134 nos
908 1086 1149 1150 auditque
1174 1087 1436 1150 videtque;

192 1162 303 1211 Hoc
324 1172 389 1219 te,
408 1180 558 1227 quem
581 1171 795 1228 spectas,
814 1164 907 1211 hoc
933 1171 999 1222 te,
1019 1163 1105 1227 qui
1126 1170 1374 1227 temperat
1391 1163 1578 1220 orbem,

194 1241 310 1288 Sole
330 1249 520 1288 satum:
562 1241 601 1288 si
627 1241 745 1288 ficta
771 1242 960 1305 loquor,
989 1248 1140 1303 neget
1164 1241 1270 1305 ipse
1294 1240 1564 1288 videndum

193 1318 259 1364 Se
286 1319 432 1376 mihi;
473 1319 637 1382 sitque
660 1320 816 1367 oculis
842 1320 929 1365 lux
950 1319 1046 1366 ista
1070 1317 1336 1366 novissima
1360 1317 1558 1365 nostris.

193 1394 300 1443 Nec
326 1396 502 1458 longus
527 1397 664 1444 labor
689 1405 766 1444 est
790 1396 976 1461 patrios
1001 1396 1090 1444 tibi
1117 1412 1262 1443 nosse
1289 1403 1526 1459 penates:

233 1528 305 1559 759.
336 1528 499 1560 Phaethon
529 1540 589 1560 non
618 1536 682 1561 tam
712 1530 848 1561 recrimi-

191 1576 267 1611 nari,
294 1587 387 1617 quam
415 1579 570 1617 repellere,
599 1580 741 1610 ferociter
770 1590 788 1610 a
817 1590 850 1611 se

192 1626 311 1656 amoliri
323 1626 401 1657 illud
417 1627 533 1658 crimen
544 1628 679 1659 volebat.

235 1675 307 1706 761.
333 1676 382 1706 Me
394 1678 464 1707 cfflo
480 1678 600 1718 assera]
627 1677 763 1709 Vindica
774 1678 849 1709 mihi

190 1722 327 1754 divinam
341 1725 504 1766 originem.

234 1773 306 1803 763.
346 1774 475 1814 Merops,
507 1775 635 1806 maritus
669 1776 848 1817 Clymenes,

190 1827 277 1862 pater
313 1822 473 1864 putativus
510 1824 718 1855 Phaethontis
747 1826 851 1865 (Fast.

189 1869 233 1900 iii.
257 1872 326 1910 30.)
354 1877 384 1903 et
410 1883 462 1902 rex
489 1873 678 1915 AEthiopiae:
714 1874 784 1905 vide
811 1875 851 1906 ad

191 1930 254 1949 ver.
286 1921 357 1950 774.
396 1921 535 1951 Sororum
565 1922 691 1953 nomina
717 1922 790 1954 vide
819 1923 851 1954 ii.

190 1970 263 1999 346.
309 1970 369 2000 Per
393 1969 501 2001 harum
526 1973 615 2001 cci-das
634 1971 806 2013 jugales,i.
823 1983 852 2004 e.

192 2018 326 2059 nuptias,
337 2019 457 2056 maluit,
470 2025 503 2050 ut
519 2020 632 2062 aptius,
642 2031 737 2062 quam
747 2028 849 2061 caput,

192 2073 320 2098 matrem
335 2078 432 2099 orare.

237 2116 308 2147 766.
348 2118 479 2154 Crimen,
509 2117 693 2149 criminatio.
743 2119 849 2150 Gloss.

191 2166 351 2207 explicant
365 2177 418 2207 per
432 2167 589 2209 ἔγκλημα,
605 2166 781 2207 διαβολὴν.
806 2169 850 2199 Η.

192 2214 211 2244 l.
236 2214 425 2245 insimulatio
454 2215 618 2253 adulterii3
648 2217 850 2257 quemadmo-

192 2263 264 2294 dum
281 2271 422 2306 stuprum
443 2265 543 2306 ipsum
565 2276 647 2306 saepe
669 2265 752 2307 apud
769 2266 849 2297 Nos-

193 2318 271 2342 trum
296 2316 408 2343 crimen
431 2313 554 2344 dicitur.
599 2313 671 2345 vid.
692 2315 851 2346 Drakenb.

194 2362 231 2392 ad
250 2363 304 2392 Sil.
321 2362 361 2392 vi.
374 2363 450 2393 634.

237 2413 311 2441 767.
338 2411 470 2441 Lumina
495 2412 569 2441 Solis
589 2412 775 2454 periphrasis
797 2415 849 2443 So-

193 2461 249 2497 lis;
273 2466 366 2501 atque
390 2460 483 2491 ctiam
500 2463 598 2501 jubar
624 2472 704 2492 nunc
730 2468 777 2492 est
799 2463 851 2493 Sol

194 2510 268 2551 ipse.
318 2510 498 2549 I’erjubar.
544 2511 604 2540 Per
618 2511 721 2541 Solem
735 2512 850 2554 jurare,

194 2570 327 2600 cunique
346 2565 456 2589 testem
473 2560 574 2590 facere
591 2566 644 2590 aut
665 2560 850 2591 innocentiae

193 2618 269 2642 suan,
303 2613 356 2638 aut
393 2607 511 2648 injuria:
549 2608 675 2639 alterius
711 2610 853 2640 solebant

197 2657 336 2687 Veteres.
364 2658 447 2687 lnl'ra
463 2657 505 2687 iv.
519 2658 599 2695 2383
627 2658 711 2699 Virg.
726 2658 852 2689 AEneid.

194 2705 247 2735 xii.
285 2707 360 2736 176:
401 2706 468 2737 vide
511 2708 680 2737 Burmann.
710 2708 740 2738 in
774 2709 853 2738 Jove

197 2755 283 2795 Fulg.
299 2766 349 2785 xv.
397 2757 434 2786 lit
460 2766 540 2786 nunc
557 2755 682 2796 quidem
699 2756 850 2797 Clymene

918 1542 979 1561 non
1013 1535 1133 1572 poterat
1169 1529 1340 1571 graviorem
1371 1527 1432 1560 veri
1469 1532 1581 1559 testem

918 1581 1002 1617 dare,
1018 1590 1112 1621 quam
1134 1579 1248 1615 Solem,
1264 1586 1385 1621 patrem
1407 1578 1521 1620 ipsum,
1540 1577 1580 1609 de

918 1641 980 1672 quo
1004 1629 1218 1660 dubitabatur.
1265 1630 1447 1660 Commotus
1475 1635 1580 1659 autem

919 1679 1040 1709 animus
1077 1689 1116 1709 ex
1150 1678 1375 1709 asseveratione
1410 1688 1475 1719 seq.
1504 1677 1580 1708 satis

918 1729 1033 1759 elucet.
1081 1728 1167 1762 Quod.
1196 1739 1247 1758 uos
1283 1729 1383 1763 audit,
1417 1733 1479 1757 etc.
1525 1726 1577 1758 Sol

918 1778 1007 1808 Deus
1036 1776 1231 1819 πανδέρκης,
1260 1776 1451 1815 πανόπτης,
1475 1775 1582 1807 omnia

917 1827 1053 1863 intuens,
1069 1827 1172 1858 omnia
1187 1827 1282 1857 etiam
1299 1825 1481 1857 exaudiens.
1496 1825 1581 1857 Plin.

918 1878 962 1909 H.
986 1877 1028 1908 N.
1051 1876 1084 1908 ii.
1105 1877 1145 1915 63
1169 1887 1206 1907 ex
1231 1877 1366 1907 Homero
1388 1875 1426 1905 ll.
1448 1879 1485 1907 Γ.
1505 1875 1582 1906 277.

916 1924 1041 1963 Ἠέλιος
1056 1924 1140 1963 θ’,ὃς
1155 1923 1253 1956 πάντ’
1265 1923 1389 1967 ἐφοράς,
1407 1924 1460 1955 καὶ
1478 1922 1578 1955 πάντ’

916 1973 1094 2011 ἐπακούεις.
1141 1974 1190 2004 Cf.
1206 1974 1308 2006 Cerda
1324 1973 1376 2004 ad.
1392 1972 1504 2014 Virgil.
1519 1974 1580 2003 AE-

918 2023 1001 2054 neid.
1017 2023 1058 2053 iv.
1074 2023 1147 2054 607.

960 2072 1032 2102 770.
1051 2072 1111 2106 Qui
1123 2078 1264 2111 temperat
1282 2071 1407 2111 orheim]
1437 2071 1488 2101 Sol
1506 2077 1577 2101 zem-

915 2127 999 2160 perat
1022 2123 1129 2157 orbem,
1156 2120 1230 2151 dum
1260 2120 1363 2150 lucem
1387 2125 1418 2150 et
1444 2119 1579 2150 calorem

916 2170 1057 2211 largitur,
1073 2170 1150 2200 forte
1166 2175 1197 2200 et
1213 2176 1331 2199 motum
1348 2168 1454 2198 tribuit
1470 2169 1579 2210 plane-

917 2219 967 2255 tis,
979 2219 1269 2260 vicissitudinesque
1287 2226 1459 2260 temporum
1473 2218 1580 2250 efficit.

919 2269 1027 2299 Horat.
1043 2269 1071 2299 Ι.
1088 2269 1149 2299 Od.
1166 2268 1196 2299 ii.
1216 2269 1273 2299 15:
1298 2267 1422 2309 Jupiter
1438 2273 1579 2308 temperat

920 2320 1074 2353 mundum,
1091 2318 1179 2358 regit.

963 2367 1035 2397 773.
1063 2368 1181 2397 Patrios
1209 2372 1338 2405 penate&
1363 2368 1494 2407 patriam
1525 2364 1579 2396 do-

919 2427 1016 2452 mum,
1032 2416 1145 2457 regiam
1170 2416 1265 2446 Solis:
1290 2415 1353 2445 vid.
1370 2415 1409 2445 ad
1426 2425 1487 2446 ver.
1506 2415 1578 2447 174.

921 2465 997 2496 Haec
1013 2468 1090 2496 nude
1102 2467 1200 2496 oritur
1213 2465 1276 2500 Sol,
1288 2475 1305 2495 a
1322 2470 1408 2506 parte
1424 2463 1578 2501 orientali,

919 2518 1101 2545 contermina
1130 2522 1169 2545 est
1200 2522 1284 2544 terme
1316 2520 1429 2544 nostrcf.
1483 2513 1578 2555 Apud

919 2564 1060 2605 Euripid.
1083 2563 1216 2595 Phaeth.
1239 2563 1348 2604 fragm.
1371 2574 1402 2605 p.
1419 2563 1492 2593 462.
1509 2569 1530 2594 t.
1547 2562 1578 2593 ii.

919 2613 993 2644 edit.
1011 2613 1093 2655 Lips.
1135 2614 1261 2654 Merops
1284 2620 1409 2643 voc-rtur
1434 2623 1486 2642 rex
1511 2611 1579 2652 ejus

922 2668 1021 2698 terrae,
1033 2672 1125 2703 quam
1142 2661 1270 2703 primam
1287 2661 1337 2691 sol
1354 2659 1493 2691 exoriens
1508 2660 1579 2690 illu-

921 2716 1005 2746 stret,
1037 2717 1068 2742 et
1093 2721 1187 2752 quam
1216 2709 1292 2750 nigri
1321 2708 1414 2740 vicini
1446 2710 1577 2739 lucidam

923 2761 1068 2789 Auroram
1083 2759 1138 2800 (ἕω
1149 2759 1313 2799 φαεννὰν)
1325 2764 1355 2789 et
1371 2758 1446 2788 Solis
1460 2758 1576 2788 stabula
