1729 3207
227 200 285 241 66

614 197 665 238 Ρ.
699 194 883 237 OVIDI
894 194 914 235 Ι
949 192 1226 235 NASONIS

232 313 385 375 Ignea
408 311 616 360 convexi
642 311 713 357 vis
738 316 788 357 et
812 309 917 356 sine
943 308 1161 372 pondere
1185 308 1295 355 coeli

233 389 465 444 Emicuit,
493 402 784 449 summaque
812 386 973 432 locum
999 385 1092 431 sibi
1118 385 1237 447 legit
1261 385 1310 431 in
1337 400 1475 432 arce:

232 467 496 514 Proximus
522 473 598 512 est
623 480 705 512 aer
730 464 798 510 illi
824 462 1040 518 levitate,
1067 462 1304 524 locoque:

234 543 445 590 Densior
469 542 545 589 his
570 541 731 596 tellus,
760 541 1104 601 elementaque
1129 538 1335 601 grandia
1356 537 1534 593 traxit3

232 620 299 667 Et
318 634 489 683 pressa
512 626 589 666 est
606 617 845 680 gravitate
872 617 946 663 sui
967 634 976 664 :
1008 616 1325 664 circumfluus
1346 615 1521 661 humor
1545 618 1609 661 30

234 697 422 745 Ultima
445 696 684 760 possedit,
712 695 1026 757 solidumque
1051 692 1272 741 coercuit
1295 692 1481 739 orbem.

299 775 383 821 Sic
407 773 492 821 ubi
517 773 826 837 dispositam,
855 771 1083 835 quisquis
1107 770 1202 817 fuit
1226 770 1310 817 ille
1336 769 1570 825 Deorum,

271 929 323 959 26.
347 928 442 969 Ignea
462 928 592 962 centeii,
605 926 680 967 etc.]
709 926 759 957 Cf.
777 925 884 956 Tibul.

227 979 285 1010 lv.
310 978 331 1008 i.
361 978 505 1014 19-23;
534 975 700 1007 Claudian.
728 976 770 1006 R.
799 976 836 1006 P.
864 975 885 1005 i.

227 1029 291 1060 246
317 1039 388 1069 sqq.
413 1026 468 1058 ubi
494 1025 679 1068 Proserpina
706 1025 764 1056 hoc
792 1034 883 1066 argu-

227 1083 367 1109 mentum
382 1076 469 1108 texit.
514 1076 544 1106 Is
560 1076 769 1106 elementorum
784 1076 885 1105 seriem

227 1127 311 1158 hunc
336 1125 467 1168 primum
496 1125 625 1155 Naturae
655 1130 759 1155 actum
783 1129 885 1153 vocat.

226 1177 323 1218 Ignea
360 1177 413 1211 ris,
443 1173 629 1216 periphrasis
662 1172 742 1214 ignis
780 1171 885 1214 ipsius.

232 1226 292 1262 Vis,
317 1224 388 1265 βίη,
415 1223 499 1265 apud
521 1228 627 1265 poetas
651 1232 733 1264 saepe
759 1220 886 1252 inservit

227 1272 409 1317 periphrasi.
457 1272 540 1315 Ignis
563 1282 652 1314 porro
681 1273 747 1302 ccrli
770 1277 818 1302 est
843 1282 884 1301 ω-

227 1324 307 1360 ther,
323 1322 376 1365 qui
400 1328 521 1353 constat
544 1321 637 1362 ignea
653 1326 763 1351 natura
779 1320 885 1361 (Virg.

227 1373 297 1404 Ecl.
311 1373 353 1403 vi.
364 1373 417 1403 33.
432 1372 563 1411 liquidus
579 1372 667 1412 iguis.
697 1370 801 1400 Tibul.
817 1369 848 1399 d.
865 1369 886 1399 l.

228 1426 334 1465 igneus
343 1420 462 1461 cethem)
479 1431 547 1462 quae
563 1420 674 1450 eadem
696 1424 744 1450 est
766 1418 886 1450 levissi—

228 1482 290 1502 ma.
315 1471 492 1506 Commium,
508 1479 563 1511 pro
576 1479 768 1506 concavum3
792 1478 886 1509 quem

228 1531 318 1552 usum
346 1519 414 1550 Cic.
433 1518 465 1549 in
492 1516 628 1554 Arateis,
643 1528 708 1549 ver.
735 1518 807 1553 314,
824 1516 884 1559 pri-

227 1580 297 1600 mus
316 1567 470 1599 invexisse
486 1567 607 1598 videtur
622 1566 726 1607 Heyn.
743 1566 783 1597 ad
798 1566 886 1607 Virg.

230 1619 306 1649 AEn.
321 1617 362 1648 iv.
378 1618 452 1648 451.
829 1634 833 1639 ,

271 1668 323 1697 27.
350 1664 509 1705 Emicuit]
541 1665 686 1706 Repente
702 1670 734 1696 et
748 1662 888 1695 celeriter

228 1715 381 1759 prosiluit,
398 1715 481 1757 quod
503 1715 632 1744 verbum
655 1713 790 1744 maxime
813 1724 886 1744 con-

229 1766 314 1798 venit
330 1764 450 1796 levitati
460 1763 595 1795 aetheris.
628 1763 747 1794 Summa
761 1774 826 1799 arx,
843 1762 888 1794 al-

229 1814 350 1846 tissima
373 1812 483 1844 mundi
510 1822 573 1843 ora.
619 1812 681 1842 Sibi
707 1813 791 1853 legit,
821 1817 888 1843 tan-

229 1874 323 1906 quam
348 1873 405 1894 sua
432 1867 541 1904 sponte
568 1861 685 1898 fecerit,
709 1861 792 1903 quod
819 1861 888 1902 lege

229 1918 347 1944 naturae
363 1912 467 1942 fiebat.
514 1910 615 1941 Etiam
631 1921 682 1952 ap.
698 1910 812 1942 Claud.
823 1910 856 1941 d.
867 1911 889 1941 l.

230 1960 371 1993 nonnulli
387 1961 459 2002 legit
473 1960 599 2001 flamma
615 1960 726 1998 polum.
764 1959 817 1990 Cf.
833 1959 888 1990 xii.

231 2010 347 2043 43.ubi
362 2009 474 2041 eadem
489 2010 584 2040 verba
596 2008 634 2040 de
650 2010 759 2040 Fama.

273 2062 327 2092 29.
362 2060 516 2090 Elementa
537 2058 698 2100 grandim]
731 2059 890 2090 Crassiora

231 2121 394 2153 corporum
417 2109 551 2140 stamina
574 2108 712 2144 attraxit,
729 2119 798 2150 quae
814 2119 889 2150 pon-

231 2160 305 2192 dere
324 2169 379 2190 suo
400 2158 545 2189 deorsum
560 2158 739 2199 vergebant.
786 2158 890 2188 Pressa

231 2218 288 2247 est,
305 2214 341 2240 ut
362 2208 544 2240 subsideret.
567 2209 652 2239 Fast.
668 2219 696 2238 v.
723 2208 781 2238 13:
810 2208 889 2238 Pon-

231 2262 299 2291 dere
312 2265 393 2289 terra
402 2269 453 2288 suo
467 2259 594 2288 subsedit
610 2263 636 2287 et
648 2267 763 2297 (equora
775 2259 869 2288 tramit
878 2269 889 2294 ,-

231 2308 316 2351 quod
335 2312 471 2338 sumtum
492 2317 508 2337 e
529 2306 632 2337 Tibul.
654 2306 687 2337 d.
709 2305 733 2337 l.
753 2319 759 2336 :
787 2306 892 2341 Qualis

229 2360 263 2389 in
279 2359 415 2388 immenso
428 2357 573 2386 desederit
586 2367 653 2386 aere
669 2356 766 2387 tellus.
866 2345 879 2359 '

275 2408 327 2438 30.
350 2405 432 2445 Sui.]
454 2405 588 2436 Cantab.
599 2411 630 2436 et
641 2405 750 2446 viginti
761 2404 813 2436 alii
826 2416 892 2437 sua.

232 2457 354 2498 Nempe
389 2453 516 2495 genitiv.
538 2465 626 2495 pron.
654 2454 802 2496 primitivi
836 2464 891 2496 po-

230 2505 325 2541 nitur,
350 2503 404 2534 ubi
428 2503 454 2534 is
479 2514 569 2534 casus
595 2514 614 2534 a
638 2503 762 2535 nomine
785 2502 890 2534 adsec-

230 2560 280 2586 tus
304 2558 359 2584 aut
373 2552 534 2583 facultatis
558 2552 684 2594 pendet,
700 2552 753 2584 sed
777 2551 890 2584 deinde

230 2610 262 2635 et
272 2603 337 2635 sine
355 2601 410 2633 tali
425 2601 557 2633 nomine.
583 2602 695 2643 Itaque
711 2612 792 2644 saepe
808 2601 839 2632 in
854 2612 890 2633 eo

231 2653 352 2684 variant
365 2651 445 2682 libri.
493 2651 706 2694 circumfluas,
722 2650 888 2694 (περίρῤυ-

231 2702 303 2741 τος)
319 2703 434 2737 luunor,
451 2701 611 2731 Oceanus.

274 2752 326 2781 31.
347 2750 623 2790 (.'ltimaposse‹1ie.]
649 2749 891 2782 profundissima

953 924 1128 966 occupavit,
1150 923 1226 965 quia
1250 928 1338 953 terrae
1362 922 1500 953 eminent
1521 932 1613 963 super

953 972 1072 1004 Oceani
1109 971 1314 1014 superficiem.
1372 970 1473 1002 Aliter
1508 971 1615 1002 Sever-

953 1024 1042 1053 AEtn.
1055 1023 1126 1053 103.
1138 1033 1198 1053 sors
1211 1023 1282 1052 data
1296 1022 1368 1052 coelo
1385 1021 1500 1056 Prima,
1510 1026 1612 1051 secuta

952 1075 1052 1108 maris,
1075 1073 1243 1111 deseditque
1260 1071 1365 1111 infima
1388 1070 1487 1100 tellus.
1530 1070 1611 1101 Len-

953 1121 1017 1153 zius
1043 1133 1113 1152 vero
1142 1132 1197 1163 per
1221 1121 1329 1151 ultima
1359 1120 1416 1150 int.
1443 1119 1612 1161 marginem

952 1171 1034 1202 orbis
1063 1177 1212 1202 terrarum
1241 1169 1338 1211 plani,
1363 1174 1456 1210 atque
1483 1171 1610 1200 circum-

941 1221 1032 1262 fluus
1052 1225 1142 1262 putat
1165 1229 1233 1250 esse
1256 1217 1413 1249 Homeric.
1436 1216 1612 1259 ἀψόρῤοος,

952 1271 985 1300 in
1005 1281 1034 1300 se
1056 1272 1152 1309 ipsum
1168 1270 1283 1299 rediens
1298 1279 1308 1305 ,·
1332 1267 1387 1298 sed
1403 1267 1473 1298 vide
1490 1266 1530 1297 ad
1545 1278 1611 1298 ver.

954 1320 1002 1350 12.
1047 1319 1182 1349 Solidum
1199 1320 1305 1353 orbem,
1321 1323 1432 1348 terram
1450 1315 1610 1347 continen-

953 1373 1026 1404 tem,
1044 1378 1113 1409 quae
1129 1366 1254 1398 solidior
1267 1367 1367 1397 multo
1383 1365 1484 1408 aquis.
1524 1366 1612 1396 Coer-

952 1420 1027 1454 cuit,
1056 1416 1265 1459 amplectitur,
1292 1416 1400 1448 ambit.
1444 1415 1531 1447 Infra
1562 1427 1614 1447 xv.

953 1469 1013 1499 251
1031 1480 1037 1497 ε
1065 1467 1166 1497 Tellus
1186 1468 1305 1508 cogitur
1317 1467 1411 1496 unda.
1456 1465 1613 1496 Caeterum

953 1517 1013 1548 huc
1029 1516 1164 1559 respexit
1178 1516 1320 1546 Lactant.
1336 1515 1413 1546 [nst.
1429 1514 1495 1545 div.
1511 1514 1557 1545 II.
1572 1514 1615 1545 ix.

953 1569 972 1598 2
985 1579 991 1597 :
1016 1567 1141 1598 Terram
1158 1567 1252 1596 voluit
1267 1566 1390 1596 humore
1400 1565 1572 1606 circumflui
1586 1571 1614 1595 et

952 1618 1111 1648 contineri.

996 1666 1137 1697 32—88.
1148 1663 1386 1706 Sic—redegit]
1408 1662 1494 1694 Ordo
1504 1668 1536 1694 et
1544 1674 1615 1694 sen-

954 1726 1006 1747 sus
1021 1715 1127 1746 horum
1144 1715 1305 1746 verborum
1318 1714 1411 1744 debet
1426 1712 1510 1743 haud
1521 1712 1616 1744 dubie

955 1775 1022 1796 esse
1032 1764 1101 1795 hic:
1125 1775 1222 1805 quum
1237 1764 1324 1794 Deus
1334 1763 1498 1804 congeriem
1511 1761 1612 1798 illam,

955 1814 1063 1845 rudem
1077 1820 1108 1845 et
1122 1813 1309 1854 indigestam
1327 1811 1452 1848 molem,
1467 1812 1615 1847 secuisset,

955 1863 1121 1899 divisisset,
1137 1868 1231 1904 atque
1249 1861 1282 1892 in
1296 1863 1436 1897 membra,
1451 1860 1616 1893 distinctas

955 1919 1070 1955 partes,
1086 1922 1212 1954 aquam,
1228 1917 1351 1947 terram,
1367 1909 1538 1951 redegisset
1557 1911 1614 1941 22-

955 1963 1009 1998 23,
1038 1967 1133 2003 atque
1167 1961 1244 1991 adeo
1276 1961 1472 2000 disposuisset,
1501 1958 1615 2001 cuique

956 2011 1037 2053 parti
1056 2021 1147 2042 suum
1164 2010 1269 2042 locum
1289 2009 1487 2051 assignasset,
1502 2010 1614 2041 25-31.

957 2061 1076 2091 Amant
1100 2066 1200 2102 poetae
1225 2059 1378 2102 ejusmodi
1403 2058 1616 2100 transpositio-

957 2120 1023 2141 nes.
1067 2110 1316 2151 Virg.Ge0rg.i.
1332 2109 1415 2140 319:
1455 2109 1615 2143 Quoe—se-

953 2160 1217 2201 gezem—sublime
1228 2159 1379 2198 e.1pulsam
1394 2165 1544 2194 eruerent,
1556 2157 1577 2189 i.
1587 2168 1616 2190 e.

957 2215 1100 2241 eruerent
1117 2214 1150 2240 et
1171 2208 1285 2240 deinde
1305 2207 1337 2238 in
1358 2218 1462 2239 aerem
1480 2207 1617 2249 expelle-

957 2264 1036 2290 rent.
1059 2258 1160 2294 Idem,
1188 2268 1250 2289 ver.
1266 2258 1348 2288 400:
1371 2258 1480 2288 solutos
1493 2259 1619 2297 jactare

957 2309 1112 2348 maniplos,
1137 2308 1258 2350 jactare
1291 2306 1467 2348 manipulos
1498 2305 1555 2342 sic,
1582 2311 1617 2337 ut

958 2357 1128 2388 solvantur.
1174 2355 1320 2387 Similiter
1347 2356 1463 2386 Noster
1490 2354 1618 2397 passim.

959 2406 1041 2437 Vide
1049 2405 1089 2436 ad
1101 2416 1165 2437 ver.
1178 2406 1253 2436 303.
1291 2406 1400 2436 Burm.
1414 2410 1519 2435 tamen
1532 2414 1613 2446 prae—

959 2454 1017 2486 sert
1035 2455 1165 2486 alteram
1180 2454 1347 2486 lectionem
1368 2455 1564 2494 compositam,
1581 2458 1616 2484 ut

959 2505 1036 2537 adeo
1047 2507 1203 2546 composita
1216 2506 1364 2546 congeries
1373 2504 1412 2535 sit
1421 2503 1475 2535 ille
1486 2503 1616 2545 κόσμος,

958 2555 1026 2585 scil.
1050 2556 1180 2585 mundus
1204 2553 1470 2596 philosophorum.
1517 2553 1617 2584 Bene.

957 2604 1017 2635 Sed
1039 2614 1088 2635 me
1108 2603 1239 2635 offendit
1258 2603 1327 2639 hoc,
1344 2601 1427 2644 quod
1442 2601 1500 2633 illa
1520 2602 1618 2633 moles

958 2653 1096 2684 nondum
1111 2659 1197 2685 secta
1209 2663 1269 2684 non
1282 2657 1404 2695 poterat
1418 2651 1548 2693 κόσμος,
1564 2657 1618 2682 aut

958 2705 1087 2734 mundus
1110 2713 1202 2734 sensu
1232 2701 1286 2732 illo
1310 2699 1523 2744 philosophico
1543 2699 1618 2731 dici.

960 2750 1028 2782 Cic.
1053 2749 1085 2781 in
1107 2750 1237 2785 Timaem
1262 2760 1335 2790 cap.
1356 2748 1439 2780 xxxi.
1462 2759 1496 2790 p.
1522 2748 1616 2781 1114.
