1729 3207
242 212 326 254 110

627 211 678 253 Ρ.
711 211 925 254 OVIDII
958 210 1238 254 NASONIS

248 327 367 374 Fors
393 326 562 389 ignara
586 328 741 382 dedit,
770 327 858 374 sed
883 342 1012 374 saeva
1038 327 1300 392 Cupidinis
1326 328 1411 375 ira.

246 403 420 451 Delius
445 404 576 451 hunc
602 419 775 468 nuper,
802 403 933 450 victa
957 411 1187 467 serpente
1213 405 1475 468 superbus,

244 480 450 528 Viderat
475 482 690 528 adducto
714 481 1001 528 flectentem
1026 496 1212 528 cornua
1236 497 1411 529 nervo:

1530 484 1626 529 455

242 562 274 581 “
297 556 532 621 Quidque
552 558 656 613 tibi,
676 557 858 604 lascive
884 573 1022 620 puer,
1041 573 1154 604 eum
1181 557 1389 605 fortibus
1417 558 1625 606 armis?''

241 634 475 682 Dixerat:
507 635 648 682 “ista
663 635 844 682 decent
864 633 1094 681 humeros
1112 635 1389 696 gestamina
1408 643 1624 692 nostros3

240 710 338 765 Qui
363 711 479 759 dare
505 719 640 758 certa
663 711 793 767 ferae,
816 711 932 758 dare
951 712 1155 759 vulnera
1179 728 1443 775 possumus
1469 712 1622 767 hosti;

240 787 339 842 Qui
364 788 526 845 modo,
554 789 788 852 pestifero
813 795 886 836 tot
905 790 1082 852 jugera
1104 798 1273 838 ventre
1300 797 1624 853 prementem,

241 865 514 913 Stravimus
539 866 825 922 innumeris,
853 866 1097 913 tumidum
1124 867 1376 931 Pythona,
1406 866 1616 929 sagittis.

240 941 317 989 Tu
342 942 465 1000 face,
493 943 660 990 nescio
687 959 830 1007 quos,
859 949 966 989 esto
992 950 1258 990 contentus
1284 959 1476 991 amores
1531 946 1622 990 461

242 1018 440 1068 Irritare
464 1027 576 1068 tua:
618 1036 709 1068 nec
736 1018 908 1067 laudes
934 1019 1108 1067 adsere
1133 1020 1377 1067 nostras.’'

240 1095 393 1144 Filius
415 1097 529 1145 huic
553 1097 762 1146 Veneris
782 1114 792 1145 :
834 1103 863 1121 “
885 1095 1032 1159 Figat
1055 1103 1170 1144 tuus
1193 1097 1373 1152 omnia,
1401 1096 1609 1152 Phoebe,

237 1193 276 1225 11.
293 1197 334 1226 A.
356 1195 405 1226 14.
448 1196 606 1238 Daphnen
628 1195 747 1227 faciunt
763 1195 899 1227 Ladonis

237 1243 344 1280 filiam,
361 1245 414 1286 qui
435 1250 482 1276 est
505 1245 649 1276 Arcadiae
671 1244 803 1277 fluvius:
827 1247 898 1277 vide

239 1292 279 1322 ad
299 1303 362 1324 ver.
379 1294 451 1324 701.
496 1294 610 1325 Noster
633 1294 763 1333 melius3
786 1295 900 1337 Apollo

237 1339 334 1377 enim,
361 1341 505 1383 Pythone
531 1342 705 1378 interfecto,
728 1342 760 1374 in
782 1344 899 1386 Tempe

236 1389 340 1427 latuit,
354 1402 409 1434 per
425 1402 495 1433 quae
515 1392 633 1423 Peneus
648 1392 774 1423 labitur.

281 1439 356 1470 453.
380 1440 452 1470 Fors
469 1443 589 1482 ignara,
606 1451 702 1477 caeca,
717 1440 834 1483 ignota.
861 1441 901 1471 Et

229 1488 301 1530 fors
316 1490 398 1519 dedit
416 1489 548 1520 formula
563 1490 697 1521 solennis
713 1490 751 1521 de
767 1490 815 1526 iis,
831 1501 900 1531 quae

239 1548 326 1574 casu,
355 1538 432 1569 forte
463 1537 595 1575 fortuna,
625 1539 789 1570 eveniunt:
830 1539 900 1570 vide

237 1586 348 1618 Heins.
381 1587 473 1624 Saeva,
485 1589 596 1630 πικρὴ,
608 1589 736 1621 refertur
752 1588 791 1620 ad
807 1588 900 1619 ulcis-

239 1636 331 1667 cendi
344 1636 493 1668 studium.

280 1686 353 1717 454.
369 1686 518 1725 Superbus
527 1685 648 1728 proprie
661 1685 699 1717 de
712 1686 898 1717 victoribus:

236 1733 309 1765 vide
333 1735 439 1776 Heyn.
466 1735 519 1766 ad.
537 1736 625 1776 Virg.
649 1735 779 1767 AEneid.
802 1736 824 1767 i.
847 1737 899 1767 21.

238 1784 333 1815 Hunc
357 1784 459 1826 ipsum
480 1784 673 1826 Apollinem,
690 1784 820 1816 victoria
840 1785 899 1816 hac

236 1833 480 1875 superbientem,
498 1833 654 1875 Apollinis
671 1834 818 1865 Vaticani
837 1840 899 1865 sta—

237 1887 293 1914 tua
326 1883 438 1914 referre
473 1883 622 1914 creditur:
666 1883 900 1915 Winkelmanni

240 1932 323 1962 Hist.
338 1932 409 1962 Art.
423 1943 454 1974 p.
469 1932 543 1962 392.

281 1982 354 2012 455.
377 1981 677 2022 Adducto—nervo]
705 1980 820 2012 Arcum
832 1987 900 2013 ten-

237 2029 374 2061 dentem.
413 2029 474 2061 Sed
489 2029 556 2060 haec
573 2035 604 2061 et
620 2029 694 2061 talia
710 2030 811 2061 solent
824 2041 898 2072 poe·

236 2084 288 2115 tae,
312 2077 474 2110 tenuitatis
500 2077 635 2109 vitandae
662 2089 770 2116 causa,
793 2086 899 2110 ornate

237 2128 356 2159 efferre.
399 2128 518 2158 Adducl
547 2138 620 2158 vero
653 2127 766 2159 dicitur
795 2138 897 2165 arcus,

236 2187 333 2218 quum
348 2176 495 2208 tenditur.
540 2178 618 2214 Quae
634 2177 774 2219 sequitur
789 2178 898 2214 oratio,

237 2231 443 2268 attemperata
479 2231 525 2256 est
560 2226 713 2267 superbiae
749 2225 895 2264 victoris;

236 2274 400 2316 magnifice
422 2273 461 2305 de
478 2285 510 2305 se
530 2274 679 2316 loquitur,
695 2275 897 2317 contemptim

236 2322 275 2354 de
291 2321 414 2354 aemulo.

280 2373 353 2403 456.
389 2372 494 2403 Fortia
519 2371 633 2412 arma]
675 2371 803 2408 Gravia,
826 2382 896 2413 quae

236 2432 297 2452 non
329 2421 387 2452 nisi
415 2432 433 2452 a
461 2421 590 2453 fortibus
615 2421 688 2451 vin's
715 2426 896 2458 tractantur,

236 2476 269 2501 ut
283 2481 384 2502 arcus.
413 2469 474 2501 Sed
487 2476 518 2501 et
533 2470 655 2512 Cupido
670 2475 717 2502 est
733 2471 896 2509 τοξευτής,

234 2526 269 2550 ut
294 2525 421 2551 vocatur
445 2530 464 2550 a
488 2519 623 2550 Colutho
648 2530 712 2550 ver.
738 2521 791 2550 29.
832 2519 896 2550 Re-

232 2568 335 2610 spexit
355 2574 459 2599 autem
481 2568 563 2599 hunc
586 2574 684 2599 totum
705 2568 765 2599 loc.
785 2569 895 2599 Senec.

235 2617 366 2659 Hippol.
381 2617 445 2648 275
460 2627 530 2659 sqq.
563 2617 622 2647 Iste
637 2619 763 2647 lascivus
776 2629 895 2657 puer—

233 2666 293 2695 tela
307 2677 395 2706 quam
410 2673 489 2696 certo
505 2667 674 2696 moderatur
689 2677 775 2702 areu,
787 2672 851 2697 etc.

277 2715 351 2745 457.
393 2713 562 2750 Gestamen,
601 2724 701 2750 arcus,
739 2721 896 2756 quatenus

232 2768 382 2805 gestatur.
419 2763 516 2795 Amat
528 2762 642 2795 Noster
655 2763 849 2795 substantiva
863 2764 894 2795 in

966 1206 1049 1226 amen
1089 1194 1275 1226 desinentia.
1336 1194 1483 1225 Humeros
1518 1201 1630 1226 nostros

966 1244 1088 1286 plenius
1110 1254 1216 1285 quam,
1235 1255 1290 1279 me,
1308 1244 1383 1285 quia
1405 1254 1495 1274 arcus
1517 1255 1554 1275 ex
1572 1244 1628 1275 hu-

966 1293 1058 1324 meris
1069 1293 1324 1335 suspenduntur:
1352 1299 1461 1323 nostros
1471 1293 1550 1323 dixit
1561 1293 1630 1335 dig-

968 1342 1074 1373 nitatis
1091 1352 1185 1373 causa
1198 1354 1206 1379 3
1228 1342 1347 1384 ἴφθιμοι
1362 1343 1451 1384 ὦμοι,
1466 1343 1557 1373 fortes
1571 1343 1629 1374 hu-

968 1391 1056 1428 meri,
1068 1391 1246 1422 tribuuntur
1258 1391 1398 1434 Apollini
1409 1392 1493 1434 apud
1505 1393 1631 1424 Homer.

969 1441 1000 1472 h.
1016 1441 1108 1483 Apol.
1126 1442 1155 1472 7.

1012 1492 1085 1521 458.
1126 1491 1187 1525 Qui
1217 1493 1290 1522 dure
1318 1498 1400 1522 certa
1417 1491 1526 1533 ferm]
1565 1491 1632 1522 Dat

969 1546 1051 1571 certa
1077 1540 1204 1570 vulnera
1231 1539 1268 1575 is,
1295 1540 1384 1581 cujus
1409 1539 1522 1581 sagitta
1550 1551 1629 1571 nun-

969 1599 1062 1629 quam
1077 1589 1197 1619 aberrat
1212 1599 1231 1619 a
1248 1599 1351 1630 scopo.
1384 1589 1445 1620 Sed
1461 1595 1492 1620 et
1508 1589 1632 1631 Cupido

967 1645 1049 1668 certa
1066 1646 1167 1669 tenera
1186 1639 1244 1669 tela
1260 1640 1392 1669 demittit
1405 1651 1508 1674 mann,
1519 1639 1630 1670 Senec-

968 1687 1062 1718 Herc.
1074 1688 1140 1718 OEt.
1153 1698 1216 1718 ver.
1234 1688 1315 1726 5403
1330 1694 1361 1718 et
1377 1698 1415 1718 ex
1427 1688 1548 1730 pusillis
1565 1689 1632 1730 ejus

968 1735 1104 1768 humeris
1127 1736 1244 1778 pendet
1267 1735 1512 1779 πανδαμάτειρα
1536 1737 1628 1779 φαρέ-

967 1796 1026 1827 τρη
1036 1797 1047 1822 ;
1073 1785 1156 1826 quod
1172 1785 1286 1827 Apollo
1304 1786 1370 1827 ipse
1385 1796 1455 1816 mox
1472 1792 1504 1817 et
1518 1787 1631 1818 sentiet

967 1839 999 1865 et
1011 1834 1169 1872 fatebitur,
1185 1845 1249 1865 ver.
1261 1835 1337 1865 519.

1010 1884 1083 1914 460.
1104 1883 1275 1919 Tumidum,
1285 1883 1407 1914 scilicet
1417 1893 1547 1920 veneno,
1555 1895 1628 1916 con·

967 1931 1012 1962 fer
1026 1942 1056 1962 x.
1073 1933 1154 1970 3133
1178 1943 1207 1962 v.
1220 1931 1314 1962 Trist.
1328 1932 1363 1962 ii.
1383 1933 1433 1962 14.

1010 1981 1084 2011 461.
1109 1980 1155 2010 Τιι
1171 1980 1261 2022 face,
1294 1983 1389 2012 nescio
1417 1981 1513 2022 qnos]
1550 1982 1628 2014 Haec

966 2028 1010 2060 ita
1026 2029 1211 2072 respondent
1228 2030 1451 2071 superioribus,
1467 2037 1502 2061 ut
1518 2031 1549 2062 in
1564 2032 1629 2064 sin-

965 2078 1046 2119 gulis
1068 2078 1131 2109 fere
1147 2078 1247 2109 verbis
1271 2078 1310 2109 sit
1330 2079 1494 2120 oppositio.
1540 2081 1630 2112 Fuci-

967 2129 1020 2158 bus
1041 2138 1122 2170 saepe
1143 2133 1281 2158 armatus
1297 2127 1431 2169 Cupido.
1478 2129 1630 2161 Moschus

966 2175 1016 2208 Id.
1045 2176 1066 2207 i.
1091 2178 1151 2207 23:
1190 2177 1271 2208 Βαιὰ
1300 2177 1436 2218 λαμπὰς
1461 2178 1548 2210 ἐοῖσα
1571 2181 1630 2212 τὸν

965 2226 1060 2257 ἅλιον
1074 2226 1176 2257 αὑτὸν
1191 2225 1330 2262 civatem,
1346 2228 1477 2265 parvula
1491 2228 1554 2270 far
1575 2230 1630 2259 So—

967 2275 1021 2305 lem
1044 2277 1138 2315 ipsum
1159 2277 1290 2314 perurit.
1338 2275 1442 2306 Nescio
1463 2288 1542 2317 quos,
1559 2287 1632 2308 con-

965 2324 1119 2365 temptim,
1142 2334 1178 2354 ac
1204 2323 1228 2354 si
1251 2323 1382 2360 diceret,
1399 2324 1495 2361 leves,
1510 2325 1631 2363 molles,

965 2377 1058 2413 atque
1073 2372 1147 2403 viris
1159 2372 1374 2413 negligendos.

1008 2422 1081 2453 462.
1114 2421 1258 2457 Ιννὶιανε,
1289 2422 1440 2453 excitare.
1484 2423 1525 2454 Et
1554 2423 1630 2455 alibi

964 2470 1109 2507 occurrit,
1120 2471 1404 2512 irritareflammas,
1420 2483 1541 2508 amores,
1558 2478 1626 2504 ete:

964 2520 1036 2551 vide
1053 2521 1160 2552 Burm.
1198 2522 1262 2552 Nec
1280 2523 1382 2552 laudes
1397 2523 1500 2553 adsere
1515 2529 1629 2554 nostras

964 2569 1092 2600 refertur
1104 2569 1143 2599 ad
1156 2576 1312 2600 contentus
1326 2576 1394 2601 esto.
1440 2570 1559 2602 Laudes
1573 2571 1623 2602 vel

963 2617 1098 2659 insignia
1127 2618 1306 2655 honorifica,
1337 2619 1386 2650 vel
1420 2619 1488 2661 ipsa
1519 2620 1629 2661 gloria,

961 2667 1012 2698 Ad
1028 2667 1095 2698 haec
1110 2667 1240 2698 fidenter
1256 2669 1331 2699 satis
1345 2675 1376 2699 et
1395 2669 1528 2700 breviter
1548 2679 1627 2711 puer

962 2717 1109 2758 majorem
1126 2717 1184 2748 sibi
1200 2717 1329 2758 gloriam
1347 2718 1471 2749 adserit.
1505 2720 1626 2749 Adsere.

963 2766 1095 2808 Arroga,
1111 2766 1239 2798 vindica
1254 2766 1322 2799 tibi.
