<?xml version="1.0" encoding="UTF-8"?>
<!DOCTYPE html PUBLIC "-//W3C//DTD XHTML 1.0 Transitional//EN"
    "http://www.w3.org/TR/xhtml1/DTD/xhtml1-transitional.dtd">
<html xmlns="http://www.w3.org/1999/xhtml" xml:lang="en" lang="en">
 <head>
  <title>
</title>
<meta http-equiv="Content-Type" content="text/html;charset=utf-8" />
  <meta name='ocr-system' content='tesseract 3.04.00' />
  <meta name='ocr-capabilities' content='ocr_page ocr_carea ocr_par ocr_line ocrx_word'/>
</head>
<body>
  <div class='ocr_page' id='page_1' title='image "./povidiinasonisop03oviduoft_0432.png"; bbox 0 0 1763 3181; ppageno 0'>
   <div class='ocr_carea' id='block_1_1' title="bbox 250 189 1236 232">
    <p class='ocr_par' dir='ltr' id='par_1_1' title="bbox 250 189 1236 232">
     <span class='ocr_line' id='line_1_1' title="bbox 250 189 1236 232; baseline 0.001 -1"><span class='ocrx_word' id='word_1_1' title='bbox 250 190 334 231; x_wconf 75' lang='lat'>422</span> <span class='ocrx_word' id='word_1_2' title='bbox 630 190 680 230; x_wconf 89' lang='grc' dir='ltr'>Ρ.</span> <span class='ocrx_word' id='word_1_3' title='bbox 714 189 925 232; x_wconf 92' lang='lat' dir='ltr'>OVIDII</span> <span class='ocrx_word' id='word_1_4' title='bbox 960 189 1236 232; x_wconf 90' lang='lat' dir='ltr'>NASONIS</span> 
     </span>
    </p>
   </div>
   <div class='ocr_carea' id='block_1_2' title="bbox 250 305 1634 1527">
    <p class='ocr_par' dir='ltr' id='par_1_2' title="bbox 252 305 1634 985">
     <span class='ocr_line' id='line_1_2' title="bbox 257 305 1628 369; baseline 0.001 -18"><span class='ocrx_word' id='word_1_5' title='bbox 257 305 358 352; x_wconf 87' lang='lat' dir='ltr'>Sed</span> <span class='ocrx_word' id='word_1_6' title='bbox 380 305 524 351; x_wconf 90' lang='lat' dir='ltr'>simul</span> <span class='ocrx_word' id='word_1_7' title='bbox 549 321 611 352; x_wconf 89' lang='lat' dir='ltr'>ex</span> <span class='ocrx_word' id='word_1_8' title='bbox 637 305 788 352; x_wconf 89' lang='lat' dir='ltr'>nimia</span> <span class='ocrx_word' id='word_1_9' title='bbox 811 312 1018 353; x_wconf 89' lang='lat' dir='ltr'>matrem</span> <span class='ocrx_word' id='word_1_10' title='bbox 1043 307 1225 369; x_wconf 88' lang='lat' dir='ltr'>pietate</span> <span class='ocrx_word' id='word_1_11' title='bbox 1249 306 1416 353; x_wconf 87' lang='lat' dir='ltr'>labare</span> <span class='ocrx_word' id='word_1_12' title='bbox 1534 308 1628 354; x_wconf 89' lang='lat'>629</span> 
     </span>
     <span class='ocr_line' id='line_1_3' title="bbox 257 382 1606 441; baseline 0.001 -14"><span class='ocrx_word' id='word_1_13' title='bbox 257 382 445 439; x_wconf 83' lang='lat' dir='ltr'>Sensit3</span> <span class='ocrx_word' id='word_1_14' title='bbox 476 382 537 428; x_wconf 88' lang='lat' dir='ltr'>ab</span> <span class='ocrx_word' id='word_1_15' title='bbox 562 382 654 429; x_wconf 89' lang='lat' dir='ltr'>hoc</span> <span class='ocrx_word' id='word_1_16' title='bbox 681 383 858 430; x_wconf 88' lang='lat' dir='ltr'>iterum</span> <span class='ocrx_word' id='word_1_17' title='bbox 880 390 956 430; x_wconf 90' lang='lat' dir='ltr'>est</span> <span class='ocrx_word' id='word_1_18' title='bbox 976 383 1037 429; x_wconf 92' lang='lat' dir='ltr'>ad</span> <span class='ocrx_word' id='word_1_19' title='bbox 1053 383 1216 430; x_wconf 90' lang='lat' dir='ltr'>vultus</span> <span class='ocrx_word' id='word_1_20' title='bbox 1240 398 1382 430; x_wconf 85' lang='lat' dir='ltr'>versa</span> <span class='ocrx_word' id='word_1_21' title='bbox 1405 383 1606 441; x_wconf 85' lang='lat' dir='ltr'>sororis3</span> 
     </span>
     <span class='ocr_line' id='line_1_4' title="bbox 255 458 1632 522; baseline 0.001 -18"><span class='ocrx_word' id='word_1_22' title='bbox 255 458 415 521; x_wconf 85' lang='lat' dir='ltr'>Inque</span> <span class='ocrx_word' id='word_1_23' title='bbox 429 459 586 506; x_wconf 90' lang='lat' dir='ltr'>vicem</span> <span class='ocrx_word' id='word_1_24' title='bbox 612 466 845 522; x_wconf 88' lang='lat' dir='ltr'>spectans</span> <span class='ocrx_word' id='word_1_25' title='bbox 871 459 1059 514; x_wconf 88' lang='lat' dir='ltr'>ambos,</span> <span class='ocrx_word' id='word_1_26' title='bbox 1089 465 1118 482; x_wconf 94' lang='lat'><strong>“</strong></span> <span class='ocrx_word' id='word_1_27' title='bbox 1141 459 1245 505; x_wconf 87' lang='lat' dir='ltr'>Cur</span> <span class='ocrx_word' id='word_1_28' title='bbox 1263 459 1539 514; x_wconf 89' lang='lat' dir='ltr'>admovet‚&#39;&#39;</span> <span class='ocrx_word' id='word_1_29' title='bbox 1561 460 1632 506; x_wconf 91' lang='lat' dir='ltr'>in-</span> 
     </span>
     <span class='ocr_line' id='line_1_5' title="bbox 256 535 1632 599; baseline 0.001 -18"><span class='ocrx_word' id='word_1_30' title='bbox 256 541 285 558; x_wconf 90' lang='lat'><strong>“</strong></span> <span class='ocrx_word' id='word_1_31' title='bbox 312 536 453 582; x_wconf 82' lang='lat' dir='ltr'><strong>Alter</strong></span> <span class='ocrx_word' id='word_1_32' title='bbox 473 535 734 583; x_wconf 82' lang='lat' dir='ltr'>blanditias</span> <span class='ocrx_word' id='word_1_33' title='bbox 753 555 764 593; x_wconf 90' lang='grc'>;</span> <span class='ocrx_word' id='word_1_34' title='bbox 795 543 936 599; x_wconf 86' lang='lat' dir='ltr'>rapta</span> <span class='ocrx_word' id='word_1_35' title='bbox 961 536 1073 583; x_wconf 89' lang='lat' dir='ltr'>silet</span> <span class='ocrx_word' id='word_1_36' title='bbox 1093 535 1246 583; x_wconf 86' lang='lat' dir='ltr'>altera</span> <span class='ocrx_word' id='word_1_37' title='bbox 1268 536 1464 598; x_wconf 78' lang='lat' dir='ltr'>lingua?</span> <span class='ocrx_word' id='word_1_38' title='bbox 1487 536 1632 599; x_wconf 91' lang='lat' dir='ltr'>[quit‚</span> 
     </span>
     <span class='ocr_line' id='line_1_6' title="bbox 253 612 1634 670; baseline 0 -11"><span class='ocrx_word' id='word_1_39' title='bbox 253 612 414 666; x_wconf 83' lang='lat' dir='ltr'>Quam</span> <span class='ocrx_word' id='word_1_40' title='bbox 430 621 572 660; x_wconf 90' lang='lat' dir='ltr'>vocat</span> <span class='ocrx_word' id='word_1_41' title='bbox 587 612 665 660; x_wconf 93' lang='lat' dir='ltr'>hic</span> <span class='ocrx_word' id='word_1_42' title='bbox 681 621 904 670; x_wconf 88' lang='lat' dir='ltr'>matrem,</span> <span class='ocrx_word' id='word_1_43' title='bbox 920 630 1006 661; x_wconf 89' lang='lat' dir='ltr'>cur</span> <span class='ocrx_word' id='word_1_44' title='bbox 1021 629 1118 659; x_wconf 91' lang='lat' dir='ltr'>non</span> <span class='ocrx_word' id='word_1_45' title='bbox 1133 621 1275 660; x_wconf 88' lang='lat' dir='ltr'>vocat</span> <span class='ocrx_word' id='word_1_46' title='bbox 1290 614 1373 660; x_wconf 91' lang='lat' dir='ltr'>illa</span> <span class='ocrx_word' id='word_1_47' title='bbox 1388 613 1634 662; x_wconf 78' lang='lat' dir='ltr'>sororem?</span> 
     </span>
     <span class='ocr_line' id='line_1_7' title="bbox 254 689 1447 753; baseline 0.002 -17"><span class='ocrx_word' id='word_1_48' title='bbox 254 689 349 736; x_wconf 91' lang='lat' dir='ltr'>Cui</span> <span class='ocrx_word' id='word_1_49' title='bbox 376 689 442 735; x_wconf 92' lang='lat' dir='ltr'>sis</span> <span class='ocrx_word' id='word_1_50' title='bbox 468 697 623 753; x_wconf 83' lang='lat' dir='ltr'>nupta</span> <span class='ocrx_word' id='word_1_51' title='bbox 648 690 777 746; x_wconf 88' lang='lat' dir='ltr'>vide,</span> <span class='ocrx_word' id='word_1_52' title='bbox 805 690 1062 737; x_wconf 76' lang='lat' dir='ltr'>Pandione</span> <span class='ocrx_word' id='word_1_53' title='bbox 1087 698 1218 746; x_wconf 88' lang='lat' dir='ltr'>nata,</span> <span class='ocrx_word' id='word_1_54' title='bbox 1245 690 1447 748; x_wconf 82' lang='lat' dir='ltr'>marit03</span> 
     </span>
     <span class='ocr_line' id='line_1_8' title="bbox 253 766 1584 830; baseline 0.001 -18"><span class='ocrx_word' id='word_1_55' title='bbox 253 766 568 828; x_wconf 82' lang='lat' dir='ltr'>Degeneras:</span> <span class='ocrx_word' id='word_1_56' title='bbox 598 767 760 813; x_wconf 88' lang='lat' dir='ltr'>scelus</span> <span class='ocrx_word' id='word_1_57' title='bbox 783 774 859 814; x_wconf 92' lang='lat' dir='ltr'>est</span> <span class='ocrx_word' id='word_1_58' title='bbox 883 767 1040 830; x_wconf 90' lang='lat' dir='ltr'>pietas</span> <span class='ocrx_word' id='word_1_59' title='bbox 1066 767 1114 813; x_wconf 95' lang='lat' dir='ltr'>in</span> <span class='ocrx_word' id='word_1_60' title='bbox 1141 768 1351 830; x_wconf 84' lang='lat' dir='ltr'>conjuge</span> <span class='ocrx_word' id='word_1_61' title='bbox 1376 766 1584 814; x_wconf 91' lang='lat' dir='ltr'>Tereo.”</span> 
     </span>
     <span class='ocr_line' id='line_1_9' title="bbox 253 843 1632 908; baseline 0 -18"><span class='ocrx_word' id='word_1_62' title='bbox 253 843 300 890; x_wconf 91' lang='lat' dir='ltr'>N</span> <span class='ocrx_word' id='word_1_63' title='bbox 306 859 362 890; x_wconf 93' lang='lat' dir='ltr'>ec</span> <span class='ocrx_word' id='word_1_64' title='bbox 387 860 537 899; x_wconf 89' lang='lat' dir='ltr'>mora,</span> <span class='ocrx_word' id='word_1_65' title='bbox 555 844 705 891; x_wconf 82' lang='lat' dir='ltr'>traxit</span> <span class='ocrx_word' id='word_1_66' title='bbox 730 844 863 908; x_wconf 85' lang='lat' dir='ltr'>Ityn,</span> <span class='ocrx_word' id='word_1_67' title='bbox 880 845 1031 891; x_wconf 89' lang='lat' dir='ltr'>veluti</span> <span class='ocrx_word' id='word_1_68' title='bbox 1059 844 1337 907; x_wconf 81' lang='lat' dir='ltr'>Gangetica</span> <span class='ocrx_word' id='word_1_69' title='bbox 1361 860 1516 891; x_wconf 84' lang='lat' dir='ltr'>cervae</span> <span class='ocrx_word' id='word_1_70' title='bbox 1537 846 1632 890; x_wconf 89' lang='lat'>636</span> 
     </span>
     <span class='ocr_line' id='line_1_10' title="bbox 252 919 1410 985; baseline 0.002 -19"><span class='ocrx_word' id='word_1_71' title='bbox 252 919 543 967; x_wconf 88' lang='lat' dir='ltr'>Lactentem</span> <span class='ocrx_word' id='word_1_72' title='bbox 568 920 740 967; x_wconf 85' lang='lat' dir='ltr'>foetum</span> <span class='ocrx_word' id='word_1_73' title='bbox 765 937 853 984; x_wconf 87' lang='lat' dir='ltr'>per</span> <span class='ocrx_word' id='word_1_74' title='bbox 878 921 1023 968; x_wconf 88' lang='lat' dir='ltr'>silvas</span> <span class='ocrx_word' id='word_1_75' title='bbox 1048 921 1188 984; x_wconf 86' lang='lat' dir='ltr'>tigris</span> <span class='ocrx_word' id='word_1_76' title='bbox 1214 937 1410 985; x_wconf 87' lang='lat' dir='ltr'>opacas.</span> 
     </span>
    </p>

    <p class='ocr_par' dir='ltr' id='par_1_3' title="bbox 250 996 1634 1527">
     <span class='ocr_line' id='line_1_11' title="bbox 254 996 1497 1061; baseline 0.001 -18"><span class='ocrx_word' id='word_1_77' title='bbox 254 996 425 1060; x_wconf 88' lang='lat' dir='ltr'>thue</span> <span class='ocrx_word' id='word_1_78' title='bbox 449 997 624 1044; x_wconf 89' lang='lat' dir='ltr'>domus</span> <span class='ocrx_word' id='word_1_79' title='bbox 651 997 761 1044; x_wconf 90' lang='lat' dir='ltr'>altae</span> <span class='ocrx_word' id='word_1_80' title='bbox 788 1005 978 1061; x_wconf 85' lang='lat' dir='ltr'>partem</span> <span class='ocrx_word' id='word_1_81' title='bbox 1002 1005 1203 1045; x_wconf 91' lang='lat' dir='ltr'>tenuere</span> <span class='ocrx_word' id='word_1_82' title='bbox 1228 1006 1497 1056; x_wconf 83' lang='lat' dir='ltr'>remotam3</span> 
     </span>
     <span class='ocr_line' id='line_1_12' title="bbox 251 1073 1609 1138; baseline 0.001 -18"><span class='ocrx_word' id='word_1_83' title='bbox 251 1073 663 1137; x_wconf 88' lang='lat' dir='ltr'>Tendentemque</span> <span class='ocrx_word' id='word_1_84' title='bbox 683 1090 874 1130; x_wconf 89' lang='lat' dir='ltr'>manus,</span> <span class='ocrx_word' id='word_1_85' title='bbox 902 1083 952 1122; x_wconf 93' lang='lat' dir='ltr'>et</span> <span class='ocrx_word' id='word_1_86' title='bbox 970 1076 1075 1138; x_wconf 87' lang='lat' dir='ltr'>jam</span> <span class='ocrx_word' id='word_1_87' title='bbox 1101 1091 1191 1122; x_wconf 86' lang='lat' dir='ltr'>sua</span> <span class='ocrx_word' id='word_1_88' title='bbox 1214 1075 1316 1122; x_wconf 86' lang='lat' dir='ltr'>fata</span> <span class='ocrx_word' id='word_1_89' title='bbox 1342 1075 1609 1131; x_wconf 88' lang='lat' dir='ltr'>videntem,</span> 
     </span>
     <span class='ocr_line' id='line_1_13' title="bbox 254 1151 1587 1216; baseline 0.001 -18"><span class='ocrx_word' id='word_1_90' title='bbox 254 1151 320 1199; x_wconf 91' lang='lat' dir='ltr'>Et</span> <span class='ocrx_word' id='word_1_91' title='bbox 343 1160 508 1208; x_wconf 80' lang='lat' dir='ltr'>mater,</span> <span class='ocrx_word' id='word_1_92' title='bbox 536 1157 717 1199; x_wconf 82' lang='lat' dir='ltr'>mater!</span> <span class='ocrx_word' id='word_1_93' title='bbox 754 1153 1067 1208; x_wconf 89' lang='lat' dir='ltr'>clamantem,</span> <span class='ocrx_word' id='word_1_94' title='bbox 1096 1160 1144 1200; x_wconf 89' lang='lat' dir='ltr'>et</span> <span class='ocrx_word' id='word_1_95' title='bbox 1168 1153 1294 1200; x_wconf 90' lang='lat' dir='ltr'>colla</span> <span class='ocrx_word' id='word_1_96' title='bbox 1317 1160 1587 1216; x_wconf 90' lang='lat' dir='ltr'>petentem,</span> 
     </span>
     <span class='ocr_line' id='line_1_14' title="bbox 253 1229 1628 1293; baseline 0 -17"><span class='ocrx_word' id='word_1_97' title='bbox 253 1229 388 1276; x_wconf 84' lang='lat' dir='ltr'>Ense</span> <span class='ocrx_word' id='word_1_98' title='bbox 413 1229 525 1276; x_wconf 88' lang='lat' dir='ltr'>ferit</span> <span class='ocrx_word' id='word_1_99' title='bbox 550 1229 759 1285; x_wconf 87' lang='lat' dir='ltr'>Procne,</span> <span class='ocrx_word' id='word_1_100' title='bbox 782 1230 923 1277; x_wconf 87' lang='lat' dir='ltr'>lateri</span> <span class='ocrx_word' id='word_1_101' title='bbox 940 1246 1040 1292; x_wconf 92' lang='lat' dir='ltr'>qua</span> <span class='ocrx_word' id='word_1_102' title='bbox 1063 1238 1238 1293; x_wconf 90' lang='lat' dir='ltr'>pectus</span> <span class='ocrx_word' id='word_1_103' title='bbox 1260 1230 1479 1277; x_wconf 81' lang='lat' dir='ltr'>adhaeret</span> <span class='ocrx_word' id='word_1_104' title='bbox 1498 1247 1508 1286; x_wconf 91' lang='lat'>;</span> <span class='ocrx_word' id='word_1_105' title='bbox 1538 1232 1628 1276; x_wconf 85' lang='lat'>641</span> 
     </span>
     <span class='ocr_line' id='line_1_15' title="bbox 254 1306 1547 1355; baseline -0.002 -1"><span class='ocrx_word' id='word_1_106' title='bbox 254 1306 362 1354; x_wconf 87' lang='lat' dir='ltr'>Nec</span> <span class='ocrx_word' id='word_1_107' title='bbox 387 1307 579 1353; x_wconf 90' lang='lat' dir='ltr'>vultum</span> <span class='ocrx_word' id='word_1_108' title='bbox 605 1307 806 1355; x_wconf 84' lang='lat' dir='ltr'>avertit:</span> <span class='ocrx_word' id='word_1_109' title='bbox 847 1307 965 1354; x_wconf 88' lang='lat' dir='ltr'>satis</span> <span class='ocrx_word' id='word_1_110' title='bbox 990 1307 1059 1354; x_wconf 91' lang='lat' dir='ltr'>illi</span> <span class='ocrx_word' id='word_1_111' title='bbox 1085 1308 1146 1354; x_wconf 91' lang='lat' dir='ltr'>ad</span> <span class='ocrx_word' id='word_1_112' title='bbox 1171 1306 1271 1354; x_wconf 91' lang='lat' dir='ltr'>fata</span> <span class='ocrx_word' id='word_1_113' title='bbox 1293 1307 1370 1353; x_wconf 91' lang='lat' dir='ltr'>vel</span> <span class='ocrx_word' id='word_1_114' title='bbox 1394 1323 1547 1353; x_wconf 91' lang='lat' dir='ltr'>unum</span> 
     </span>
     <span class='ocr_line' id='line_1_16' title="bbox 251 1383 1634 1446; baseline 0.001 -17"><span class='ocrx_word' id='word_1_115' title='bbox 251 1383 444 1430; x_wconf 84' lang='lat' dir='ltr'>Vulnus</span> <span class='ocrx_word' id='word_1_116' title='bbox 460 1390 565 1431; x_wconf 83' lang='lat' dir='ltr'>erat</span> <span class='ocrx_word' id='word_1_117' title='bbox 583 1401 592 1430; x_wconf 90' lang='lat'>:</span> <span class='ocrx_word' id='word_1_118' title='bbox 610 1385 841 1446; x_wconf 81' lang='lat' dir='ltr'>jugulum</span> <span class='ocrx_word' id='word_1_119' title='bbox 856 1384 982 1432; x_wconf 87' lang='lat' dir='ltr'>ferro</span> <span class='ocrx_word' id='word_1_120' title='bbox 994 1384 1272 1432; x_wconf 87' lang='lat' dir='ltr'>Philomela</span> <span class='ocrx_word' id='word_1_121' title='bbox 1287 1383 1506 1441; x_wconf 83' lang='lat' dir='ltr'>resolvit3</span> <span class='ocrx_word' id='word_1_122' title='bbox 1523 1384 1634 1445; x_wconf 88' lang='lat' dir='ltr'>[bra</span> 
     </span>
     <span class='ocr_line' id='line_1_17' title="bbox 250 1460 1630 1527; baseline 0.001 -20"><span class='ocrx_word' id='word_1_123' title='bbox 250 1460 473 1524; x_wconf 88' lang='lat' dir='ltr'>Vivaque</span> <span class='ocrx_word' id='word_1_124' title='bbox 490 1462 669 1518; x_wconf 90' lang='lat' dir='ltr'>adhuc,</span> <span class='ocrx_word' id='word_1_125' title='bbox 683 1463 960 1527; x_wconf 85' lang='lat' dir='ltr'>animaeque</span> <span class='ocrx_word' id='word_1_126' title='bbox 985 1462 1174 1525; x_wconf 89' lang='lat' dir='ltr'>aliquid</span> <span class='ocrx_word' id='word_1_127' title='bbox 1198 1461 1459 1510; x_wconf 88' lang='lat' dir='ltr'>retinentia</span> <span class='ocrx_word' id='word_1_128' title='bbox 1476 1477 1630 1508; x_wconf 84' lang='lat' dir='ltr'>mern-</span> 
     </span>
    </p>
   </div>
   <div class='ocr_carea' id='block_1_3' title="bbox 248 1613 911 2778">
    <p class='ocr_par' dir='ltr' id='par_1_4' title="bbox 248 1613 911 1888">
     <span class='ocr_line' id='line_1_18' title="bbox 251 1613 911 1652; baseline 0.005 -10"><span class='ocrx_word' id='word_1_129' title='bbox 251 1623 317 1652; x_wconf 64' lang='grc' dir='ltr'>«με,</span> <span class='ocrx_word' id='word_1_130' title='bbox 334 1618 394 1643; x_wconf 81' lang='lat' dir='ltr'>etc.</span> <span class='ocrx_word' id='word_1_131' title='bbox 440 1613 555 1643; x_wconf 84' lang='lat' dir='ltr'>Fracta</span> <span class='ocrx_word' id='word_1_132' title='bbox 578 1618 626 1643; x_wconf 84' lang='lat' dir='ltr'>est</span> <span class='ocrx_word' id='word_1_133' title='bbox 647 1619 678 1644; x_wconf 89' lang='lat' dir='ltr'>et</span> <span class='ocrx_word' id='word_1_134' title='bbox 702 1614 834 1645; x_wconf 85' lang='lat' dir='ltr'>cessavit</span> <span class='ocrx_word' id='word_1_135' title='bbox 855 1613 911 1645; x_wconf 83' lang='lat' dir='ltr'>ira.</span> 
     </span>
     <span class='ocr_line' id='line_1_19' title="bbox 253 1660 911 1704; baseline 0.005 -13"><span class='ocrx_word' id='word_1_136' title='bbox 253 1662 418 1692; x_wconf 80' lang='lat' dir='ltr'>Consistere</span> <span class='ocrx_word' id='word_1_137' title='bbox 431 1660 552 1703; x_wconf 85' lang='lat' dir='ltr'>proprie</span> <span class='ocrx_word' id='word_1_138' title='bbox 568 1661 713 1693; x_wconf 84' lang='lat' dir='ltr'>dicuntur</span> <span class='ocrx_word' id='word_1_139' title='bbox 730 1663 783 1704; x_wconf 89' lang='lat' dir='ltr'>qui</span> <span class='ocrx_word' id='word_1_140' title='bbox 804 1673 822 1694; x_wconf 87' lang='lat' dir='ltr'>a</span> <span class='ocrx_word' id='word_1_141' title='bbox 842 1674 911 1694; x_wconf 81' lang='lat' dir='ltr'>cur-</span> 
     </span>
     <span class='ocr_line' id='line_1_20' title="bbox 248 1709 911 1752; baseline 0.003 -12"><span class='ocrx_word' id='word_1_142' title='bbox 248 1720 297 1746; x_wconf 88' lang='lat' dir='ltr'>su,</span> <span class='ocrx_word' id='word_1_143' title='bbox 313 1709 426 1741; x_wconf 87' lang='lat' dir='ltr'>deinde</span> <span class='ocrx_word' id='word_1_144' title='bbox 448 1710 501 1752; x_wconf 88' lang='lat' dir='ltr'>qui</span> <span class='ocrx_word' id='word_1_145' title='bbox 526 1721 545 1740; x_wconf 88' lang='lat' dir='ltr'>a</span> <span class='ocrx_word' id='word_1_146' title='bbox 565 1712 797 1752; x_wconf 85' lang='lat' dir='ltr'>perturbatione</span> <span class='ocrx_word' id='word_1_147' title='bbox 816 1712 911 1742; x_wconf 90' lang='lat' dir='ltr'>animi</span> 
     </span>
     <span class='ocr_line' id='line_1_21' title="bbox 251 1759 911 1802; baseline 0.005 -13"><span class='ocrx_word' id='word_1_148' title='bbox 251 1759 427 1800; x_wconf 85' lang='lat' dir='ltr'>quiescunt.</span> <span class='ocrx_word' id='word_1_149' title='bbox 471 1759 622 1790; x_wconf 85' lang='lat' dir='ltr'>Heinsius</span> <span class='ocrx_word' id='word_1_150' title='bbox 648 1767 754 1791; x_wconf 82' lang='lat' dir='ltr'>tamen</span> <span class='ocrx_word' id='word_1_151' title='bbox 779 1761 911 1802; x_wconf 85' lang='lat' dir='ltr'>conjecit</span> 
     </span>
     <span class='ocr_line' id='line_1_22' title="bbox 250 1809 909 1852; baseline 0.005 -14"><span class='ocrx_word' id='word_1_152' title='bbox 250 1810 380 1839; x_wconf 79' lang='lat' dir='ltr'>concidit</span> <span class='ocrx_word' id='word_1_153' title='bbox 409 1811 469 1839; x_wconf 77' lang='lat' dir='ltr'>ira.</span> <span class='ocrx_word' id='word_1_154' title='bbox 517 1809 630 1840; x_wconf 76' lang='lat' dir='ltr'>Coactae</span> <span class='ocrx_word' id='word_1_155' title='bbox 654 1811 807 1847; x_wconf 64' lang='lat' dir='ltr'>lacrimae,</span> <span class='ocrx_word' id='word_1_156' title='bbox 841 1821 909 1852; x_wconf 83' lang='lat' dir='ltr'>quae</span> 
     </span>
     <span class='ocr_line' id='line_1_23' title="bbox 252 1857 566 1888; baseline 0.003 -1"><span class='ocrx_word' id='word_1_157' title='bbox 252 1867 323 1888; x_wconf 88' lang='lat' dir='ltr'>cum</span> <span class='ocrx_word' id='word_1_158' title='bbox 339 1857 369 1888; x_wconf 84' lang='lat' dir='ltr'>vi</span> <span class='ocrx_word' id='word_1_159' title='bbox 385 1857 566 1888; x_wconf 84' lang='lat' dir='ltr'>retinentur.</span> 
     </span>
    </p>

    <p class='ocr_par' dir='ltr' id='par_1_5' title="bbox 251 1906 911 2684">
     <span class='ocr_line' id='line_1_24' title="bbox 295 1906 908 1943; baseline 0.005 -7"><span class='ocrx_word' id='word_1_160' title='bbox 295 1907 368 1937; x_wconf 89' lang='lat'>629.</span> <span class='ocrx_word' id='word_1_161' title='bbox 385 1906 528 1943; x_wconf 67' lang='lat' dir='ltr'>Matrem,</span> <span class='ocrx_word' id='word_1_162' title='bbox 548 1907 694 1938; x_wconf 80' lang='lat' dir='ltr'>affectum</span> <span class='ocrx_word' id='word_1_163' title='bbox 714 1914 908 1939; x_wconf 87' lang='lat' dir='ltr'>maternum:</span> 
     </span>
     <span class='ocr_line' id='line_1_25' title="bbox 252 1956 911 1999; baseline 0.006 -14"><span class='ocrx_word' id='word_1_164' title='bbox 252 1956 393 1986; x_wconf 81' lang='lat' dir='ltr'>similiter</span> <span class='ocrx_word' id='word_1_165' title='bbox 405 1963 493 1995; x_wconf 76' lang='lat' dir='ltr'>pater</span> <span class='ocrx_word' id='word_1_166' title='bbox 504 1962 535 1987; x_wconf 87' lang='lat' dir='ltr'>et</span> <span class='ocrx_word' id='word_1_167' title='bbox 549 1968 597 1987; x_wconf 69' lang='lat' dir='ltr'>rex</span> <span class='ocrx_word' id='word_1_168' title='bbox 609 1963 805 1999; x_wconf 76' lang='lat' dir='ltr'>usurpantur.</span> <span class='ocrx_word' id='word_1_169' title='bbox 829 1958 911 1989; x_wconf 61' lang='lat' dir='ltr'>Vide</span> 
     </span>
     <span class='ocr_line' id='line_1_26' title="bbox 252 2005 911 2038; baseline 0.006 -4"><span class='ocrx_word' id='word_1_170' title='bbox 252 2005 322 2035; x_wconf 90' lang='lat' dir='ltr'>loca</span> <span class='ocrx_word' id='word_1_171' title='bbox 338 2005 376 2035; x_wconf 89' lang='lat' dir='ltr'>ab</span> <span class='ocrx_word' id='word_1_172' title='bbox 392 2005 522 2035; x_wconf 84' lang='lat' dir='ltr'>Heinsio</span> <span class='ocrx_word' id='word_1_173' title='bbox 537 2006 758 2037; x_wconf 81' lang='lat' dir='ltr'>etBurmanno</span> <span class='ocrx_word' id='word_1_174' title='bbox 774 2006 911 2038; x_wconf 79' lang='lat' dir='ltr'>laudata.</span> 
     </span>
     <span class='ocr_line' id='line_1_27' title="bbox 251 2053 909 2091; baseline 0.005 -8"><span class='ocrx_word' id='word_1_175' title='bbox 251 2053 312 2084; x_wconf 88' lang='lat' dir='ltr'>Sed</span> <span class='ocrx_word' id='word_1_176' title='bbox 334 2064 404 2083; x_wconf 85' lang='lat' dir='ltr'>mox</span> <span class='ocrx_word' id='word_1_177' title='bbox 425 2060 553 2085; x_wconf 86' lang='lat' dir='ltr'>matrem</span> <span class='ocrx_word' id='word_1_178' title='bbox 576 2054 619 2085; x_wconf 87' lang='lat' dir='ltr'>ita</span> <span class='ocrx_word' id='word_1_179' title='bbox 641 2055 739 2091; x_wconf 83' lang='lat' dir='ltr'>exuit,</span> <span class='ocrx_word' id='word_1_180' title='bbox 759 2062 792 2086; x_wconf 88' lang='lat' dir='ltr'>ut</span> <span class='ocrx_word' id='word_1_181' title='bbox 811 2056 909 2086; x_wconf 88' lang='lat' dir='ltr'>filium</span> 
     </span>
     <span class='ocr_line' id='line_1_28' title="bbox 251 2103 908 2145; baseline 0.002 -11"><span class='ocrx_word' id='word_1_182' title='bbox 251 2103 421 2139; x_wconf 86' lang='lat' dir='ltr'>trucidans,</span> <span class='ocrx_word' id='word_1_183' title='bbox 438 2114 476 2133; x_wconf 90' lang='lat' dir='ltr'>ne</span> <span class='ocrx_word' id='word_1_184' title='bbox 500 2104 618 2133; x_wconf 78' lang='lat' dir='ltr'>vultum</span> <span class='ocrx_word' id='word_1_185' title='bbox 634 2103 760 2145; x_wconf 90' lang='lat' dir='ltr'>quidem</span> <span class='ocrx_word' id='word_1_186' title='bbox 777 2112 908 2136; x_wconf 79' lang='lat' dir='ltr'>avertat.</span> 
     </span>
     <span class='ocr_line' id='line_1_29' title="bbox 253 2151 909 2194; baseline 0.005 -13"><span class='ocrx_word' id='word_1_187' title='bbox 253 2151 380 2188; x_wconf 79' lang='lat' dir='ltr'>Labare‚</span> <span class='ocrx_word' id='word_1_188' title='bbox 407 2151 551 2182; x_wconf 84' lang='lat' dir='ltr'>deterreri</span> <span class='ocrx_word' id='word_1_189' title='bbox 577 2163 594 2183; x_wconf 90' lang='lat' dir='ltr'>a</span> <span class='ocrx_word' id='word_1_190' title='bbox 615 2153 780 2194; x_wconf 86' lang='lat' dir='ltr'>proposito.</span> <span class='ocrx_word' id='word_1_191' title='bbox 827 2153 909 2185; x_wconf 90' lang='lat' dir='ltr'>Hinc</span> 
     </span>
     <span class='ocr_line' id='line_1_30' title="bbox 253 2200 909 2233; baseline 0.005 -3"><span class='ocrx_word' id='word_1_192' title='bbox 253 2211 333 2231; x_wconf 88' lang='lat' dir='ltr'>nova</span> <span class='ocrx_word' id='word_1_193' title='bbox 353 2200 462 2231; x_wconf 82' lang='lat' dir='ltr'>furoris</span> <span class='ocrx_word' id='word_1_194' title='bbox 477 2200 666 2232; x_wconf 84' lang='lat' dir='ltr'>incrementa</span> <span class='ocrx_word' id='word_1_195' title='bbox 683 2203 777 2232; x_wconf 84' lang='lat' dir='ltr'>sumit</span> <span class='ocrx_word' id='word_1_196' title='bbox 798 2213 835 2233; x_wconf 82' lang='lat' dir='ltr'>ex</span> <span class='ocrx_word' id='word_1_197' title='bbox 861 2213 909 2233; x_wconf 85' lang='lat' dir='ltr'>as-</span> 
     </span>
     <span class='ocr_line' id='line_1_31' title="bbox 252 2249 910 2293; baseline 0.006 -14"><span class='ocrx_word' id='word_1_198' title='bbox 252 2255 346 2290; x_wconf 90' lang='lat' dir='ltr'>pectu</span> <span class='ocrx_word' id='word_1_199' title='bbox 385 2249 506 2280; x_wconf 91' lang='lat' dir='ltr'>sororis.</span> <span class='ocrx_word' id='word_1_200' title='bbox 568 2252 613 2281; x_wconf 81' lang='lat' dir='ltr'>Ab</span> <span class='ocrx_word' id='word_1_201' title='bbox 641 2251 712 2288; x_wconf 88' lang='lat' dir='ltr'>hoc,·</span> <span class='ocrx_word' id='word_1_202' title='bbox 751 2252 789 2282; x_wconf 86' lang='lat' dir='ltr'>ab</span> <span class='ocrx_word' id='word_1_203' title='bbox 819 2251 910 2293; x_wconf 87' lang='lat' dir='ltr'>hujus</span> 
     </span>
     <span class='ocr_line' id='line_1_32' title="bbox 252 2299 909 2340; baseline 0.005 -12"><span class='ocrx_word' id='word_1_204' title='bbox 252 2299 320 2339; x_wconf 86' lang='lat' dir='ltr'>Itys</span> <span class='ocrx_word' id='word_1_205' title='bbox 334 2304 475 2340; x_wconf 84' lang='lat' dir='ltr'>aspectu.</span> <span class='ocrx_word' id='word_1_206' title='bbox 521 2299 617 2340; x_wconf 74' lang='lat' dir='ltr'>Inque</span> <span class='ocrx_word' id='word_1_207' title='bbox 632 2303 721 2330; x_wconf 75' lang='lat' dir='ltr'>vicem</span> <span class='ocrx_word' id='word_1_208' title='bbox 734 2311 744 2337; x_wconf 85' lang='grc'>,·</span> <span class='ocrx_word' id='word_1_209' title='bbox 763 2300 909 2337; x_wconf 66' lang='lat' dir='ltr'>vicissim,</span> 
     </span>
     <span class='ocr_line' id='line_1_33' title="bbox 253 2347 909 2389; baseline 0.003 -11"><span class='ocrx_word' id='word_1_210' title='bbox 253 2358 308 2389; x_wconf 83' lang='lat' dir='ltr'>per</span> <span class='ocrx_word' id='word_1_211' title='bbox 322 2347 417 2378; x_wconf 81' lang='lat' dir='ltr'>vices.</span> <span class='ocrx_word' id='word_1_212' title='bbox 465 2348 528 2378; x_wconf 84' lang='lat' dir='ltr'>Cur</span> <span class='ocrx_word' id='word_1_213' title='bbox 543 2350 675 2379; x_wconf 67' lang='lat' dir='ltr'>admovet</span> <span class='ocrx_word' id='word_1_214' title='bbox 690 2350 778 2379; x_wconf 81' lang='lat' dir='ltr'>Alter</span> <span class='ocrx_word' id='word_1_215' title='bbox 792 2350 909 2380; x_wconf 75' lang='lat' dir='ltr'>blandi-</span> 
     </span>
     <span class='ocr_line' id='line_1_34' title="bbox 252 2396 909 2439; baseline 0.005 -13"><span class='ocrx_word' id='word_1_216' title='bbox 252 2399 331 2433; x_wconf 77' lang='lat' dir='ltr'>tias,-</span> <span class='ocrx_word' id='word_1_217' title='bbox 347 2407 401 2427; x_wconf 92' lang='lat' dir='ltr'>cur</span> <span class='ocrx_word' id='word_1_218' title='bbox 416 2396 522 2427; x_wconf 85' lang='lat' dir='ltr'>valent</span> <span class='ocrx_word' id='word_1_219' title='bbox 537 2397 619 2439; x_wconf 85' lang='lat' dir='ltr'>apud</span> <span class='ocrx_word' id='word_1_220' title='bbox 633 2408 682 2428; x_wconf 88' lang='lat' dir='ltr'>me</span> <span class='ocrx_word' id='word_1_221' title='bbox 699 2398 836 2435; x_wconf 82' lang='lat' dir='ltr'>alterius,</span> <span class='ocrx_word' id='word_1_222' title='bbox 854 2399 909 2430; x_wconf 90' lang='lat' dir='ltr'>filii</span> 
     </span>
     <span class='ocr_line' id='line_1_35' title="bbox 251 2445 909 2488; baseline 0.005 -12"><span class='ocrx_word' id='word_1_223' title='bbox 251 2445 382 2481; x_wconf 85' lang='lat' dir='ltr'>scilicet,</span> <span class='ocrx_word' id='word_1_224' title='bbox 398 2446 570 2482; x_wconf 82' lang='lat' dir='ltr'>blanditiae,</span> <span class='ocrx_word' id='word_1_225' title='bbox 590 2453 624 2477; x_wconf 86' lang='lat' dir='ltr'>ut</span> <span class='ocrx_word' id='word_1_226' title='bbox 646 2457 781 2488; x_wconf 85' lang='lat' dir='ltr'>parcam,</span> <span class='ocrx_word' id='word_1_227' title='bbox 797 2454 828 2478; x_wconf 85' lang='lat' dir='ltr'>et</span> <span class='ocrx_word' id='word_1_228' title='bbox 848 2459 909 2479; x_wconf 92' lang='lat' dir='ltr'>non</span> 
     </span>
     <span class='ocr_line' id='line_1_36' title="bbox 252 2494 909 2532; baseline 0.005 -8"><span class='ocrx_word' id='word_1_229' title='bbox 252 2494 336 2525; x_wconf 88' lang='lat' dir='ltr'>valet</span> <span class='ocrx_word' id='word_1_230' title='bbox 357 2494 496 2530; x_wconf 80' lang='lat' dir='ltr'>alterius,</span> <span class='ocrx_word' id='word_1_231' title='bbox 514 2495 624 2526; x_wconf 84' lang='lat' dir='ltr'>sororis</span> <span class='ocrx_word' id='word_1_232' title='bbox 644 2496 837 2532; x_wconf 88' lang='lat' dir='ltr'>Philomelae,</span> <span class='ocrx_word' id='word_1_233' title='bbox 854 2497 909 2527; x_wconf 88' lang='lat' dir='ltr'>de-</span> 
     </span>
     <span class='ocr_line' id='line_1_37' title="bbox 253 2543 905 2586; baseline 0.003 -12"><span class='ocrx_word' id='word_1_234' title='bbox 253 2543 349 2574; x_wconf 85' lang='lat' dir='ltr'>decus</span> <span class='ocrx_word' id='word_1_235' title='bbox 373 2550 496 2585; x_wconf 84' lang='lat' dir='ltr'>propter</span> <span class='ocrx_word' id='word_1_236' title='bbox 521 2544 604 2586; x_wconf 90' lang='lat' dir='ltr'>quod</span> <span class='ocrx_word' id='word_1_237' title='bbox 630 2545 770 2586; x_wconf 86' lang='lat' dir='ltr'>linguam</span> <span class='ocrx_word' id='word_1_238' title='bbox 792 2546 905 2582; x_wconf 86' lang='lat' dir='ltr'>amisit,</span> 
     </span>
     <span class='ocr_line' id='line_1_38' title="bbox 254 2593 905 2634; baseline 0.005 -12"><span class='ocrx_word' id='word_1_239' title='bbox 254 2599 288 2623; x_wconf 83' lang='lat' dir='ltr'>ut</span> <span class='ocrx_word' id='word_1_240' title='bbox 312 2593 465 2623; x_wconf 69' lang='lat' dir='ltr'>ulciscar?</span> <span class='ocrx_word' id='word_1_241' title='bbox 495 2594 600 2624; x_wconf 76' lang='lat' dir='ltr'>Mater</span> <span class='ocrx_word' id='word_1_242' title='bbox 625 2594 751 2634; x_wconf 88' lang='lat' dir='ltr'>quidem</span> <span class='ocrx_word' id='word_1_243' title='bbox 777 2605 845 2625; x_wconf 89' lang='lat' dir='ltr'>sum</span> <span class='ocrx_word' id='word_1_244' title='bbox 870 2594 905 2625; x_wconf 88' lang='lat' dir='ltr'>il-</span> 
     </span>
     <span class='ocr_line' id='line_1_39' title="bbox 254 2641 737 2684; baseline 0.004 -13"><span class='ocrx_word' id='word_1_245' title='bbox 254 2641 324 2676; x_wconf 86' lang='lat' dir='ltr'>lius,</span> <span class='ocrx_word' id='word_1_246' title='bbox 342 2641 395 2671; x_wconf 90' lang='lat' dir='ltr'>sed</span> <span class='ocrx_word' id='word_1_247' title='bbox 412 2641 521 2672; x_wconf 86' lang='lat' dir='ltr'>eadem</span> <span class='ocrx_word' id='word_1_248' title='bbox 537 2652 620 2672; x_wconf 90' lang='lat' dir='ltr'>soror</span> <span class='ocrx_word' id='word_1_249' title='bbox 636 2642 737 2684; x_wconf 87' lang='lat' dir='ltr'>hujus.</span> 
     </span>
    </p>

    <p class='ocr_par' dir='ltr' id='par_1_6' title="bbox 255 2690 908 2778">
     <span class='ocr_line' id='line_1_40' title="bbox 298 2690 908 2726; baseline 0.005 -7"><span class='ocrx_word' id='word_1_250' title='bbox 298 2690 370 2720; x_wconf 83' lang='lat'>634.</span> <span class='ocrx_word' id='word_1_251' title='bbox 392 2690 548 2720; x_wconf 76' lang='lat' dir='ltr'>Pandione</span> <span class='ocrx_word' id='word_1_252' title='bbox 572 2698 673 2721; x_wconf 81' lang='lat' dir='ltr'>natam</span> <span class='ocrx_word' id='word_1_253' title='bbox 695 2701 728 2721; x_wconf 87' lang='lat' dir='ltr'>se</span> <span class='ocrx_word' id='word_1_254' title='bbox 751 2697 851 2726; x_wconf 80' lang='lat' dir='ltr'>vocat,</span> <span class='ocrx_word' id='word_1_255' title='bbox 874 2697 908 2722; x_wconf 89' lang='lat' dir='ltr'>ut</span> 
     </span>
     <span class='ocr_line' id='line_1_41' title="bbox 255 2738 905 2778; baseline 0.003 -10"><span class='ocrx_word' id='word_1_256' title='bbox 255 2748 271 2767; x_wconf 80' lang='lat' dir='ltr'>a</span> <span class='ocrx_word' id='word_1_257' title='bbox 293 2748 404 2778; x_wconf 78' lang='lat' dir='ltr'>genere</span> <span class='ocrx_word' id='word_1_258' title='bbox 426 2738 613 2769; x_wconf 88' lang='lat' dir='ltr'>fortitudinis</span> <span class='ocrx_word' id='word_1_259' title='bbox 633 2739 774 2770; x_wconf 87' lang='lat' dir='ltr'>stimulos</span> <span class='ocrx_word' id='word_1_260' title='bbox 792 2746 905 2770; x_wconf 86' lang='lat' dir='ltr'>sumat.</span> 
     </span>
    </p>
   </div>
   <div class='ocr_carea' id='block_1_4' title="bbox 978 1613 1633 1654">
    <p class='ocr_par' dir='ltr' id='par_1_7' title="bbox 978 1613 1633 1654">
     <span class='ocr_line' id='line_1_42' title="bbox 978 1613 1633 1654; baseline -0.006 -9"><span class='ocrx_word' id='word_1_261' title='bbox 978 1613 1062 1645; x_wconf 91' lang='lat' dir='ltr'>Hinc</span> <span class='ocrx_word' id='word_1_262' title='bbox 1079 1613 1176 1648; x_wconf 86' lang='lat' dir='ltr'>addit,</span> <span class='ocrx_word' id='word_1_263' title='bbox 1193 1615 1361 1654; x_wconf 77' lang='lat' dir='ltr'>degeneras.</span> <span class='ocrx_word' id='word_1_264' title='bbox 1400 1613 1502 1642; x_wconf 81' lang='lat' dir='ltr'>Pietas</span> <span class='ocrx_word' id='word_1_265' title='bbox 1516 1613 1549 1642; x_wconf 89' lang='lat' dir='ltr'>in</span> <span class='ocrx_word' id='word_1_266' title='bbox 1564 1623 1633 1643; x_wconf 83' lang='lat' dir='ltr'>con·</span> 
     </span>
    </p>
   </div>
   <div class='ocr_carea' id='block_1_5' title="bbox 967 1661 1634 1704">
    <p class='ocr_par' dir='ltr' id='par_1_8' title="bbox 967 1661 1634 1704">
     <span class='ocr_line' id='line_1_43' title="bbox 967 1661 1634 1704; baseline -0.001 -12"><span class='ocrx_word' id='word_1_267' title='bbox 967 1666 1061 1704; x_wconf 79' lang='lat' dir='ltr'>juge.</span> <span class='ocrx_word' id='word_1_268' title='bbox 1107 1662 1213 1693; x_wconf 89' lang='lat' dir='ltr'>Codex</span> <span class='ocrx_word' id='word_1_269' title='bbox 1229 1662 1348 1703; x_wconf 85' lang='lat' dir='ltr'>Regius</span> <span class='ocrx_word' id='word_1_270' title='bbox 1363 1661 1406 1692; x_wconf 88' lang='lat' dir='ltr'>A.</span> <span class='ocrx_word' id='word_1_271' title='bbox 1424 1672 1442 1692; x_wconf 88' lang='lat' dir='ltr'>a</span> <span class='ocrx_word' id='word_1_272' title='bbox 1455 1661 1554 1703; x_wconf 89' lang='lat' dir='ltr'>prima</span> <span class='ocrx_word' id='word_1_273' title='bbox 1568 1672 1634 1692; x_wconf 89' lang='lat' dir='ltr'>ma-</span> 
     </span>
    </p>
   </div>
   <div class='ocr_carea' id='block_1_6' title="bbox 975 1711 1635 2784">
    <p class='ocr_par' dir='ltr' id='par_1_9' title="bbox 977 1711 1635 1900">
     <span class='ocr_line' id='line_1_44' title="bbox 978 1711 1635 1752; baseline -0.003 -10"><span class='ocrx_word' id='word_1_274' title='bbox 978 1722 1030 1747; x_wconf 88' lang='lat' dir='ltr'>nu,</span> <span class='ocrx_word' id='word_1_275' title='bbox 1048 1711 1143 1742; x_wconf 88' lang='lat' dir='ltr'>habet</span> <span class='ocrx_word' id='word_1_276' title='bbox 1164 1713 1257 1750; x_wconf 83' lang='lat' dir='ltr'>pietas</span> <span class='ocrx_word' id='word_1_277' title='bbox 1272 1723 1339 1742; x_wconf 86' lang='lat' dir='ltr'>cum</span> <span class='ocrx_word' id='word_1_278' title='bbox 1363 1714 1510 1752; x_wconf 70' lang='lat' dir='ltr'>conjuge5</span> <span class='ocrx_word' id='word_1_279' title='bbox 1533 1716 1635 1752; x_wconf 88' lang='lat' dir='ltr'>potest</span> 
     </span>
     <span class='ocr_line' id='line_1_45' title="bbox 977 1759 1633 1802; baseline -0.002 -11"><span class='ocrx_word' id='word_1_280' title='bbox 977 1760 1083 1802; x_wconf 81' lang='lat' dir='ltr'>recipi.</span> <span class='ocrx_word' id='word_1_281' title='bbox 1137 1761 1194 1790; x_wconf 85' lang='lat' dir='ltr'>Est</span> <span class='ocrx_word' id='word_1_282' title='bbox 1222 1759 1316 1790; x_wconf 86' lang='lat' dir='ltr'>etiam</span> <span class='ocrx_word' id='word_1_283' title='bbox 1345 1767 1448 1802; x_wconf 79' lang='lat' dir='ltr'>nuptae</span> <span class='ocrx_word' id='word_1_284' title='bbox 1483 1759 1633 1801; x_wconf 86' lang='lat' dir='ltr'>interpre—</span> 
     </span>
     <span class='ocr_line' id='line_1_46' title="bbox 979 1808 1633 1850; baseline -0.002 -11"><span class='ocrx_word' id='word_1_285' title='bbox 979 1815 1160 1840; x_wconf 88' lang='lat' dir='ltr'>tamentum.</span> <span class='ocrx_word' id='word_1_286' title='bbox 1208 1808 1306 1840; x_wconf 72' lang='lat' dir='ltr'>Cerrae</span> <span class='ocrx_word' id='word_1_287' title='bbox 1332 1810 1489 1840; x_wconf 79' lang='lat' dir='ltr'>lactentem</span> <span class='ocrx_word' id='word_1_288' title='bbox 1506 1808 1633 1850; x_wconf 80' lang='lat' dir='ltr'>soetum.</span> 
     </span>
     <span class='ocr_line' id='line_1_47' title="bbox 978 1858 1379 1900; baseline 0.002 -12"><span class='ocrx_word' id='word_1_289' title='bbox 978 1858 1172 1900; x_wconf 86' lang='lat' dir='ltr'>Periphrasis</span> <span class='ocrx_word' id='word_1_290' title='bbox 1187 1865 1234 1889; x_wconf 90' lang='lat' dir='ltr'>est</span> <span class='ocrx_word' id='word_1_291' title='bbox 1247 1858 1379 1889; x_wconf 90' lang='lat' dir='ltr'>hinnuli.</span> 
     </span>
    </p>

    <p class='ocr_par' dir='ltr' id='par_1_10' title="bbox 977 1907 1635 2430">
     <span class='ocr_line' id='line_1_48' title="bbox 1022 1907 1635 1949; baseline 0 -11"><span class='ocrx_word' id='word_1_292' title='bbox 1022 1908 1095 1938; x_wconf 85' lang='lat'>638.</span> <span class='ocrx_word' id='word_1_293' title='bbox 1115 1908 1227 1937; x_wconf 81' lang='lat' dir='ltr'>Domus</span> <span class='ocrx_word' id='word_1_294' title='bbox 1241 1910 1331 1945; x_wconf 71' lang='lat' dir='ltr'>altae5</span> <span class='ocrx_word' id='word_1_295' title='bbox 1356 1914 1421 1938; x_wconf 84' lang='lat' dir='ltr'>erat</span> <span class='ocrx_word' id='word_1_296' title='bbox 1439 1907 1522 1938; x_wconf 89' lang='lat' dir='ltr'>enim</span> <span class='ocrx_word' id='word_1_297' title='bbox 1538 1907 1635 1949; x_wconf 86' lang='lat' dir='ltr'>regia.</span> 
     </span>
     <span class='ocr_line' id='line_1_49' title="bbox 980 1956 1633 1998; baseline 0.003 -13"><span class='ocrx_word' id='word_1_298' title='bbox 980 1956 1103 1986; x_wconf 78' lang='lat' dir='ltr'>Partem</span> <span class='ocrx_word' id='word_1_299' title='bbox 1140 1963 1300 1992; x_wconf 84' lang='lat' dir='ltr'>1·em0tam;</span> <span class='ocrx_word' id='word_1_300' title='bbox 1335 1956 1524 1998; x_wconf 86' lang='lat' dir='ltr'>penetralia:</span> <span class='ocrx_word' id='word_1_301' title='bbox 1562 1956 1633 1987; x_wconf 82' lang='lat' dir='ltr'>vide</span> 
     </span>
     <span class='ocr_line' id='line_1_50' title="bbox 981 2005 1633 2046; baseline 0.003 -12"><span class='ocrx_word' id='word_1_302' title='bbox 981 2015 1044 2035; x_wconf 84' lang='lat' dir='ltr'>ver.</span> <span class='ocrx_word' id='word_1_303' title='bbox 1063 2005 1135 2036; x_wconf 83' lang='lat'>646.</span> <span class='ocrx_word' id='word_1_304' title='bbox 1180 2005 1221 2035; x_wconf 85' lang='lat' dir='ltr'>Et</span> <span class='ocrx_word' id='word_1_305' title='bbox 1246 2012 1351 2041; x_wconf 82' lang='lat' dir='ltr'>mater,</span> <span class='ocrx_word' id='word_1_306' title='bbox 1371 2011 1434 2036; x_wconf 85' lang='lat' dir='ltr'>etc.</span> <span class='ocrx_word' id='word_1_307' title='bbox 1461 2005 1530 2042; x_wconf 74' lang='lat' dir='ltr'>Eia,</span> <span class='ocrx_word' id='word_1_308' title='bbox 1549 2005 1633 2046; x_wconf 90' lang='lat' dir='ltr'>quod</span> 
     </span>
     <span class='ocr_line' id='line_1_51' title="bbox 978 2053 1632 2096; baseline 0.002 -12"><span class='ocrx_word' id='word_1_309' title='bbox 978 2053 1169 2085; x_wconf 86' lang='lat' dir='ltr'>blandientis</span> <span class='ocrx_word' id='word_1_310' title='bbox 1187 2060 1243 2090; x_wconf 88' lang='lat' dir='ltr'>est,</span> <span class='ocrx_word' id='word_1_311' title='bbox 1258 2054 1410 2085; x_wconf 73' lang='lat' dir='ltr'>clamiisse</span> <span class='ocrx_word' id='word_1_312' title='bbox 1426 2065 1555 2096; x_wconf 91' lang='lat' dir='ltr'>puerum</span> <span class='ocrx_word' id='word_1_313' title='bbox 1566 2054 1632 2096; x_wconf 87' lang='lat' dir='ltr'>jam</span> 
     </span>
     <span class='ocr_line' id='line_1_52' title="bbox 977 2102 1632 2139; baseline 0.002 -6"><span class='ocrx_word' id='word_1_314' title='bbox 977 2113 1033 2133; x_wconf 89' lang='lat' dir='ltr'>sua</span> <span class='ocrx_word' id='word_1_315' title='bbox 1070 2103 1134 2134; x_wconf 86' lang='lat' dir='ltr'>fata</span> <span class='ocrx_word' id='word_1_316' title='bbox 1159 2102 1328 2139; x_wconf 87' lang='lat' dir='ltr'>videntem,</span> <span class='ocrx_word' id='word_1_317' title='bbox 1355 2103 1407 2133; x_wconf 86' lang='lat' dir='ltr'>vix</span> <span class='ocrx_word' id='word_1_318' title='bbox 1437 2103 1632 2134; x_wconf 85' lang='lat' dir='ltr'>crediderim.</span> 
     </span>
     <span class='ocr_line' id='line_1_53' title="bbox 977 2152 1631 2193; baseline 0.002 -11"><span class='ocrx_word' id='word_1_319' title='bbox 977 2152 1137 2182; x_wconf 85' lang='lat' dir='ltr'>Revocavi</span> <span class='ocrx_word' id='word_1_320' title='bbox 1153 2162 1242 2193; x_wconf 81' lang='lat' dir='ltr'>ergo:</span> <span class='ocrx_word' id='word_1_321' title='bbox 1262 2152 1299 2182; x_wconf 73' lang='lat' dir='ltr'>Et</span> <span class='ocrx_word' id='word_1_322' title='bbox 1316 2160 1422 2188; x_wconf 80' lang='lat' dir='ltr'>mater,</span> <span class='ocrx_word' id='word_1_323' title='bbox 1437 2153 1551 2183; x_wconf 84' lang='lat' dir='ltr'>mater!</span> <span class='ocrx_word' id='word_1_324' title='bbox 1566 2153 1631 2183; x_wconf 85' lang='lat' dir='ltr'>cla-</span> 
     </span>
     <span class='ocr_line' id='line_1_54' title="bbox 979 2202 1632 2243; baseline 0.005 -12"><span class='ocrx_word' id='word_1_325' title='bbox 979 2209 1117 2237; x_wconf 83' lang='lat' dir='ltr'>mantem,</span> <span class='ocrx_word' id='word_1_326' title='bbox 1147 2202 1229 2243; x_wconf 88' lang='lat' dir='ltr'>quod</span> <span class='ocrx_word' id='word_1_327' title='bbox 1262 2202 1378 2233; x_wconf 81' lang='lat' dir='ltr'>habent</span> <span class='ocrx_word' id='word_1_328' title='bbox 1401 2213 1508 2233; x_wconf 90' lang='lat' dir='ltr'>omnes</span> <span class='ocrx_word' id='word_1_329' title='bbox 1539 2203 1632 2234; x_wconf 87' lang='lat' dir='ltr'><strong>MSS.</strong></span> 
     </span>
     <span class='ocr_line' id='line_1_55' title="bbox 977 2251 1633 2293; baseline 0.002 -12"><span class='ocrx_word' id='word_1_330' title='bbox 977 2257 1088 2292; x_wconf 89' lang='lat' dir='ltr'>praeter</span> <span class='ocrx_word' id='word_1_331' title='bbox 1111 2262 1205 2282; x_wconf 89' lang='lat' dir='ltr'>unum</span> <span class='ocrx_word' id='word_1_332' title='bbox 1232 2251 1489 2292; x_wconf 72' lang='lat' dir='ltr'>Neapolitanum,</span> <span class='ocrx_word' id='word_1_333' title='bbox 1511 2251 1542 2282; x_wconf 91' lang='lat' dir='ltr'>in</span> <span class='ocrx_word' id='word_1_334' title='bbox 1571 2262 1633 2293; x_wconf 90' lang='lat' dir='ltr'>quo</span> 
     </span>
     <span class='ocr_line' id='line_1_56' title="bbox 980 2300 1633 2343; baseline 0.003 -13"><span class='ocrx_word' id='word_1_335' title='bbox 980 2300 1036 2330; x_wconf 77' lang='lat' dir='ltr'>Eia</span> <span class='ocrx_word' id='word_1_336' title='bbox 1060 2300 1183 2341; x_wconf 78' lang='lat' dir='ltr'>legitur,</span> <span class='ocrx_word' id='word_1_337' title='bbox 1205 2300 1287 2331; x_wconf 87' lang='lat' dir='ltr'>unde</span> <span class='ocrx_word' id='word_1_338' title='bbox 1317 2300 1464 2331; x_wconf 85' lang='lat' dir='ltr'>Heinsius</span> <span class='ocrx_word' id='word_1_339' title='bbox 1491 2301 1633 2343; x_wconf 87' lang='lat' dir='ltr'>sumpsit,</span> 
     </span>
     <span class='ocr_line' id='line_1_57' title="bbox 977 2349 1631 2391; baseline 0.003 -12"><span class='ocrx_word' id='word_1_340' title='bbox 977 2350 1026 2380; x_wconf 89' lang='lat' dir='ltr'>cui</span> <span class='ocrx_word' id='word_1_341' title='bbox 1063 2349 1118 2380; x_wconf 83' lang='lat' dir='ltr'>illa</span> <span class='ocrx_word' id='word_1_342' title='bbox 1147 2360 1205 2380; x_wconf 79' lang='lat' dir='ltr'>vox</span> <span class='ocrx_word' id='word_1_343' title='bbox 1234 2349 1324 2380; x_wconf 84' lang='lat' dir='ltr'>valde</span> <span class='ocrx_word' id='word_1_344' title='bbox 1361 2349 1515 2391; x_wconf 83' lang='lat' dir='ltr'>placuisse</span> <span class='ocrx_word' id='word_1_345' title='bbox 1543 2350 1631 2382; x_wconf 90' lang='lat' dir='ltr'>vide-</span> 
     </span>
     <span class='ocr_line' id='line_1_58' title="bbox 977 2406 1036 2430; baseline 0 0"><span class='ocrx_word' id='word_1_346' title='bbox 977 2406 1036 2430; x_wconf 87' lang='lat' dir='ltr'>tur.</span> 
     </span>
    </p>

    <p class='ocr_par' dir='ltr' id='par_1_11' title="bbox 975 2448 1632 2784">
     <span class='ocr_line' id='line_1_59' title="bbox 1019 2448 1631 2490; baseline 0.003 -12"><span class='ocrx_word' id='word_1_347' title='bbox 1019 2450 1093 2479; x_wconf 75' lang='lat'>642.</span> <span class='ocrx_word' id='word_1_348' title='bbox 1112 2448 1255 2490; x_wconf 77' lang='lat' dir='ltr'>Adsum,</span> <span class='ocrx_word' id='word_1_349' title='bbox 1269 2448 1310 2479; x_wconf 88' lang='lat' dir='ltr'>ad</span> <span class='ocrx_word' id='word_1_350' title='bbox 1325 2455 1467 2479; x_wconf 86' lang='lat' dir='ltr'>mortem.</span> <span class='ocrx_word' id='word_1_351' title='bbox 1491 2451 1631 2480; x_wconf 80' lang='lat' dir='ltr'>Animam</span> 
     </span>
     <span class='ocr_line' id='line_1_60' title="bbox 975 2498 1631 2539; baseline 0.002 -11"><span class='ocrx_word' id='word_1_352' title='bbox 975 2507 1029 2528; x_wconf 86' lang='lat' dir='ltr'>seu</span> <span class='ocrx_word' id='word_1_353' title='bbox 1054 2498 1150 2528; x_wconf 82' lang='lat' dir='ltr'>vitam</span> <span class='ocrx_word' id='word_1_354' title='bbox 1176 2498 1308 2528; x_wconf 85' lang='lat' dir='ltr'>retinent</span> <span class='ocrx_word' id='word_1_355' title='bbox 1331 2499 1469 2528; x_wconf 89' lang='lat' dir='ltr'>membra</span> <span class='ocrx_word' id='word_1_356' title='bbox 1488 2508 1536 2533; x_wconf 84' lang='lat' dir='ltr'>ea,</span> <span class='ocrx_word' id='word_1_357' title='bbox 1561 2509 1631 2539; x_wconf 84' lang='lat' dir='ltr'>quae</span> 
     </span>
     <span class='ocr_line' id='line_1_61' title="bbox 975 2546 1632 2589; baseline 0.002 -12"><span class='ocrx_word' id='word_1_358' title='bbox 975 2546 1077 2577; x_wconf 86' lang='lat' dir='ltr'>adhuc</span> <span class='ocrx_word' id='word_1_359' title='bbox 1090 2547 1253 2589; x_wconf 86' lang='lat' dir='ltr'>palpitant.</span> <span class='ocrx_word' id='word_1_360' title='bbox 1294 2547 1335 2577; x_wconf 72' lang='lat' dir='ltr'>EJ</span> <span class='ocrx_word' id='word_1_361' title='bbox 1343 2548 1440 2577; x_wconf 70' lang='lat' dir='ltr'>uitare</span> <span class='ocrx_word' id='word_1_362' title='bbox 1454 2553 1484 2577; x_wconf 83' lang='lat' dir='ltr'>et</span> <span class='ocrx_word' id='word_1_363' title='bbox 1499 2547 1537 2577; x_wconf 88' lang='lat' dir='ltr'>de</span> <span class='ocrx_word' id='word_1_364' title='bbox 1550 2557 1632 2588; x_wconf 80' lang='lat' dir='ltr'>aqua</span> 
     </span>
     <span class='ocr_line' id='line_1_62' title="bbox 975 2595 1630 2632; baseline 0.002 -7"><span class='ocrx_word' id='word_1_365' title='bbox 975 2595 1122 2631; x_wconf 80' lang='lat' dir='ltr'>fervente,</span> <span class='ocrx_word' id='word_1_366' title='bbox 1140 2602 1174 2625; x_wconf 86' lang='lat' dir='ltr'>ut</span> <span class='ocrx_word' id='word_1_367' title='bbox 1189 2595 1240 2625; x_wconf 86' lang='lat' dir='ltr'>vii.</span> <span class='ocrx_word' id='word_1_368' title='bbox 1261 2596 1334 2626; x_wconf 85' lang='lat'>263.</span> <span class='ocrx_word' id='word_1_369' title='bbox 1360 2602 1390 2626; x_wconf 88' lang='lat' dir='ltr'>et</span> <span class='ocrx_word' id='word_1_370' title='bbox 1413 2595 1451 2626; x_wconf 90' lang='lat' dir='ltr'>de</span> <span class='ocrx_word' id='word_1_371' title='bbox 1476 2596 1630 2632; x_wconf 88' lang='lat' dir='ltr'>carnibus,</span> 
     </span>
     <span class='ocr_line' id='line_1_63' title="bbox 976 2643 1631 2685; baseline 0.002 -11"><span class='ocrx_word' id='word_1_372' title='bbox 976 2654 1045 2685; x_wconf 90' lang='lat' dir='ltr'>quae</span> <span class='ocrx_word' id='word_1_373' title='bbox 1062 2654 1143 2685; x_wconf 86' lang='lat' dir='ltr'>aqua</span> <span class='ocrx_word' id='word_1_374' title='bbox 1165 2643 1303 2674; x_wconf 83' lang='lat' dir='ltr'>fervente</span> <span class='ocrx_word' id='word_1_375' title='bbox 1319 2644 1510 2674; x_wconf 89' lang='lat' dir='ltr'>molliuntur.</span> <span class='ocrx_word' id='word_1_376' title='bbox 1547 2644 1631 2675; x_wconf 89' lang='lat' dir='ltr'>Con-</span> 
     </span>
     <span class='ocr_line' id='line_1_64' title="bbox 975 2692 1629 2734; baseline 0.003 -12"><span class='ocrx_word' id='word_1_377' title='bbox 975 2692 1029 2723; x_wconf 87' lang='lat' dir='ltr'>fer.</span> <span class='ocrx_word' id='word_1_378' title='bbox 1040 2693 1311 2734; x_wconf 80' lang='lat' dir='ltr'>Seneca,Thyest.</span> <span class='ocrx_word' id='word_1_379' title='bbox 1324 2694 1385 2723; x_wconf 89' lang='grc'>765</span> <span class='ocrx_word' id='word_1_380' title='bbox 1399 2703 1468 2734; x_wconf 87' lang='lat' dir='ltr'>sqq.</span> <span class='ocrx_word' id='word_1_381' title='bbox 1492 2693 1576 2729; x_wconf 85' lang='lat' dir='ltr'>Inde,</span> <span class='ocrx_word' id='word_1_382' title='bbox 1591 2704 1629 2724; x_wconf 86' lang='lat' dir='ltr'>ex</span> 
     </span>
     <span class='ocr_line' id='line_1_65' title="bbox 975 2741 1523 2784; baseline 0.002 -12"><span class='ocrx_word' id='word_1_383' title='bbox 975 2741 1062 2783; x_wconf 88' lang='lat' dir='ltr'>pueri</span> <span class='ocrx_word' id='word_1_384' title='bbox 1078 2743 1235 2773; x_wconf 85' lang='lat' dir='ltr'>membris.</span> <span class='ocrx_word' id='word_1_385' title='bbox 1275 2742 1397 2777; x_wconf 82' lang='lat' dir='ltr'>Mensis,</span> <span class='ocrx_word' id='word_1_386' title='bbox 1414 2742 1523 2784; x_wconf 83' lang='lat' dir='ltr'>epulis.</span> 
     </span>
    </p>
   </div>
  </div>
 </body>
</html>
