1763 3181
228 152 314 194 416

231 267 293 313 Vi
319 272 546 329 superat3
586 264 766 313 frustra
789 266 1000 313 clamato
1025 281 1157 329 saepe
1181 272 1400 329 parente,

612 150 664 192 P.
698 149 910 192 OVIDII
944 149 1224 193 NASONIS

1511 267 1606 312 525

232 343 380 407 Saepe
404 357 568 390 sorore
593 359 696 399 sua,
723 342 915 405 magnis
940 358 1088 406 super
1111 342 1276 389 omnia
1302 341 1457 388 Divis.

229 419 323 466 Illa
346 419 538 475 tremit3
577 419 712 466 velut
735 435 864 482 agna
887 434 1088 482 pavens,
1114 434 1226 481 quae
1251 418 1420 465 saucia
1443 417 1552 465 cani

231 495 332 543 Ore
358 511 572 542 excussa
595 495 715 558 lupi,
743 495 961 542 nondum
987 495 1080 542 sibi
1104 502 1213 542 tuta
1232 495 1450 542 videtur:

231 573 402 636 thue
424 573 669 629 columba,
697 590 785 620 suo
809 571 1099 620 madefactis
1124 572 1364 635 sanguine
1387 570 1586 635 plumis,

231 648 414 697 Horret
456 649 634 706 adhuc,
674 649 945 713 avidosque
992 648 1137 696 timet
1176 649 1356 712 quibus
1402 648 1613 694 haeserat

432 742 641 789 ungues.

1518 726 1614 771 530

230 802 355 850 Mox
381 804 465 850 ubi
490 820 630 851 mens
656 803 818 859 rediit,
844 819 1017 868 passos
1042 801 1225 850 laniata
1248 801 1468 866 capillos,

229 878 439 942 Lugenti
466 880 656 937 similis,
684 881 827 927 caesis
852 880 1088 944 plangore
1112 879 1327 934 lacertis,

229 957 502 1004 Intendens
526 957 716 1021 palmas
740 974 751 1005 :
793 963 824 981 “
847 957 946 1004 Pro
970 956 1105 1012 diris,
1131 957 1356 1012 barbare,
1383 954 1542 1010 factis,

232 1034 331 1082 Pro
357 1034 622 1091 crudelis,''
647 1034 740 1082 ait!
781 1038 812 1058 “
833 1051 924 1082 nec
951 1041 1000 1082 te
1024 1034 1260 1082 mandata
1282 1032 1500 1096 parentis

228 1110 358 1158 Cum
383 1111 597 1159 lacrimis
622 1127 819 1160 movere
843 1111 954 1176 piis,
982 1128 1073 1160 nec
1099 1126 1219 1158 cura
1243 1109 1437 1165 sororis,

1512 1111 1608 1156 535

227 1187 338 1235 Nec
358 1204 470 1236 mea
492 1188 764 1251 virginitas,
791 1205 883 1236 nec
908 1187 1206 1252 conjugialia
1223 1187 1369 1250 jura?

229 1264 414 1313 Omnia
437 1265 678 1313 turbasti:
719 1266 886 1328 pellex
910 1281 1002 1328 ego
1026 1264 1157 1312 facta
1180 1263 1387 1321 sororis;

226 1340 302 1389 Tu
328 1341 556 1404 geminus
582 1343 784 1405 conjux,
808 1358 906 1389 non
930 1342 1037 1389 haec
1063 1342 1182 1388 mihi
1206 1340 1376 1388 debita
1399 1355 1562 1403 poena.

227 1417 360 1473 Quin
385 1417 601 1466 animam
633 1418 778 1475 hanc,
806 1435 869 1467 ne
893 1419 1027 1482 quod
1051 1417 1241 1466 facinus
1272 1416 1378 1473 tibi,
1405 1415 1608 1480 perfide,

429 1501 598 1551 restet,

224 1675 382 1715 virginem,
399 1681 426 1705 et
446 1686 540 1705 unam
560 1675 595 1705 Vi
615 1683 748 1715 superat.
792 1677 885 1707 Max-

224 1721 320 1753 imam
335 1722 469 1755 hominis
488 1723 665 1755 barbariem
680 1724 816 1756 ostendit
829 1736 884 1767 po-

224 1776 288 1808 eta,
298 1770 353 1812 qui
367 1772 546 1804 sustinuerit
559 1772 721 1814 virginem,
733 1778 764 1804 et
776 1774 884 1810 solam,

225 1825 257 1850 et
271 1820 330 1851 sibi
356 1821 518 1857 creditam,
535 1827 566 1852 et
592 1828 724 1863 patrem,
741 1832 884 1860 sororem,

223 1874 255 1900 et
265 1869 416 1910 imprimis
427 1871 512 1902 Deos
520 1871 749 1913 implorantem,
757 1871 885 1902 violare.

267 1919 343 1950 527.
370 1920 457 1950 Velut
471 1933 553 1963 agna
576 1932 694 1960 pavens,
711 1921 789 1961 etc.]
837 1921 883 1951 Si-

225 1966 418 1999 militudines
432 1969 577 2001 delectae.
604 1970 695 2000 Cani.
713 1969 793 2001 Vide
809 1970 848 2001 ad
863 1969 884 2002 i.

225 2017 302 2048 238.

277 2067 354 2097 532.
393 2067 719 2108 Lugenti—lacertis,
761 2068 884 2110 ineptus

224 2125 343 2152 versus,
366 2126 460 2157 quem
485 2117 634 2148 Heinsius
659 2122 741 2149 recte
761 2117 885 2158 judicat

226 2163 454 2202 adulterinum;
493 2165 547 2196 sed
577 2176 649 2207 sqq.
710 2166 771 2195 Pro
800 2168 885 2202 diris,

224 2218 288 2244 etc.
305 2224 381 2244 sana
404 2219 490 2255 puto.
535 2215 691 2246 Invidiose
713 2215 795 2245 enim
818 2217 884 2246 bar-

225 2264 291 2293 bari
317 2263 504 2294 vocabulum
534 2263 583 2294 hic
610 2263 783 2294 adhibitum
809 2275 886 2300 esse,

225 2316 336 2353 sponte
366 2318 505 2353 apparet.
565 2313 666 2345 Recte
696 2313 788 2354 igitur
814 2312 887 2344 addi

225 2358 327 2401 potuit
341 2360 532 2401 dirissactz's.

268 2409 342 2439 537.
382 2409 535 2445 Turbasti,
567 2409 701 2446 violzlsfi,
733 2410 884 2451 polluisti.

226 2456 301 2488 Vid.
318 2457 363 2488 vir
385 2456 494 2488 doctus
514 2457 545 2488 in
563 2457 647 2489 Bibl.
661 2458 770 2500 Tigur.
788 2471 819 2500 p.
834 2460 887 2490 91.

227 2505 280 2547 qui
304 2511 394 2547 putat
423 2506 572 2537 Nostrum
602 2508 772 2548 respexisse
800 2508 887 2549 Virg.

228 2553 356 2585 AEneid.
386 2553 427 2584 iv.
457 2556 519 2585 362
545 2566 617 2597 sqq.
664 2556 744 2586 Cum
772 2559 889 2597 gemino

225 2605 352 2644 conjuge
380 2603 529 2635 Heinsius
565 2611 723 2645 comparat
756 2607 889 2644 duplices

229 2652 379 2688 thalamos,
403 2653 487 2694 apud
511 2653 591 2684 Stat.
615 2654 714 2685 Theb.
731 2653 786 2684 xii.
805 2655 862 2684 471
879 2667 887 2693 3

227 2699 281 2731 sed
296 2699 361 2732 h.1.
376 2700 406 2732 in
424 2712 546 2733 summa
566 2702 781 2743 desperatione
800 2703 885 2744 justo

955 1673 1093 1716 argutius
1107 1672 1238 1704 dictum.
1282 1671 1375 1702 Porro
1390 1671 1539 1702 Heinsius
1554 1682 1610 1713 pu-

953 1730 1011 1760 tat,
1027 1723 1158 1754 alterum
1182 1720 1422 1756 hemistichium,
1436 1731 1495 1750 non
1510 1721 1611 1751 haec—

949 1784 1037 1812 poena
1066 1783 1084 1803 a
1107 1771 1203 1802 sciolo
1227 1769 1381 1805 additum,
1411 1775 1443 1800 et
1466 1770 1611 1800 lacunam

952 1833 1019 1852 esse
1030 1819 1277 1862 relinquendam,
1288 1819 1399 1861 quales
1409 1818 1513 1849 multae
1527 1819 1610 1861 apud

952 1869 1121 1911 Virgilium
1145 1873 1319 1899 occurrant.
1363 1868 1432 1899 Nec
1458 1867 1533 1898 mihi
1557 1867 1612 1898 illa

951 1920 1046 1950 verba
1064 1927 1250 1960 magnopere
1274 1917 1411 1959 placent,
1425 1916 1539 1958 quippe
1562 1916 1608 1947 ni-

951 1968 1009 1999 mis
1033 1967 1183 2009 languida
1201 1967 1232 1997 h.
1251 1967 1273 1997 l.
1297 1966 1349 1997 ubi
1368 1966 1517 2008 pleraque
1542 1967 1610 1997 ani-

957 2028 1040 2048 mum
1057 2016 1328 2048 commotissimum
1343 2016 1474 2057 spirant.
1508 2016 1614 2056 Negat

956 2071 1062 2097 tamen
1089 2067 1287 2096 Burmannus
1314 2064 1462 2095 Ovidium
1486 2065 1617 2096 lacunas

956 2115 1126 2156 reliquisse,
1151 2120 1312 2156 putatque,
1337 2124 1459 2144 sensum
1486 2113 1611 2155 elegan-

953 2171 1015 2196 tem
1031 2164 1122 2200 effiei,
1134 2164 1158 2195 si
1172 2165 1302 2205 legatur,
1315 2176 1373 2194 non
1389 2164 1447 2193 haec
1462 2164 1533 2193 mihi
1548 2175 1611 2194 crc-

953 2217 1019 2245 ‹lita
1038 2226 1134 2254 perna,
1150 2219 1185 2244 ut
1204 2225 1290 2253 poena
1306 2212 1346 2244 sit
1364 2212 1538 2249 calamitas,
1555 2213 1611 2244 mi-

954 2262 1046 2294 seria.

997 2314 1071 2344 539.
1110 2312 1212 2348 Hanc,
1242 2318 1305 2342 tam
1333 2310 1487 2346 miseram,
1517 2322 1609 2352 quam

955 2362 1049 2392 taedet
1072 2362 1291 2392 vitae.—Hanc
1313 2372 1374 2391 non
1395 2361 1489 2391 habet
1511 2366 1613 2391 noster

954 2410 1062 2441 Codex
1084 2411 1130 2448 B;
1155 2416 1185 2440 et
1212 2411 1301 2441 multi
1324 2410 1505 2450 interpretes
1527 2410 1612 2440 dele-

954 2465 1073 2490 verunt.
1117 2459 1179 2489 Sed
1203 2469 1241 2489 ea
1266 2470 1336 2494 vox,
1352 2458 1476 2500 gravius
1499 2469 1611 2489 sonans

955 2518 1036 2538 more
1073 2507 1257 2549 Virgiliano,
1286 2513 1424 2549 praestat.

952 2563 1012 2587 etc.
1056 2558 1173 2588 Sancta
1187 2557 1415 2588 descendissem
1431 2557 1470 2587 ad
1486 2556 1610 2587 inferos.

952 2605 996 2636 At
1030 2605 1085 2636 illa
1113 2605 1155 2637 sic
1193 2617 1315 2648 quoque
1347 2604 1483 2636 criminis
1512 2615 1610 2635 vacua

951 2659 1038 2693 erat3
1077 2656 1329 2698 quandoquidem
1358 2654 1463 2686 anima
1491 2660 1611 2697 peccat,

953 2713 1012 2734 non
1028 2714 1148 2744 corpus.

1486 2508 1610 2542 Vacuus,
