1763 3181
209 199 294 241 278
598 200 649 240 Ρ.
684 197 896 239 OVIDII
932 198 1210 240 NASONIS

214 314 292 361 Ex
319 330 461 377 aequo
485 314 644 377 captis
670 314 912 361 ardebant
934 314 1183 362 mentibus
1209 314 1371 361 ambo.

215 391 458 438 Conscius
483 391 640 438 omnis
667 392 838 447 abest;
878 397 1000 438 nutu
1026 390 1280 454 signisque
1300 391 1592 452 loquuntur:

214 467 426 531 Quoque
450 468 607 531 magis
633 467 831 530 tegitur,
859 474 1022 515 tectus
1048 467 1205 530 magis
1231 474 1409 514 aestuat
1432 465 1575 527 ignis.

214 545 386 592 Fissus
411 552 517 593 erat
541 546 678 593 tenui
704 545 842 600 rima,
871 561 1022 608 quam
1043 545 1255 592 duxerat
1279 544 1411 599 olim,

1534 544 1596 588 65

213 621 379 677 Quum
404 623 543 671 fieret
567 622 728 686 paries
754 621 923 669 domui
949 621 1223 669 communis
1248 621 1473 683 utrique:

212 698 272 746 Id
296 700 467 746 vitium
493 700 612 746 nulli
638 715 725 763 per
747 700 915 746 secula
938 700 1085 762 longa
1109 706 1348 754 notatum,

213 776 346 831 Quid
372 793 469 824 non
494 777 647 824 sentit
672 777 840 824 amor?
877 777 1021 840 primi
1048 776 1274 824 sensistis
1300 781 1552 828 amantes;

212 853 280 900 Et
303 854 436 901 vocis
462 853 648 901 fecistis
674 854 794 912 iter3
835 861 1056 917 tutaeque
1083 870 1171 918 per
1195 853 1317 900 illud

211 929 468 978 Murmure
493 931 745 978 blanditiae
771 931 972 978 minimo
996 931 1203 978 transire
1229 930 1472 978 solebant.

1534 931 1597 975 70

215 1007 377 1071 Saepe,
394 1013 449 1054 ut
467 1008 808 1064 constiterant,
826 1007 941 1055 hinc
958 1007 1161 1065 Thisbe,
1180 1008 1427 1072 Pyramus
1443 1006 1595 1060 illinc,

213 1084 374 1148 Inque
398 1085 555 1133 vicem
580 1085 740 1133 fuerat
764 1092 994 1150 captatus
1021 1085 1267 1134 anhelitus
1293 1084 1413 1141 oris3

212 1285 326 1316 rentes,
344 1286 378 1310 ut
393 1280 468 1311 alibi
481 1280 603 1322 fratres
617 1291 671 1322 pro
686 1279 831 1311 fratribus
846 1286 878 1311 et

213 1329 378 1365 sororibus,
403 1341 485 1371 reges
511 1340 566 1371 pro
593 1340 665 1370 rege
691 1334 723 1360 et
751 1329 878 1371 regina3

215 1378 286 1409 vide
311 1379 417 1410 Bentl.
440 1379 479 1409 ad
504 1379 614 1409 Horat.
630 1379 657 1410 Ι.
679 1379 743 1409 Sat.
759 1390 790 1409 v.
809 1380 878 1410 100.

213 1425 347 1458 Rectius
362 1433 466 1458 tamen
481 1438 564 1459 nune
581 1439 672 1459 sensu
688 1428 809 1469 vulgari
825 1439 877 1460 ca-

215 1475 301 1518 pies;
325 1486 460 1517 namque
486 1487 577 1508 versu
602 1478 661 1508 153
681 1477 796 1508 Thisbe
823 1477 876 1514 ait,

215 1526 326 1560 miseri,
355 1536 435 1556 meus
467 1526 618 1566 illiusque,
644 1533 793 1566 parentes,
824 1526 876 1557 ubi

214 1573 270 1603 soli
292 1579 396 1615 patres
419 1574 647 1616 intelliguntur,
664 1575 717 1616 qui
741 1575 877 1607 duriores

212 1622 276 1653 fere
300 1622 450 1654 matribus
473 1623 505 1654 in
527 1624 678 1665 ejusmodi
698 1625 789 1655 rebus
809 1635 876 1656 esse

213 1671 324 1702 solent.
368 1673 444 1703 Post
466 1679 566 1712 patres
586 1673 674 1715 posui
698 1673 876 1716 interpunc-

213 1721 329 1752 tionem
356 1722 538 1758 maximam,
570 1733 662 1764 quam
694 1723 738 1754 vir
767 1723 877 1754 doctus

215 1770 298 1812 apud
325 1770 450 1801 Clarck.
475 1771 515 1802 ad
537 1772 630 1802 Hom.
652 1772 690 1802 Il.
714 1776 748 1804 Γ.
771 1773 823 1803 39.
846 1779 878 1804 et

215 1819 294 1850 alius
317 1819 349 1850 in
368 1820 548 1851 Observatt.
563 1820 687 1852 Miscel.
704 1822 778 1852 Vol.
795 1822 840 1853 II.
854 1827 876 1853 t.

213 1867 234 1898 i.
256 1879 287 1909 p.
308 1869 360 1899 34.
380 1868 488 1900 suasit.
533 1870 571 1899 In
593 1870 722 1911 vulgata
744 1871 876 1901 lectione

214 1916 294 1948 falsa
316 1922 363 1947 est
386 1917 553 1948 sententia.
602 1918 645 1949 Ea
672 1930 761 1959 (equo,
786 1920 877 1950 ambo

213 1964 339 2007 pariter,
352 1976 432 1996 unus
447 1977 536 2008 aeque
552 1977 587 1997 ac
605 1967 720 2006 altera3
744 1968 786 1999 ix.
804 1969 876 2000 719.

215 2014 298 2046 Plin.
309 2015 425 2056 Paneg.
438 2017 491 2046 83.
504 2016 542 2046 de
558 2016 667 2047 marito
679 2026 715 2046 ac
732 2016 875 2057 conjuge,

211 2065 330 2104 probati
354 2075 383 2094 ez
408 2076 497 2105 (equo,
545 2066 658 2105 Captus
677 2065 715 2096 de
739 2071 876 2096 amante.

217 2112 320 2148 Nutu,
335 2119 395 2144 etc.
443 2114 550 2145 Venus
573 2114 664 2146 docet
679 2115 727 2145 vel
749 2118 811 2145 viro
828 2127 874 2145 co-

215 2172 281 2192 ram
297 2169 390 2192 nutus
413 2164 550 2205 conferre
572 2165 716 2204 loquaces,
735 2164 873 2194 Blanda-

215 2222 270 2250 que
289 2214 450 2252 compositis
465 2214 571 2244 abdere
587 2216 675 2244 verba
694 2216 781 2244 notis.
824 2214 875 2244 Ti-

216 2260 281 2291 bul.
311 2261 338 2291 Ι.
367 2261 399 2292 ii.
426 2263 480 2292 22.
539 2263 661 2303 Quoque
683 2265 787 2305 magis,
816 2268 877 2294 etc.

216 2309 379 2341 Sententia
395 2311 506 2342 amoris
522 2318 662 2343 naturam
673 2312 752 2343 bene
767 2311 876 2342 adum-

213 2359 319 2395 brans,
335 2360 499 2402 verbisque
523 2361 647 2402 tropicis
669 2372 814 2403 expressa
836 2362 876 2392 si-

214 2407 423 2439 militudinem
448 2409 619 2440 involvens.
667 2411 804 2451 Tegitur,
821 2420 874 2441 ce-

215 2456 273 2487 lari
285 2457 415 2498 cogitur.
454 2458 559 2489 Tectus
574 2461 678 2501 magis.
704 2459 806 2501 Magis
824 2459 875 2490 hie

215 2515 246 2535 eo
257 2507 351 2547 magis
363 2505 601 2548 intelligendum
613 2519 621 2546 ;
637 2507 876 2543 videzDrakenb.

215 2554 255 2585 ad
280 2554 415 2587 Livium.
438 2555 458 2587 i.
480 2557 534 2588 25.
582 2558 714 2594 AEstuat,
743 2558 877 2589 calorem

214 2603 320 2635 efficit.

258 2653 309 2683 65.
338 2653 435 2684 Fissus
449 2662 514 2685 erat
530 2658 615 2686 tenui
634 2656 738 2697 rima]
765 2657 809 2688 Ut
823 2668 870 2687 so-

213 2700 334 2733 lertiam
368 2704 537 2736 amantium
572 2711 702 2742 notaret,
733 2706 799 2738 haec
833 2707 871 2737 de

215 2753 290 2781 rimu
312 2752 450 2794 pluribus
471 2761 676 2795 persequutus
692 2761 751 2786 est.
799 2756 872 2786 Pro-

944 1281 1069 1323 pertius.
1094 1280 1139 1311 ΙΙ.
1160 1279 1225 1310 xiii.
1250 1279 1307 1309 72:
1346 1289 1428 1309 nunc
1455 1278 1521 1308 licet
1549 1287 1603 1316 per

943 1332 1065 1360 rimosas
1089 1332 1207 1360 mittere
1232 1330 1320 1359 verba
1334 1328 1432 1369 fores.
1476 1326 1536 1357 Pro
1565 1336 1602 1357 eo

944 1379 1058 1410 Noster
1072 1390 1141 1409 mox
1154 1377 1305 1420 jucunde,
1321 1378 1398 1408 vocis
1409 1376 1518 1418 facere
1534 1378 1603 1406 iter.

944 1429 984 1460 Et
993 1431 1101 1459 ducere
1115 1433 1146 1459 et
1161 1439 1248 1470 agere
1259 1429 1366 1457 rimam
1380 1425 1527 1456 Latinum
1539 1430 1605 1463 est;

943 1477 1014 1508 vide
1030 1478 1152 1508 Ciofan.

988 1528 1039 1558 68.
1067 1528 1148 1562 Quid
1163 1538 1221 1558 non
1238 1527 1327 1556 sentit
1344 1525 1453 1565 amma]
1483 1524 1601 1555 Paren-

945 1576 1040 1607 thesis
1069 1582 1127 1612 est,
1161 1574 1311 1606 rationem
1342 1573 1516 1608 continens,
1548 1583 1603 1604 cur

945 1632 1084 1656 amantes
1108 1624 1198 1667 primi
1220 1624 1329 1654 rimam
1349 1622 1436 1653 illam
1458 1621 1605 1653 notarint.

945 1674 1096 1716 Virgilius
1112 1676 1150 1706 de
1161 1674 1302 1704 Didone:
1331 1673 1527 1714 Quisfizllere
1541 1682 1603 1711 pos-

944 1726 982 1754 sit
1007 1731 1166 1754 amantem.
1214 1724 1308 1760 Tune,
1332 1733 1401 1764 quae
1424 1733 1485 1753 non
1509 1721 1603 1753 inter·

944 1773 1129 1815 ciperentur,
1141 1779 1174 1804 ut
1186 1773 1295 1804 literae.
1342 1772 1486 1802 Murmur
1501 1771 1603 1802 solen-

945 1833 983 1853 ne
1001 1823 1039 1853 de
1061 1821 1220 1853 submissis
1242 1828 1273 1852 et
1293 1821 1416 1853 lenibus
1432 1820 1603 1851 amantium

944 1871 1260 1903 confabulationibus.
1320 1871 1389 1901 Art.
1427 1870 1534 1901 Amat.
1571 1869 1605 1901 ii.

945 1922 1018 1951 723.
1034 1932 1170 1951 murmur
1188 1921 1322 1951 amabile.
1368 1920 1497 1950 Minimo
1511 1925 1542 1950 et
1561 1919 1603 1950 83

941 1982 1045 2010 parvo,
1056 1976 1091 2001 ut
1105 1970 1146 2001 xi.
1167 1971 1236 2001 187.
1251 1982 1303 2001 vor
1316 1981 1420 2010 parva.

987 2021 1039 2050 7‘2.
1065 2021 1210 2060 Captatus
1224 2021 1376 2051 anhelitus
1387 2018 1474 2060 oris.]
1501 2019 1601 2049 Anhe-

943 2069 1015 2099 litus
1030 2071 1088 2099 oris
1099 2075 1146 2099 est
1160 2069 1261 2110 ipsum
1272 2068 1350 2099 illud
1362 2079 1499 2098 murmur
1511 2070 1600 2099 mini·

943 2129 1032 2154 mum,
1048 2117 1143 2159 idque
1161 2119 1340 2158 captabatur
1355 2117 1491 2148 auribus.
1536 2117 1601 2148 He-

942 2165 1019 2196 roid.
1044 2166 1106 2196 xix.
1131 2168 1182 2197 53.
1205 2175 1325 2206 capture
1354 2177 1433 2198 voces
1460 2167 1602 2202 auribus;

944 2215 989 2246 iii.
1013 2226 1064 2246 ex.
1082 2216 1118 2246 P.
1141 2216 1183 2246 iv.
1203 2217 1252 2247 19.
1275 2222 1395 2256 captata
1417 2227 1469 2255 per
1489 2226 1602 2246 aurem.

945 2265 1068 2295 Invidia
1086 2265 1246 2306 eleganter
1267 2265 1411 2295 tribuitur
1428 2265 1518 2295 rebus
1534 2265 1601 2295 ina-

944 2314 1046 2351 nimis,
1076 2325 1146 2355 quae
1180 2314 1345 2356 prohibent
1374 2313 1493 2355 aliquid
1526 2314 1602 2345 fieri.

944 2363 994 2394 Sic
1011 2363 1089 2394 libro
1105 2375 1135 2394 x.
1151 2364 1224 2394 642.
1270 2364 1390 2394 Detulit
1402 2375 1490 2399 aura,
1505 2375 1602 2403 preces

943 2415 982 2443 ad
1004 2424 1047 2442 me
1068 2425 1127 2443 uon
1149 2415 1251 2443 invida
1271 2413 1418 2449 blandus3
1443 2411 1487 2442 sic
1508 2412 1601 2443 Rem.

945 2462 1017 2493 Am.
1035 2464 1106 2493 103.
1129 2464 1240 2493 durum
1265 2464 1364 2498 limen,
1388 2461 1469 2503 quod
1493 2461 1600 2492 exclu-

944 2511 991 2542 dit
1017 2518 1189 2550 amantem3
1211 2516 1242 2542 et
1264 2511 1332 2542 Art.
1346 2511 1452 2541 Amat.
1468 2510 1511 2542 iii.
1532 2513 1601 2542 150.

944 2562 1201 2600 crudelisjunuu.
1249 2560 1436 2602 Plerumque
1460 2561 1602 2592 acerbius

938 2616 1077 2641 amantes
1102 2610 1133 2640 in
1157 2609 1307 2652 ejusmodi
1330 2610 1491 2640 obstacula
1514 2610 1598 2642 inve·

940 2658 1010 2689 here
1021 2659 1137 2697 solent3
1152 2659 1206 2690 sed
1222 2659 1316 2691 nostri
1330 2664 1470 2690 amantes
1483 2659 1600 2691 leniore

939 2714 1012 2738 sunt
1026 2708 1161 2749 ingenio,
1178 2709 1259 2750 quod
1283 2714 1314 2739 et
1329 2708 1430 2750 ipsum
1447 2719 1499 2739 eos
1513 2719 1595 2739 com-

940 2756 1076 2787 mendat.
