1763 3181
227 178 312 219 216

613 177 663 218 Ρ.
697 177 907 219 OVIDll
943 176 1220 219 NASONIS

234 291 299 340 Et
321 299 489 356 petere
514 308 540 339 e
565 293 686 339 vivis
710 292 936 339 libandas
960 291 1177 339 fontibus
1203 292 1377 341 undas.

300 369 436 415 Silva
459 376 599 416 vetus
622 369 800 424 stabat,
827 368 965 415 nulla
987 368 1168 416 violata
1192 370 1350 418 securi
1369 389 1378 427 3

234 444 327 492 Est
351 461 529 508 specus
555 445 604 492 in
627 445 807 500 medio,
834 445 982 508 virgis
1009 461 1065 493 ac
1090 446 1271 495 vimine
1296 448 1497 504 densus

235 521 467 570 Efficiens
486 523 724 570 humilem
741 523 962 586 lapidum
987 524 1310 587 compagibus
1332 540 1522 582 arcum3
1551 527 1615 571 30

236 597 487 646 Uberibus
512 599 769 646 foecundus
796 598 965 662 aquis:
1005 599 1098 647 hoc
1124 601 1352 648 conditus
1377 608 1516 648 antro

235 673 448 723 Martius
474 676 649 738 anguis
675 683 796 732 erat,
823 676 984 723 cristis
1010 677 1268 740 praesignis
1294 685 1345 724 et
1369 694 1513 735 auro;

236 750 360 814 Igne
385 752 571 799 micant
594 753 723 800 oculi
744 771 755 810 ;
796 767 976 816 corpus
1001 759 1162 801 tumet
1186 770 1332 801 omne
1355 770 1573 811 veneno3

234 827 457 891 Tresque
467 829 876 891 vibrantlinguae3
899 828 1081 891 triplici
1098 837 1232 878 stant
1241 830 1411 877 ordine
1422 831 1614 879 dentes.

232 961 286 992 καὶ
314 961 476 1003 καθαρῶς.
536 963 656 993 Libatio
688 962 766 992 alias
798 961 894 992 fiebat

232 1010 304 1041 vino
318 1016 372 1041 aut
383 1011 474 1048 lacte,
487 1022 580 1048 nunc,
592 1011 654 1042 illis
665 1010 893 1046 deficientibus,

233 1061 334 1091 undis.
378 1060 460 1091 Fons
475 1060 540 1097 ille,
554 1060 637 1092 unde
653 1071 736 1102 aqua
750 1059 892 1091 haurien-

233 1107 285 1144 da,
300 1108 422 1150 proprio
438 1109 561 1141 nomine
578 1110 697 1140 Aretias
717 1107 893 1140 dicebatur.

233 1157 338 1188 Schol.
353 1157 463 1189 AEsch.
476 1158 576 1190 Theb.
595 1159 665 1189 106.
710 1157 790 1188 Inde
810 1157 893 1188 haud

235 1205 329 1237 dubie
344 1206 434 1238 fluxit
447 1206 556 1249 Ἀρεία
572 1207 677 1249 κρήνη
693 1206 776 1249 apud
793 1206 890 1249 Apol-

233 1255 297 1287 lod.
313 1261 344 1287 et
357 1256 460 1288 Schol.
470 1257 640 1300 Euripidis.
673 1257 826 1288 Dircaeum
839 1267 892 1288 no-

234 1304 355 1336 minant
366 1305 495 1342 Seneca,
507 1306 614 1348 OEdip.
627 1306 700 1337 714.
710 1312 741 1337 et
751 1306 893 1348 Palaeph.

234 1355 266 1385 6.
311 1354 461 1386 Omnium
484 1355 616 1398 pessime
642 1355 797 1397 Hyginus,
822 1356 893 1386 Cas-

236 1404 344 1434 talium
352 1404 485 1445 fontem.
530 1406 610 1435 Eum
626 1405 739 1435 Noster
754 1415 791 1435 ex
806 1404 894 1445 inge-

235 1452 287 1484 nio
301 1452 474 1495 descripsit,
484 1454 594 1495 quales
608 1454 698 1485 multi
712 1454 813 1484 fontes
828 1464 894 1485 esse

235 1502 346 1533 solent.
386 1502 454 1533 Liv.
474 1503 495 1534 i.
511 1504 568 1533 21:
596 1503 699 1534 Lucus
722 1510 797 1539 erat,
812 1514 896 1544 quem

236 1553 365 1583 medium
391 1563 425 1583 ex
452 1564 540 1592 opaco
567 1564 653 1593 specu
669 1553 747 1594 fons
771 1555 896 1593 perenni

233 1602 355 1642 rigabat
369 1613 457 1642 aqua.

277 1651 331 1681 28.
348 1650 440 1682 Nulli
449 1652 560 1682 violata
571 1651 698 1692 securi]
722 1650 821 1682 Nefas
832 1657 898 1683 erat

236 1699 330 1731 silvas
343 1710 445 1731 sacras
461 1695 572 1731 violare
592 1704 688 1732 securi
700 1714 710 1731 .-
733 1701 804 1732 vide
819 1701 898 1732 Val-

236 1749 342 1780 kenar.
370 1748 410 1780 ad
439 1749 548 1791 Eurip.
576 1750 703 1792 Hippol.
728 1761 818 1781 versu
847 1751 898 1781 74.

235 1798 329 1829 Tales
352 1797 438 1829 silvae
460 1805 570 1829 veteres
584 1804 616 1829 et
631 1801 760 1840 antiqua>
774 1799 835 1830 dici
850 1810 898 1830 so—

237 1846 346 1879 lebant
371 1853 402 1879 et
430 1847 543 1890 opponi
574 1850 707 1879 caedais:
734 1848 800 1880 viii.
825 1850 898 1880 742.

239 1897 319 1928 lucos
323 1898 414 1940 ferro
426 1904 577 1928 temerasse
590 1904 728 1929 vetustos.

280 1947 336 1977 29.
364 1946 463 1988 Virgis
475 1948 592 1983 densus,
607 1946 701 1988 virgis
716 1946 810 1978 dense
825 1958 896 1989 sep-

237 2001 299 2031 tus,
323 2000 358 2026 ut
381 1995 466 2026 Fast.
484 1995 526 2026 vi.
547 1996 586 2026 9:
623 2007 725 2026 nemus
747 1998 899 2028 arboribus

237 2046 373 2076 densum.
418 2043 502 2075 Ibid.
527 2056 556 2076 v.
583 2045 662 2075 411:
689 2046 774 2076 lucus
792 2048 900 2085 juncis

240 2100 269 2124 et
284 2094 435 2124 arundine
446 2095 563 2124 densus.

283 2143 336 2174 31.
374 2142 439 2173 Hoc
473 2144 610 2174 conditus
642 2144 762 2184 antro.]
802 2144 899 2176 Multi

240 2197 407 2223 occurrunt
443 2191 474 2222 in
511 2192 699 2234 antiquitate
739 2192 900 2231 dracones,

240 2238 385 2271 custodes
402 2239 551 2277 Iocorum,
574 2241 700 2278 aedium,
723 2248 898 2273 antrorum:

239 2289 310 2320 vide
333 2289 449 2331 Spanh.
473 2289 513 2321 ad
537 2290 618 2321 Call.
642 2290 674 2321 h.
697 2290 771 2322 Del.
794 2302 824 2322 v.
845 2292 899 2323 91.

240 2339 347 2380 Atque
369 2338 464 2370 etiam
485 2339 593 2380 genios
613 2341 750 2371 locorum
769 2351 823 2382 per
837 2351 900 2372 ser-

240 2393 350 2430 pentes
371 2387 590 2419 exhibuerunt.
635 2390 740 2430 Heyn.
756 2389 796 2420 ad
812 2389 899 2431 virg.

241 2436 369 2468 AEneid.
380 2449 410 2469 v.
423 2438 474 2469 84.
518 2438 566 2469 Ac
582 2438 632 2469 liic
647 2439 775 2480 quidem
790 2450 900 2471 secun—

242 2487 316 2517 dum
342 2487 522 2529 Euripidem
551 2489 749 2520 custodiebat
772 2489 900 2520 flumina

240 2543 273 2566 et
286 2536 403 2566 fluenta
416 2536 537 2571 viridia,
553 2547 664 2579 nempe
688 2547 707 2567 a
722 2538 826 2569 Marte
842 2538 899 2569 sibi

242 2585 369 2621 tradita,
385 2585 467 2616 unde
492 2586 523 2616 in
540 2587 636 2617 Orac.
652 2586 774 2618 videtur
796 2586 901 2625 δεινὸς

239 2632 415 2665 Ἐνυαλίου
426 2633 542 2676 φύλαξ,
551 2645 644 2676 quem
656 2635 796 2666 Cadmus
806 2636 898 2678 jube-

243 2688 293 2713 tur
314 2681 438 2723 πέμφαι
451 2682 564 2721 Ἀϊόος
584 2684 671 2715 εἵσω.
718 2685 831 2726 Neque
852 2691 898 2716 ta-

241 2742 312 2762 men
335 2738 457 2774 propter
480 2732 558 2764 hanc
576 2744 669 2764 unam
687 2744 810 2764 causam
829 2734 859 2764 h.
879 2736 898 2767 l.

959 967 991 992 et
1016 963 1095 994 Stat.
1108 963 1208 994 Theb.
1224 974 1256 994 x.
1273 963 1347 994 606.
1363 963 1496 994 Martius
1511 964 1620 1005 anguis

960 1016 1098 1048 vocatur,
1111 1012 1166 1043 sed
1180 1017 1212 1043 et
1227 1011 1301 1054 quia
1314 1012 1426 1042 Martis
1437 1011 1536 1042 filium
1547 1022 1619 1042 eum

959 1060 1049 1090 multi
1056 1060 1222 1092 faciebant.
1244 1059 1622 1103 Ευῑίρ.δράκων”Αρεος.

959 1109 1066 1140 Schol.
1083 1110 1229 1152 Sophocl.
1246 1109 1356 1151 Antig.
1376 1110 1447 1141 130.
1490 1109 1618 1152 Tilpho-

959 1168 1025 1189 sam
1038 1159 1162 1191 Furiam
1177 1159 1265 1190 addit
1279 1165 1428 1191 matrem:
1446 1159 1510 1191 vid.
1522 1160 1619 1191 Mun-

959 1207 1024 1239 ker.
1039 1208 1078 1239 ad
1094 1209 1213 1240 Anton.
1229 1208 1299 1239 Lib.
1314 1208 1347 1239 ii.
1392 1209 1478 1245 Erat,
1494 1214 1620 1240 auctore

957 1256 1120 1300 Euripide,
1141 1257 1250 1300 φόνιος
1272 1263 1304 1289 et
1327 1255 1498 1299 ὠμόφρων.
1544 1258 1620 1299 Ejus

959 1306 1137 1338 crudelitati
1156 1306 1370 1349 vastitatique,
1391 1306 1484 1338 simul
1506 1306 1620 1338 Cadmi

959 1367 1030 1387 cum
1056 1367 1093 1387 eo
1121 1367 1234 1398 pugnae
1263 1355 1475 1387 describendae
1505 1358 1621 1388 Noster

959 1405 1150 1442 immoratur,
1163 1405 1239 1446 quia
1248 1410 1313 1436 erat
1324 1415 1394 1446 pars
1405 1405 1518 1436 fabulae
1532 1415 1621 1447 mag-

960 1465 1013 1486 na.
1058 1455 1200 1486 Noverat
1210 1454 1379 1496 antiquitas
1393 1462 1551 1496 serpentes
1563 1455 1621 1485 mi-

962 1515 1003 1534 rae
1036 1503 1273 1545 magnitudinis.
1327 1504 1459 1545 Serpens
1496 1502 1622 1545 quidem

962 1552 1027 1589 ille,
1038 1563 1131 1595 quem
1147 1552 1292 1594 Regulus
1308 1552 1346 1583 ad
1363 1552 1553 1594 Bagradam,
1564 1553 1622 1583 flu·

963 1602 1048 1633 vium
1080 1601 1208 1638 Africae,
1237 1601 1405 1637 interemit,
1434 1607 1559 1632 centum
1591 1607 1624 1633 et

963 1651 1072 1693 viginti
1097 1650 1192 1693 pedes
1215 1650 1248 1682 in
1270 1649 1498 1692 longitudinem
1522 1650 1622 1682 habu·

963 1699 1034 1735 isse,
1064 1710 1122 1731 nec
1150 1699 1222 1731 ullis
1250 1700 1321 1731 telis
1350 1699 1461 1730 confici
1487 1700 1623 1742 potuisse

965 1748 1108 1780 traditur.
1144 1748 1228 1779 Plin.
1245 1750 1289 1779 H.
1306 1749 1353 1779 N.
1368 1748 1434 1779 viii.
1451 1749 1502 1779 14.
1538 1748 1622 1780 Hinc

966 1804 998 1830 et
1019 1798 1134 1840 Virgil.
1151 1797 1283 1829 AEneid.
1306 1798 1339 1829 ii.
1363 1798 1425 1828 203
1448 1808 1518 1839 sqq.
1534 1798 1624 1829 licuit

966 1847 1148 1879 vastissimae
1160 1847 1250 1878 molis
1264 1854 1422 1890 serpentes
1435 1847 1624 1884 describere,

966 1907 1057 1938 quem
1084 1897 1198 1927 Noster
1220 1896 1374 1938 respexit3
1405 1902 1437 1927 et
1458 1901 1624 1938 utrumque

965 1945 1070 1982 Silius,
1100 1945 1144 1976 vi.
1175 1946 1235 1976 150
1263 1956 1333 1987 sqq.
1380 1945 1492 1987 Neque
1517 1951 1623 1977 tamen

966 1995 1144 2037 negandum
1169 2001 1226 2030 est,
1246 1994 1458 2036 prodigialiter
1480 1994 1625 2036 quaedam

965 2044 1015 2076 hic
1044 2055 1110 2076 esse
1135 2051 1238 2076 aucta.
1284 2044 1456 2086 Prtrsignis,
1485 2043 1625 2086 insignis,

967 2100 1002 2124 ut
1023 2093 1117 2124 Trist.
1134 2093 1196 2124 III.
1212 2093 1256 2124 iv.
1272 2095 1303 2125 5.
1319 2095 1496 2133 praelustris.
1543 2093 1624 2124 Cris-

968 2144 1005 2173 tis
1014 2149 1042 2173 et
1054 2153 1139 2178 auro,
1153 2142 1246 2173 crista
1262 2151 1367 2173 aurea.
1403 2141 1627 2183 Intelliguntur

967 2197 1072 2223 autem
1094 2201 1190 2222 comae
1210 2191 1304 2221 fulvae
1328 2190 1361 2221 in
1384 2191 1498 2233 capite,
1514 2191 1624 2233 praeci-

967 2250 1063 2282 puum
1100 2245 1276 2282 serpentum
1310 2239 1505 2281 quorundam
1537 2250 1628 2271 orna-

968 2295 1118 2320 mentum.
1134 2289 1253 2320 AElian.
1268 2289 1409 2320 Animal.
1426 2289 1470 2320 xi.
1487 2290 1539 2320 27.

1011 2340 1065 2370 33.
1090 2338 1166 2381 Igne
1190 2339 1334 2379 micant]
1366 2338 1456 2370 Oculi
1478 2338 1625 2370 iratarum

967 2393 1021 2419 aut
1035 2398 1188 2419 saevarum
1207 2387 1376 2419 bestiarum
1397 2387 1543 2419 dicuntur
1558 2390 1628 2430 igne

967 2439 1087 2473 micare,
1115 2444 1238 2468 tremere
1263 2442 1317 2468 aut
1339 2438 1518 2469 scintillare.
1564 2437 1626 2469 Tu-

967 2498 1044 2517 mere
1058 2487 1185 2517 verbum
1200 2485 1355 2528 proprium
1371 2485 1410 2516 de
1432 2486 1627 2529 serpentibus

967 2546 1086 2567 veneno
1114 2535 1240 2571 inflatis,
1269 2535 1292 2565 i.
1323 2535 1397 2566 460.
1441 2535 1625 2577 Serpentum

968 2590 1072 2616 autem
1087 2595 1241 2616 venenum
1257 2594 1317 2615 non
1333 2595 1388 2626 per
1403 2589 1501 2615 totum
1516 2594 1626 2626 corpus

966 2645 1106 2677 sparsum
1122 2640 1180 2671 est,
1195 2633 1249 2666 sed
1263 2633 1421 2676 glandulis
1436 2633 1622 2675 quibusdam

967 2684 1026 2715 oris
1041 2684 1208 2715 inclusum.

1010 2735 1062 2764 34.
1092 2734 1216 2774 Tresque
1242 2734 1387 2774 vibi-ann]
1431 2733 1566 2764 Primam
1593 2733 1624 2763 in
