1729 3207
262 205 350 247 DE
383 202 600 245 OPERE
633 200 1286 243 METAMORPHOSEON.
1387 217 1472 244 xxv

81 320 276 362 Athenas
297 317 495 360 redeunti
515 315 736 358 Achelous
760 315 913 356 fluvius
937 315 1150 369 objicitur.
1214 314 1335 356 Saltu
1356 316 1468 358 facto

81 414 119 439 V.
143 399 253 448 5723
290 398 366 439 sed
390 397 460 437 vix
487 395 588 436 alibi
616 395 831 436 transitur.
885 392 1049 434 Verum
1082 393 1214 434 omnis
1245 393 1338 435 haec
1371 408 1469 436 con-

80 477 206 518 nexio
226 475 465 517 fabularum
488 473 641 515 clarius
663 472 864 514 elucescit
893 486 916 512 e
946 472 1068 521 serie,
1090 486 1217 526 quam
1237 472 1337 514 huic
1359 488 1470 515 com-

81 555 327 596 mentationi
361 553 641 607 subjecimus:
676 559 719 593 et
758 565 901 605 operae
941 551 1124 605 pretium
1160 559 1224 592 est
1255 551 1298 592 in
1332 552 1471 606 perle-

79 634 223 689 gendo
244 648 374 688 opere
395 634 488 688 ipso
509 632 563 673 ad
583 646 676 673 eam
696 631 931 672 attendere.
970 675 973 678 ,

140 711 255 754 Hinc
277 712 508 761 videamus,
537 725 623 766 qua
650 717 740 752 arte
768 709 935 764 mythos
971 710 1028 750 sic
1061 724 1193 750 nexos
1226 718 1354 764 poeta
1387 712 1471 753 dis-

81 792 272 846 posuerit
303 798 431 847 atque
459 791 740 833 exornaverit.
795 789 1031 844 Plerisque,
1057 789 1131 844 qui
1161 797 1382 832 narrantes
1410 792 1471 832 in-

82 871 313 921 ducuntur,
354 871 601 912 tribuuntur
636 885 733 924 quae
775 869 968 924 personis
1009 883 1156 910 eorum
1196 870 1468 912 conveniunt.

83 948 285 991 Scelestae
330 949 523 990 Pierides
568 955 726 990 canunt
770 963 866 1002 quae
909 947 1029 989 Deos
1079 947 1303 997 dedecent,
1345 949 1473 1004 impia

80 1026 284 1069 Arachne
313 1028 559 1070 eorumdem
586 1027 749 1082 flagitia
775 1027 904 1076 texit3
938 1026 1194 1081 Minyeides,
1218 1026 1371 1081 puellae
1400 1044 1473 1083 pe-

80 1105 279 1157 tulantes,
300 1107 513 1149 amoribus
541 1107 788 1148 enarrandis
812 1104 1057 1160 indulgent3
1092 1105 1313 1160 Orpheus,
1332 1106 1473 1149 Thra-

82 1185 201 1226 cibus
228 1200 460 1240 puerorum
488 1200 673 1226 amorem
700 1185 1088 1233 commendaturus,
1111 1185 1166 1225 de
1188 1186 1333 1239 pueris
1361 1187 1474 1227 canit

81 1278 106 1303 a
137 1263 232 1305 Diis
265 1263 443 1306 dilectis,
496 1263 728 1305 Varietatis
761 1278 889 1305 causa
929 1262 1119 1304 nonnulli
1157 1278 1232 1304 sua
1273 1263 1360 1305 fata
1391 1266 1471 1320 ipsi

81 1349 270 1393 narrant,
298 1350 347 1384 ut
370 1342 591 1384 Arethusa
618 1351 661 1385 et
687 1343 923 1392 Achelous,
950 1358 1206 1398 quamquam
1234 1343 1303 1385 hic
1336 1345 1474 1386 minus

84 1422 317 1471 commode,
338 1438 483 1477 quum,
510 1423 627 1477 quod
656 1423 693 1464 ei
723 1423 879 1478 pudori
900 1431 1006 1472 erat,
1032 1430 1096 1463 ter
1116 1423 1251 1464 victus
1280 1431 1392 1464 esset
1420 1425 1474 1466 ab

86 1498 276 1542 Hercule
306 1501 496 1543 nondum
526 1501 638 1542 Deo.
702 1501 863 1542 Cornix
891 1501 999 1541 adeo
1032 1515 1159 1541 corvo
1190 1515 1276 1541 una
1303 1500 1475 1552 volanti,

83 1594 180 1635 quae
211 1595 309 1622 aves
329 1580 527 1636 quaedam
552 1595 691 1635 passae
716 1587 852 1628 erant,
873 1586 1020 1620 notum
1046 1578 1160 1620 facit.
1224 1578 1306 1620 Est
1334 1580 1474 1631 etiam,

85 1659 160 1700 ubi
194 1658 370 1701 Themis
410 1660 664 1700 mutationes
704 1659 869 1700 futuras
900 1646 1166 1700 i‘aticinatur.
1233 1658 1477 1700 Nonnullos

86 1737 254 1792 mythos
280 1739 426 1792 paucis
454 1745 583 1793 poeta
608 1738 869 1786 transmittit,
895 1745 942 1778 ut
968 1737 1129 1778 Bacchi
1152 1738 1338 1779 nutrices
1358 1746 1477 1779 vetu-

87 1815 163 1867 las,
188 1817 342 1871 quibus
361 1818 563 1871 juventus
592 1833 616 1858 a
646 1817 806 1858 Medea
835 1817 1045 1866 redditur,
1071 1824 1129 1866 et,
1154 1817 1271 1871 quod
1298 1817 1475 1867 mireris,

88 1894 458 1939 celebratissimam
480 1898 588 1938 adeo
607 1896 1020 1952 Gigantomachiam.
1067 1895 1303 1945 Quosdam,
1317 1896 1477 1950 quippe

88 1989 239 2029 parum
268 1975 576 2026 memorabiles,
609 1976 740 2016 verbo
776 1982 940 2015 tantum
976 1974 1125 2029 tangit.
1200 1973 1270 2014 Sic
1303 1989 1389 2014 una
1423 1989 1478 2015 ex

90 2051 396 2107 Minyeidibus,
422 2054 638 2102 dubitans,
661 2053 764 2108 quid
792 2067 815 2094 e
842 2051 984 2093 multis
1012 2051 1278 2106 potissimum
1304 2051 1476 2101 referat,

90 2137 133 2171 et
171 2130 318 2181 altera,
363 2133 651 2187 praeteritione
697 2133 912 2174 rhetorica
951 2139 1091 2181 utens,
1130 2131 1316 2186 plurium
1355 2146 1480 2186 argu—

87 2216 228 2251 menta
256 2211 501 2252 brevissime
534 2218 781 2261 recensent3
823 2225 902 2252 nec
933 2210 1056 2252 aliter
1092 2225 1136 2252 se
1172 2210 1349 2259 habent,
1382 2225 1478 2265 quae

90 2287 292 2331 Arachne
320 2292 440 2340 texit,
462 2298 505 2332 et
532 2306 627 2346 quae
651 2290 850 2332 Minerva
879 2305 974 2332 cum
1000 2304 1051 2331 ea
1079 2296 1245 2331 certans
1274 2289 1317 2329 in
1341 2295 1479 2329 extre-

90 2367 165 2408 mis
197 2369 324 2410 vestis
355 2370 548 2424 partibus
584 2370 717 2425 ponit.
791 2368 952 2411 Medea
992 2367 1182 2410 sublimis
1217 2367 1383 2422 fugiens
1424 2381 1479 2408 ex

91 2461 188 2488 aere
228 2447 409 2503 despicit
446 2448 540 2490 loca
578 2447 711 2490 multa
749 2447 1188 2489 transformationibus
1228 2453 1343 2494 nota,
1383 2460 1479 2499 quae

93 2539 178 2566 non
205 2533 444 2577 narrantur,
466 2528 542 2569 sed
569 2534 732 2568 tantum
757 2527 1037 2581 attinguntur.
1090 2525 1255 2566 Verum
1282 2524 1327 2564 in
1353 2522 1479 2578 longe

94 2603 282 2659 plurimis
309 2606 467 2662 ingenii
494 2608 637 2661 copias
659 2606 841 2648 Ovidius
864 2605 1032 2655 effudit,
1059 2612 1101 2646 et
1124 2611 1328 2659 quantum
1351 2603 1479 2644 rebus

95 2681 266 2724 flumine
298 2685 498 2726 orationis
528 2686 784 2727 exornandis
808 2685 968 2727 valeret
998 2683 1199 2732 ostendit,
1228 2698 1278 2724 ea
1308 2682 1479 2736 quidem

153 2774 250 2802 von.
275 2776 338 2802 111.
1111 2763 1139 2802 d
