1729 3207
281 207 369 250 DE
403 207 618 249 OPERE
650 205 1303 249 METAMORPHOSEON.
1350 209 1482 250 xxxix

100 321 263 378 placitis
281 321 540 376 Pythagorae
557 338 566 370 3
598 320 674 361 sed
694 335 785 375 prae
805 321 969 362 caeteris
989 321 1158 370 eminet,
1177 321 1350 371 eoo-13,
1367 321 1483 364 locus

101 402 155 443 de
175 408 358 456 quatuor
377 401 475 442 anni
494 401 703 455 partibus,
721 400 876 454 quibus
898 401 1141 441 suavissime
1162 399 1342 441 hominis
1370 402 1486 442 attri-

100 481 205 521 buta
227 480 329 520 data
354 486 464 520 sunt.
527 477 682 533 Aperit
708 492 863 518 annum
891 484 1005 518 tener
1033 485 1076 519 et
1102 479 1259 519 lactens
1273 494 1398 533 puer,
1421 496 1486 520 ro-

103 559 214 600 boris
247 573 413 614 expers,
449 558 641 612 sequitur
672 558 820 598 robore
851 558 992 598 valens
1027 565 1069 597 et
1096 563 1277 597 oestucms
1303 558 1485 612 juvenis,

101 651 240 691 quem,
249 637 394 692 posito
400 637 579 692 fervore
586 637 789 691 juventae,
809 635 1010 686 luatur-us
1029 635 1221 689 mitisque
1242 634 1486 676 Autumnus

101 715 272 770 excipit.
333 714 407 756 Ad
428 721 667 756 extremum

361 831 512 876 Senilis,
534 830 671 868 Hiems
690 828 854 867 tremulo
872 828 978 865 venit
998 828 1148 865 horrida
1166 842 1291 879 passu,

203 893 288 932 Aut
307 893 466 945 spoliata
484 908 581 939 suos,
602 901 681 938 aut,
702 907 793 944 quos
812 893 938 936 habet,
960 891 1044 929 alba
1064 891 1226 943 capillos.

103 1025 184 1066 His
220 1025 330 1067 adde
365 1025 487 1074 Noti,
525 1024 692 1073 Boreae,
730 1024 918 1073 Invidiae,
956 1023 1111 1072 Famis,
1147 1023 1305 1072 Famae,
1344 1023 1489 1064 Somni

102 1104 422 1158 descriptioneS,
451 1104 493 1143 in
524 1103 678 1158 quibus
708 1117 762 1143 ex
787 1101 952 1141 illarum
980 1115 1121 1141 rerum
1153 1102 1367 1142 attributis
1395 1117 1490 1156 per-

102 1197 225 1223 sonas
257 1196 485 1236 earumque
519 1181 729 1223 domicilia
760 1180 935 1221 mirifice
965 1180 1109 1233 (naevis
1142 1181 1290 1235 paucis
1322 1181 1489 1234 demtis)

102 1260 348 1315 composuit.
401 1259 499 1300 Jam
523 1260 557 1300 si
580 1259 673 1300 haec
699 1260 758 1300 ita
780 1259 890 1299 inter
917 1273 960 1299 se
985 1260 1309 1313 comparaveris,
1334 1267 1381 1300 ut
1405 1260 1490 1314 pri-

102 1354 214 1380 mum
245 1339 407 1380 rabidis
438 1345 661 1379 tumescere
691 1338 818 1379 sentis
846 1352 996 1392 ponas.
1028 1345 1132 1387 tum,
1162 1338 1338 1379 brachia
1366 1339 1490 1394 longo

105 1419 308 1475 BIargine
328 1424 531 1459 terrarum
551 1423 809 1473 porrexerat
831 1417 1099 1472 Amphitrite,
1122 1426 1219 1471 post
1239 1417 1331 1459 haec
1352 1417 1490 1459 locum

105 1499 157 1539 de
189 1498 338 1539 annuis
368 1498 738 1547 vicissitudinibus,
773 1504 845 1537 aut
880 1503 1044 1551 partem
1076 1497 1183 1551 erS,
1220 1497 1405 1551 denique
1437 1513 1490 1538 ex

103 1577 166 1626 iis,
188 1591 292 1631 quas
320 1577 447 1617 modo
473 1576 656 1625 laudavi,
679 1577 991 1631 prosopopoeiis
1013 1591 1165 1625 unam3
1198 1576 1491 1631 gradationem

103 1655 281 1696 habebis
320 1655 549 1710 imaginum
587 1655 816 1710 egregiam,
858 1669 1039 1708 quarum
1078 1654 1270 1708 proxima
1310 1669 1490 1709 quaeque

104 1735 415 1790 praecedentem
435 1735 699 1789 plenitudine
722 1741 907 1789 superat.
971 1734 1170 1774 Personis
1197 1733 1492 1788 mythologicis

104 1814 275 1869 egregie
311 1814 508 1855 animavit
540 1813 634 1855 loca
666 1814 882 1854 varia.—i.
913 1813 999 1855 264
1029 1828 1119 1867 sqq.
1156 1812 1302 1853 Notus
1337 1812 1490 1861 evolat,

106 1892 183 1934 Iris
211 1891 408 1933 alimenta
431 1892 618 1934 nubibus
647 1891 800 1942 adfert,
826 1892 1060 1947 Neptunus
1089 1898 1294 1933 convocat
1316 1891 1490 1941 Amnes,

106 1971 260 2012 Triton
290 1985 482 2012 recessus
513 1971 638 2012 canit.
701 1971 752 2012 In
781 1971 975 2012 omnibus
1003 1971 1092 2011 fere
1125 1977 1167 2011 et
1199 1970 1492 2025 descriptioni-

105 2050 185 2091 bus
213 2056 256 2091 et
282 2049 592 2090 narrationibus
624 2049 839 2104 ingenium
867 2056 1008 2103 poetae
1033 2055 1119 2089 tam
1151 2048 1194 2088 in
1221 2048 1490 2097 tenuissimis,

106 2143 231 2182 quam
252 2128 294 2169 in
321 2129 574 2182 gravissimis
600 2129 729 2170 rebus
757 2129 955 2170 admirari
981 2128 1090 2170 licet.
1154 2127 1217 2168 Ut
1243 2143 1267 2168 a
1291 2127 1491 2168 brevibus

106 2207 295 2248 tenuium
322 2222 463 2248 rerum
488 2207 846 2262 descriptionibus
873 2207 1084 2261 incipiam,
1107 2206 1175 2247 cui
1198 2220 1284 2246 non
1310 2204 1492 2260 placeat,

106 2287 132 2328 i.
155 2288 252 2337 335,
282 2287 454 2328 buccina
486 2286 673 2335 Tortilis,
701 2286 744 2327 in
775 2287 903 2327 latum
935 2300 1028 2340 quae
1059 2284 1220 2325 turbine
1255 2284 1404 2324 erescit
1438 2284 1492 2324 ab

107 2366 217 2406 imo?
247 2381 348 2415 non,
369 2366 425 2407 iii.
451 2366 548 2416 586,
570 2366 773 2421 piscator,
796 2366 870 2420 qui
897 2366 980 2406 lino
1007 2365 1168 2405 solebat
1194 2370 1234 2404 et
1260 2364 1380 2404 hamo
1402 2363 1493 2403 De-

107 2444 260 2499 cipere,
291 2451 332 2485 et
363 2445 524 2485 calamo
554 2444 751 2485 salientes
787 2445 936 2485 ducere
960 2443 1135 2498 pisces?
1166 2456 1265 2490 non,
1295 2441 1362 2480 vii.
1393 2441 1490 2490 624,

108 2522 292 2564 formicae
314 2522 537 2578 frugilegae
566 2523 733 2579 agmine
763 2524 887 2578 longo
913 2522 1080 2578 grande
1109 2535 1210 2561 onus
1237 2519 1394 2575 exiguo
1421 2534 1493 2559 ore

104 2607 311 2655 gerentes,
332 2602 590 2658 Rugosoque
618 2616 734 2642 suum
765 2607 977 2642 servantes
1008 2600 1162 2641 cortice
1192 2599 1368 2639 callem?
1403 2605 1491 2646 aut,

109 2679 193 2720 viii.
221 2680 314 2729 189,
335 2679 543 2722 Daedalus
569 2679 656 2722 alas
689 2681 768 2722 sibi
787 2679 959 2734 filioque
988 2694 1011 2720 e
1039 2678 1204 2733 pennis,
1226 2676 1310 2717 lino
1332 2683 1375 2717 et
1396 2690 1493 2716 cera

111 2761 392 2812 componens?
435 2759 517 2799 His
538 2765 581 2800 et
600 2757 756 2800 talibus
778 2757 1008 2799 innumeris
1029 2755 1210 2810 palmam
1226 2753 1347 2795 facile
1367 2754 1493 2808 eripit
