1763 3181
227 196 314 237 436

621 193 670 233 P.
706 191 815 234 OVI
824 191 916 233 DII
951 191 1227 234 NASONIS

232 310 299 358 Et
316 311 420 373 jam
446 307 583 355 fortis
608 314 728 362 erat,
756 307 1031 371 pulsusque
1056 307 1306 355 resederat
1330 307 1501 364 ardor3
1549 309 1610 353 76

229 386 398 441 Quum
430 385 563 432 videt
591 383 890 441 AEsoniden;
944 384 1268 447 extinctaque
1304 384 1503 431 flamma
1541 398 1612 430 re-

232 463 301 511 Et
325 462 536 509 rubuere
561 477 717 523 genae,
744 467 949 523 totoque
975 460 1234 508 recanduit
1257 476 1357 508 ore.

1438 459 1584 522 [vixit
1601 477 1612 515 ;

232 539 305 586 Ut
328 539 455 586 solet
479 554 509 585 a
532 537 691 585 ventis
717 537 954 584 alimenta
977 553 1244 593 assumere,
1273 553 1485 600 quaeque

231 616 393 663 Parva
417 616 509 662 sub
535 614 738 662 inducta
762 613 907 661 latuit
934 614 1149 661 scintilla
1171 613 1351 670 favilla,

1554 615 1617 660 80

233 693 490 748 Crescere,
517 698 567 739 et
590 691 640 738 in
665 698 856 738 veteres
883 691 1068 752 agitata
1092 706 1348 752 resurgere
1371 690 1523 737 vires:

234 770 318 817 Sic
337 771 440 833 jam
468 769 633 815 lentus
659 783 810 823 amor,
831 768 937 830 jam
962 783 1112 830 quem
1137 768 1371 829 languere
1397 773 1614 831 putares,

234 846 306 893 Ut
327 846 450 893 vidit
468 846 721 909 juvenem,
750 844 918 908 specie
941 844 1201 907 praesentis
1226 844 1415 891 inarsit.

235 922 301 970 Et
323 939 459 978 casu,
486 922 629 969 solito
653 920 911 968 formosior
934 920 1118 968 AEsone
1143 927 1288 968 natus

234 999 330 1047 Illa
351 1000 463 1047 luce
488 998 610 1046 fuit:
650 1014 822 1062 posses
849 997 1107 1061 ignoscere
1133 999 1335 1046 amanti.
1558 998 1619 1043 85

235 1077 470 1141 Spectat;
512 1082 563 1123 et
586 1075 636 1121 in
659 1075 814 1131 vultU,
840 1075 991 1122 veluti
1016 1083 1122 1122 tum
1145 1075 1364 1138 denique
1388 1074 1508 1129 viso,

236 1153 446 1201 Lumina
464 1152 566 1199 fixa
588 1159 752 1204 tenet;
792 1167 886 1199 nec
912 1167 966 1199 se
990 1153 1215 1199 mortalia
1237 1150 1443 1199 demens

238 1232 341 1279 Ora
363 1231 529 1278 videre
554 1236 723 1294 putat;
763 1245 855 1277 nec
877 1246 931 1278 se
953 1229 1170 1277 declinat
1195 1229 1257 1276 ab
1282 1229 1381 1277 illo.

236 1308 309 1356 Ut
331 1324 445 1356 vero
469 1307 723 1371 coepitque
747 1306 901 1369 loqui,
928 1306 1261 1369 dextramque
1285 1305 1549 1370 prehendit

277 1464 331 1494 76.
370 1463 482 1500 Fortis,
519 1462 701 1493 confirmato
747 1461 896 1492 adversus

235 1523 370 1544 amorem
395 1512 510 1543 animo.
554 1511 662 1547 Fortis,
686 1510 807 1541 scilicet
825 1511 896 1542 Me-

235 1562 307 1593 dea.
351 1562 473 1592 Revixit
482 1572 492 1598 ,·
509 1561 635 1591 flamma
645 1559 804 1601 eleganter
818 1558 896 1589 dici—

236 1619 286 1643 tur
316 1612 424 1647 vivere,
448 1611 522 1640 *mori
550 1616 582 1640 et
608 1610 801 1639 reviviscere:
833 1607 897 1638 vid.

236 1659 395 1692 Heinsius.
447 1660 631 1690 Recanduz‘t.
682 1657 831 1689 Recaluit
867 1662 899 1688 et

236 1710 346 1741 rubore
361 1708 513 1740 suffusum
527 1713 574 1739 est
594 1712 692 1738 totum
708 1717 754 1738 os.
801 1706 899 1736 Amat

237 1758 370 1790 Ovidius
390 1758 421 1789 h.
437 1769 465 1789 v.
510 1755 628 1787 Medea
651 1755 735 1797 apud
760 1754 898 1796 Orphea,

237 1808 300 1839 879
315 1818 384 1849 sqq.
394 1807 464 1849 plus
479 1806 574 1837 etiam
590 1805 680 1836 facit:
697 1815 768 1836 cum
779 1804 899 1846 impetu

236 1856 356 1888 irruens
378 1854 576 1897 amplectitur
590 1855 609 1886 J
614 1864 738 1885 asonem
756 1859 787 1884 et
808 1863 898 1883 oscu-

237 1905 320 1937 latur
335 1912 396 1937 etc.
408 1917 416 1943 3
441 1904 497 1935 sed
511 1903 624 1935 Noster
639 1903 737 1944 magis
752 1902 900 1933 decorum

237 1954 384 1986 servavit.
427 1952 574 1995 Apollon.
588 1951 633 1982 iii.
648 1952 712 1983 963
731 1951 853 1993 θερμὸν
868 1949 900 1982 δὲ

240 2001 402 2045 παρηΐδας
417 2002 502 2033 εἶλεν
516 2001 653 2043 ἔρευθος.

284 2053 336 2084 79.
359 2053 513 2082 Alimenta
527 2050 607 2091 ignis
629 2050 772 2085 assumit5
796 2047 902 2085 sumit,

242 2113 261 2134 a
275 2102 379 2144 lignis,
395 2101 426 2131 h.
440 2100 463 2131 l.
477 2112 496 2130 a
512 2101 606 2130 ventis
621 2110 631 2135 ,·
653 2097 818 2134 excitatur,
834 2097 856 2128 i.
871 2108 903 2139 q.

241 2162 311 2182 mox
335 2152 484 2192 agitatur.
529 2147 705 2179 Similitudo
729 2156 748 2177 a
769 2147 904 2177 scintilla

241 2200 341 2243 petita
363 2198 476 2240 legitur
500 2197 584 2240 apud
606 2196 757 2239 Apollon.
780 2194 825 2227 iii.
840 2197 901 2227 291

240 2259 312 2291 sqq.
358 2248 492 2279 Inducta
501 2259 512 2285 ,·
544 2247 687 2278 Lactant.
711 2245 797 2287 Opif.
816 2244 903 2276 xviii.

243 2299 274 2329 4.
288 2299 379 2328 Latet
395 2299 474 2339 ignis
488 2298 611 2327 obducto
625 2298 724 2326 cinere
738 2297 860 2335 sopitus.

286 2349 338 2378 82.
370 2347 485 2378 Lentus
515 2346 555 2377 de
585 2345 752 2377 affectibus
780 2343 902 2386 frigidis

242 2403 274 2429 et
296 2396 441 2428 remissis.
485 2394 615 2426 Heroid.
635 2406 686 2426 xv.
707 2395 786 2425 169:
813 2395 904 2424 Amor

244 2448 346 2489 tetigit
390 2447 552 2477 lentissima
593 2445 720 2486 Pyrrhae
762 2444 903 2475 Pectora.

244 2495 351 2526 Amor.
380 2496 408 2526 I.
436 2494 503 2525 viii.
534 2494 595 2525 76:
636 2494 904 2524 Neve—lentescat

243 2556 315 2584 soepe
342 2545 478 2584 repulsus
505 2554 601 2574 amor.
660 2543 702 2573 Ut
731 2544 819 2578 vidit,
845 2548 906 2573 etc.

246 2593 392 2625 Heinsius
406 2593 513 2635 rejecit
529 2593 611 2623 hunc
629 2602 763 2628 versum,
778 2597 813 2622 ut
828 2591 907 2622 otio-

247 2639 329 2674 sum.
371 2643 415 2673 At
431 2642 564 2674 Ovidius
581 2653 641 2673 non
657 2642 735 2673 solet
750 2641 782 2672 in
798 2640 906 2672 simili-

244 2692 405 2723 tudinibus
420 2691 566 2734 apodosin
584 2691 788 2732 supprimere.
827 2690 907 2720 Len-

246 2741 293 2772 zio
308 2741 400 2772 etiam
419 2751 523 2772 versus
539 2742 580 2771 82
595 2740 718 2782 spurius
732 2739 907 2775 videbatur,

963 1461 1038 1503 quia
1053 1461 1092 1492 de
1114 1461 1318 1492 reviviscente
1334 1471 1436 1492 amore
1447 1461 1513 1503 jam
1533 1470 1626 1502 supra

964 1521 1054 1541 versu
1079 1511 1118 1541 77
1145 1509 1274 1546 dictum,
1297 1515 1449 1552 putatque
1476 1510 1626 1540 Nostrum

963 1559 1066 1601 plures
1081 1560 1237 1591 interdum
1252 1569 1358 1591 versus
1375 1559 1564 1602 apposuisse,
1579 1564 1625 1595 ut,

964 1608 990 1639 si
1015 1609 1140 1650 quando
1164 1614 1345 1640 retractaret
1369 1619 1457 1650 opus,
1481 1607 1626 1639 meliores

965 1658 1104 1699 eligeret.
1156 1658 1245 1689 Idem
1271 1664 1303 1689 et
1331 1663 1448 1693 censet,
1476 1659 1629 1698 praesentz's

965 1713 1035 1749 post
1045 1709 1121 1738 vidit
1135 1707 1266 1738 otiosum
1282 1717 1359 1737 esse.
1388 1707 1490 1737 Immo
1499 1712 1626 1747 urgetur

967 1756 1050 1787 notio
1065 1756 1221 1799 primaria.
1267 1756 1400 1788 Codices
1424 1756 1519 1787 nostri
1532 1754 1628 1796 Regii

967 1805 1045 1837 nihil
1071 1812 1194 1837 mutant
1225 1816 1283 1837 nec
1312 1805 1470 1837 omittunt.
1516 1806 1628 1846 Specie,

966 1854 1208 1897 pulchritudine.

1011 1905 1062 1936 85.
1087 1905 1150 1935 Illa
1166 1906 1252 1942 luce,·
1275 1904 1329 1935 illo
1341 1904 1403 1935 die.
1440 1904 1491 1935 De
1501 1903 1532 1934 vi
1545 1903 1630 1935 illius

967 1953 1207 1996 pulchritudinis
1222 1953 1254 1984 in
1267 1952 1370 1984 animo
1384 1952 1509 1984 Medeae
1525 1952 1630 1983 confer

967 2003 1116 2045 Apollon.
1131 2003 1178 2034 iii.
1193 2004 1255 2034 443
1269 2014 1341 2045 sqq.
1372 2003 1441 2033 Nee
1456 2001 1557 2038 video,
1574 2012 1629 2033 cur

968 2053 1148 2083 Burmanno
1159 2052 1286 2088 locutio,
1301 2063 1383 2083 amor
1399 2054 1504 2092 specie,
1519 2051 1630 2082 decore

968 2108 1000 2132 et
1015 2101 1261 2143 pulchritudine,
1271 2103 1424 2142 praesentis
1440 2103 1561 2137 inarsit,
1576 2110 1631 2142 pa-

969 2161 1035 2182 rum
1052 2150 1152 2181 latina
1163 2151 1229 2182 visa
1240 2150 1290 2187 sit,
1302 2161 1398 2192 quum
1409 2149 1543 2188 Quintil.
1553 2150 1633 2181 Inst-

969 2201 1025 2231 Or.
1040 2200 1099 2231 XI.
1113 2199 1158 2230 iii.
1171 2201 1203 2232 2.
1216 2199 1340 2236 dixerit,
1357 2200 1504 2242 Affectus,
1521 2200 1545 2230 si
1562 2200 1628 2230 lan·

967 2257 1127 2291 guescant,
1146 2261 1224 2286 voce,
1241 2250 1341 2285 vultu,
1356 2256 1416 2280 etc.
1432 2250 1629 2280 inardescere.

1013 2299 1066 2329 88.
1087 2299 1151 2329 Nec
1165 2309 1193 2330 se
1207 2300 1339 2330 declinat
1354 2299 1390 2329 ab
1400 2299 1471 2336 ill03
1487 2308 1545 2329 nec
1557 2308 1631 2330 ocu-

970 2347 1016 2378 los
1031 2357 1102 2379 suos
1119 2348 1157 2379 ab
1173 2347 1226 2378 illo
1239 2347 1349 2379 avertit
1363 2346 1543 2389 spectando.

1014 2398 1069 2429 89.
1092 2397 1133 2428 Ut
1148 2408 1217 2428 vero
1231 2399 1328 2437 ca’pit,
1339 2397 1417 2438 etc.]
1446 2396 1560 2428 Confer
1568 2396 1633 2428 viii.

971 2447 1013 2478 32
1028 2457 1098 2488 sqq.
1134 2447 1281 2477 Submissa
1295 2458 1359 2483 vor,
1374 2445 1475 2477 tenuis
1487 2451 1519 2477 et
1533 2445 1634 2482 exilis,

972 2506 1035 2537 qua
1050 2501 1179 2527 utuntur
1200 2500 1352 2526 amatores
1366 2494 1546 2531 verecundi,
1561 2505 1633 2526 cum

973 2544 1091 2586 pudore
1108 2551 1139 2575 et
1154 2544 1328 2575 reverentia
1345 2554 1478 2575 amorem
1492 2543 1635 2575 fatentes.

972 2594 1023 2624 Ita
1031 2595 1166 2624 submisso
1181 2605 1248 2624 sono
1259 2593 1358 2635 loqui,
1369 2593 1452 2635 apud
1462 2592 1634 2629 Tibullum,

974 2642 1036 2673 III.
1050 2642 1071 2673 i.
1082 2644 1142 2681 22;
1163 2642 1206 2673 sic
1222 2641 1302 2673 infra
1313 2641 1356 2673 xi.
1366 2642 1437 2672 187.
1448 2652 1514 2672 voce
1527 2652 1634 2681 parva.

975 2691 1032 2723 Vir
1046 2692 1157 2722 doctus
1174 2692 1207 2722 in
1220 2691 1345 2722 Miscel.
1361 2691 1493 2722 Observ.
1507 2689 1571 2720 vol.
1589 2689 1636 2720 ΙΙ.

975 2747 1051 2771 tom.
1068 2740 1088 2771 i.
1103 2752 1133 2782 p.
1148 2741 1200 2772 36.
1218 2740 1368 2771 blandam
1392 2739 1612 2782 interpretatur
1626 2750 1633 2775 ;
