1763 3181
418 181 1038 224 METAMORPHOSEON
1071 181 1190 222 LIB.
1223 179 1302 222 IV.

1474 178 1560 220 325

174 296 430 345 Diffudere
455 297 672 354 animos;
713 297 980 361 cultusque
1006 296 1305 359 habitusque
1334 296 1554 342 locorum

171 373 361 428 Quaerit
385 374 720 432 Abantiades;
760 374 1002 439 quaerenti
1026 373 1250 438 protinus
1275 388 1403 420 unus
1458 373 1553 419 766

173 449 354 499 Narrat
379 451 643 515 Lyncides,
671 467 934 514 moresque
958 450 1260 513 habitusque
1283 449 1513 496 virorum.

171 526 296 582 Quae
317 529 463 577 simul
489 529 713 578 edocuit:
757 534 787 552 “
811 528 976 585 Nunc,
999 545 1027 575 o
1052 525 1367 582 fortissime,”
1392 524 1536 581 dixit,

170 610 201 629 “
229 604 368 664 Fare,
398 622 586 670 precor,
608 606 814 662 Persen,
836 611 1023 669 quanta
1044 604 1240 660 virtute,
1268 603 1552 666 quibusque

166 680 375 730 Artibus
400 683 664 731 abstuleris
689 683 864 730 crinita
887 682 1185 730 draconibus
1210 679 1343 728 ora.'⁷

1457 681 1552 726 770

166 757 348 807 Narrat
371 759 696 822 Agenorides,
722 760 886 822 gelido
912 759 1005 807 sub
1029 758 1231 806 Atlante
1250 759 1503 821 jacentem

168 834 294 884 Esse
318 837 498 894 locum,
525 838 695 885 solidae
720 844 882 885 tutum
908 836 1177 884 munimine
1198 835 1371 892 molis;

208 992 389 1025 765—767.
415 993 490 1025 Post
503 993 604 1025 varias
625 993 775 1026 lectiones
794 1000 826 1026 et

163 1041 333 1083 opiniones,
343 1049 443 1074 totum
457 1044 572 1079 locum,
585 1043 710 1074 omnino
720 1044 824 1075 turba-

163 1097 241 1129 tum,
266 1104 304 1124 ex
334 1092 445 1124 nostris
474 1092 644 1124 Codicibus
668 1092 824 1134 integrum

162 1142 236 1174 dare
261 1143 447 1179 curavimus,
472 1147 507 1173 ut
530 1152 569 1173 ex
592 1142 824 1184 comparatione

161 1192 255 1223 lectio
272 1202 344 1223 vera
358 1191 461 1232 detegi
478 1191 584 1233 possit.
629 1191 670 1221 Et
688 1191 823 1233 primum

161 1241 269 1272 Codex
285 1241 407 1282 Regius
426 1241 454 1271 B
469 1240 565 1271 habet
581 1240 742 1282 Diffudere
756 1242 822 1270 ani-

160 1301 219 1320 mos
230 1302 242 1328 ,-
258 1291 415 1331 cultusque
428 1299 577 1332 genusque
592 1290 720 1320 locorum
734 1289 821 1323 Quae-

159 1342 202 1370 rit
231 1341 426 1375 Abantiades,
452 1349 599 1379 moresque
629 1340 822 1378 animumque

157 1391 301 1420 virorum.
339 1389 381 1419 Et
396 1388 504 1420 Codex
526 1387 708 1429 RegiusA:
745 1387 819 1429 Dif-

147 1439 287 1481 fundere
305 1441 427 1475 animos,
443 1439 599 1478 cultasque
612 1448 761 1479 genusque
778 1439 819 1468 lo-

157 1500 260 1519 corum
291 1489 407 1523 Quaerit
430 1488 634 1524 Abantiades,
671 1498 819 1527 moresque

157 1539 347 1578 habitumque
361 1538 505 1568 virorum.
549 1536 624 1567 Post
644 1536 726 1567 hunc
746 1536 819 1566 ulti-

157 1598 243 1619 mum
258 1598 390 1623 versum,
403 1585 593 1618 interlineas
608 1592 639 1616 et
654 1597 671 1616 e
684 1586 823 1617 secunda

158 1647 253 1668 manu
267 1650 274 1668 :
314 1637 434 1667 Narrat
471 1636 641 1677 Lynciddes
673 1646 821 1675 moresque

156 1689 323 1728 animosque
335 1689 478 1717 virorum.
502 1685 589 1716 Male
603 1697 610 1722 ;
626 1695 698 1715 nam
710 1684 819 1715 Aban-

156 1736 257 1768 tiades
275 1736 387 1777 quaerit
401 1735 505 1765 cultus
520 1734 670 1769 locorum,
686 1738 718 1764 et
732 1734 815 1774 Lyn-

156 1785 265 1817 ciddes
280 1785 375 1815 aliam
388 1794 510 1826 prorsus
525 1794 590 1813 rem
605 1782 742 1824 exponit,
756 1781 815 1813 sci-

155 1835 228 1866 licet
239 1833 489 1865 moresvirorum.
504 1831 644 1873 Vulgata
652 1836 712 1862 tres
722 1831 817 1862 habet

154 1895 261 1916 versus
271 1893 403 1925 quorum
415 1893 495 1913 unus
505 1882 614 1912 saltem
626 1880 747 1923 spurius
759 1886 816 1911 est.

154 1935 228 1965 Non
240 1944 318 1976 opus
325 1938 392 1965 erat
405 1932 519 1963 dicere.
528 1932 727 1961 Abantiadem
738 1942 816 1971 quae-

150 1984 227 2020 siz'se,
239 1988 271 2014 et
281 1993 377 2013 unum
387 1982 567 2022 Lyncidden
580 1979 609 2011 ei
623 1981 813 2019 respondisse,

154 2033 204 2063 vel
218 2033 357 2063 ‘nari-Asse
368 2042 378 2068 ,-
394 2041 433 2061 ea
447 2029 540 2061 facile
553 2028 712 2060 subaudiri
726 2035 813 2070 pote-

152 2087 233 2115 rant.
261 2081 358 2123 Apud
373 2080 503 2111 Homer.
519 2084 550 2110 et
565 2078 656 2120 Virg.
672 2077 814 2109 videmus

152 2131 282 2174 hujusce
296 2129 381 2161 modi
395 2128 594 2165 narrationes,
610 2132 679 2170 post
692 2127 813 2169 epulas,

151 2190 340 2222 mensasque
355 2184 499 2215 remotas,
514 2177 580 2209 sine
604 2188 661 2220 ope
682 2177 811 2208 interro—

150 2232 263 2274 gantis,
276 2235 309 2261 et
324 2230 364 2260 ab
378 2239 441 2261 uno
454 2238 492 2258 ex
507 2226 658 2263 convivis,
669 2225 701 2256 in
717 2226 812 2256 hono-

150 2291 216 2312 rem
232 2281 382 2315 Deorum,
396 2278 447 2309 vel
466 2278 617 2312 Heroum,
633 2276 683 2307 vel
698 2276 811 2306 Patriae

150 2330 262 2361 factas.
306 2327 427 2359 Omitto
446 2326 479 2357 in
494 2326 541 2356 his
560 2325 658 2356 tribus
672 2325 811 2356 versibus

150 2379 300 2410 insulsam
323 2375 553 2418 repetitionem,
574 2375 746 2414 habitusque
769 2375 810 2404 lo-

151 2439 262 2464 corum,
292 2432 325 2457 et
350 2425 443 2461 infra,
469 2425 641 2465 habitusque
668 2426 811 2455 virorum.

150 2475 269 2513 Quidni
283 2486 321 2507 ex
345 2474 468 2505 duabus
490 2472 677 2504 lectionibus
694 2478 810 2503 nostro-

148 2536 217 2556 rum
233 2523 335 2556 Codd.
351 2533 446 2554 unam
461 2522 631 2553 efficiamus
645 2526 676 2552 et
691 2521 807 2563 simpli—

150 2585 230 2611 cem,
254 2580 285 2605 et
309 2573 349 2605 ad
373 2583 439 2604 rem
463 2571 657 2614 aptissimam
670 2583 676 2602 ;
704 2571 808 2613 Diffu-

148 2626 218 2655 dere
231 2625 344 2653 animos
356 2634 367 2660 ;
391 2623 547 2662 cultusque
569 2631 719 2662 genusque
734 2621 808 2651 loco-

147 2685 217 2704 rum
243 2672 362 2703 Narrat
383 2672 564 2712 Lync-idries,
581 2681 729 2710 moresque
741 2671 809 2700 ani-

148 2733 261 2763 mosque
277 2724 420 2753 virorum.
455 2720 506 2752 Sic
521 2726 603 2752 recte
619 2720 688 2750 fluit
700 2719 808 2756 oratio,

192 2773 290 2803 VOL.
306 2772 371 2802 III.

892 999 924 1025 et
944 992 1120 1035 sequentia,
1140 992 1213 1027 Qnae
1233 992 1322 1021 simul
1341 992 1471 1026 edocuit,
1488 994 1552 1020 etc.

892 1044 1032 1085 apprime
1047 1053 1119 1073 curn
1141 1039 1401 1072 antecedentibus
1421 1050 1553 1071 consen-

890 1092 984 1124 tiunt.
1040 1092 1199 1133 Lyncides,
1228 1095 1282 1120 aut
1310 1088 1428 1131 Lyncei
1455 1088 1550 1124 filius,

891 1148 946 1173 aut
960 1147 1043 1172 certe
1058 1151 1169 1171 nomen
1184 1138 1340 1182 proprium
1355 1143 1413 1169 est.
1482 1131 1490 1140 ’

933 1190 1009 1221 769.
1034 1189 1106 1219 Non
1130 1194 1194 1218 tam
1219 1189 1340 1223 virtute,
1356 1197 1452 1228 quam
1474 1189 1553 1218 arti-

890 1242 953 1275 bus,
968 1240 1000 1270 in
1015 1239 1075 1270 hac
1090 1248 1122 1269 re
1137 1248 1214 1279 opus
1228 1237 1335 1272 fuisse,
1353 1248 1392 1268 ex
1402 1237 1551 1278 Apollod.

889 1294 1030 1331 apparet.
1044 1288 1113 1318 Nec
1123 1287 1267 1328 Orpheus
1282 1286 1454 1327 quidquam
1469 1297 1548 1327 prae-

887 1344 933 1369 ter
961 1337 1060 1369 δόλον
1087 1341 1248 1371 memorat.
1304 1336 1416 1367 Jussus
1444 1341 1550 1366 autem

886 1394 953 1420 erat
977 1398 995 1418 a
1018 1386 1189 1428 Polydecte
1213 1385 1323 1415 afferre
1343 1384 1422 1415 illud
1443 1391 1552 1428 caput,

886 1438 970 1480 quod
984 1443 1050 1468 tum
1075 1436 1156 1467 inter
1178 1434 1327 1467 ἀδύνατα
1348 1435 1548 1469 referebatur.

886 1488 1009 1518 crinita
1034 1481 1222 1520 draconibus,
1246 1490 1351 1526 caput,
1375 1484 1465 1526 cujus
1489 1485 1549 1516 cri-

887 1536 978 1567 nibus
1007 1534 1139 1565 immixti
1169 1534 1328 1569 draconeS‚
1356 1544 1446 1564 versu
1475 1535 1547 1566 791.

886 1585 1037 1628 Apollod.
1054 1595 1070 1615 e
1086 1589 1178 1626 poeta
1200 1583 1315 1624 aliqu0,
1331 1584 1472 1624 κεφαλὰς
1487 1597 1545 1616 πε-

887 1633 1155 1678 ριεσπειραμένας
1166 1633 1273 1675 φολίσι
1287 1632 1490 1675 δρακόντων.

931 1687 1004 1717 771.
1020 1684 1114 1726 Regii
1125 1684 1220 1715 nostri
1231 1685 1436 1725 Agenorides5
1451 1691 1546 1721 recte,

883 1746 955 1766 nam
970 1736 1010 1766 ab
1026 1734 1168 1775 Agenore
1190 1734 1333 1769 Danaus,
1349 1733 1453 1764 Persei
1474 1745 1545 1776 pro-

883 1795 971 1821 avuS,
986 1783 1146 1814 oriundus.
1191 1782 1230 1812 In
1252 1792 1299 1817 ea,
1316 1793 1386 1822 quae
1402 1782 1475 1814 hinc
1497 1794 1546 1815 se-

883 1834 999 1876 quitur,
1015 1832 1189 1863 narratione
1211 1837 1323 1873 praeter
1346 1838 1544 1873 expectatum

882 1883 985 1914 brevis
1014 1888 1062 1913 est
1091 1881 1236 1917 Ovidius,
1264 1890 1444 1922 quanquam
1473 1883 1545 1913 Me-

882 1934 968 1964 dusae
984 1937 1088 1975 caput,
1103 1936 1228 1973 propter
1242 1930 1305 1961 vim
1321 1930 1462 1961 mutandi
1478 1942 1545 1963 cor-

882 1993 968 2024 pora,
983 1982 1015 2012 in
1030 1980 1135 2023 primis
1150 1979 1351 2011 memorabile
1375 1980 1407 2010 in
1429 1981 1543 2022 mythi—

882 2033 938 2064 cis.
999 2032 1112 2062 Locum
1135 2032 1290 2071 jacentem
1301 2041 1312 2066 ,·
1348 2030 1477 2071 planum
1512 2037 1544 2063 et

880 2080 1051 2123 spatiosum
1087 2089 1248 2121 campum.
1306 2078 1420 2109 Locum
1452 2079 1542 2112 illum

881 2130 1072 2172 antiquiores
1087 2128 1282 2159 collocabant
1296 2128 1328 2158 in
1344 2127 1446 2159 insula
1459 2130 1542 2161 Oce-

881 2180 931 2212 ani
947 2178 1101 2210 Atlantici
1117 2177 1263 2218 (Hesiod.
1279 2177 1339 2207 Th.
1354 2177 1385 2208 d.
1399 2178 1420 2208 1.
1437 2177 1542 2220 πέρην

878 2227 1075 2266 Ὠκεανοῖο,)
1096 2225 1282 2257 recentiores
1306 2225 1338 2255 in
1362 2226 1542 2258 continente

878 2278 1007 2309 Africae.
1051 2277 1202 2317 Pompou.
1216 2274 1317 2311 Mela,
1332 2275 1397 2305 III.
1414 2275 1457 2305 ix.
1475 2277 1518 2307 93
1532 2289 1539 2307 :

880 2328 995 2358 Contra
1017 2325 1182 2366 AEthiopas
1205 2324 1373 2365 Hesperios
1396 2331 1465 2355 sunt
1491 2327 1538 2357 in-

878 2379 949 2407 sulae·
966 2377 1131 2417 Gorgades,
1147 2376 1249 2404 domus
1264 2374 1321 2414 (ut
1345 2375 1455 2413 aiunt)
1480 2376 1538 2406 ali-

878 2428 995 2467 quando
1012 2426 1196 2466 Gorgonum.
1240 2424 1365 2459 Noster,
1380 2424 1541 2456 immemor

878 2475 992 2506 fabulae
1009 2474 1100 2504 modo
1116 2477 1259 2508 narratae‚
1275 2474 1327 2502 sub
1342 2474 1479 2508 Atlante,
1498 2473 1538 2504 ad

877 2524 1051 2554 Atlantem.
1107 2522 1233 2552 Gelidus
1261 2532 1424 2552 commune
1449 2533 1538 2553 mon-

877 2574 955 2605 tium
970 2572 1140 2615 epitheton.
1168 2572 1270 2601 Solz‘da
1282 2572 1337 2601 illa
1348 2573 1445 2607 moles,
1458 2577 1538 2602 trac·

876 2629 926 2654 tus
949 2621 1111 2657 montium,
1136 2620 1213 2650 forte
1238 2620 1330 2650 Atlas
1354 2620 1431 2661 ipse.
1476 2621 1537 2652 Or-

875 2671 986 2713 pheus,
1002 2670 1033 2700 d.
1046 2669 1068 2699 1.
1084 2670 1218 2700 Atlantis
1239 2671 1374 2700 eitremis
1389 2671 1442 2700 sub
1459 2681 1536 2710 prce-

874 2721 996 2760 cipitiis.

1004 2767 1039 2796 M
1055 2777 1086 2796 m
