1763 3181
427 193 1043 236 METAMORPHOSEON
1076 194 1194 236 LIB.
1228 195 1319 236 ΙΙΙ.

1464 196 1546 238 221

166 309 317 357 Parte
341 309 577 371 flagellari
603 308 791 372 gemuit
815 325 904 356 sua
928 310 1104 356 robora
1127 310 1314 356 caudae.

167 386 299 433 Dum
325 387 539 451 spatium
563 387 719 434 victor
742 387 858 434 victi
884 387 1164 434 considerat
1187 386 1372 443 hostis;

164 463 276 511 Vox
318 465 483 512 subito
524 464 693 511 audita
738 471 841 521 est;

362 547 662 605 promptum,

167 618 341 675 Unde;
395 619 483 666 sed
520 619 692 666 audita
729 625 834 666 est:

1485 390 1546 435 95

897 479 1059 527 neque
1102 470 1208 511 erat
1249 479 1548 525 cognoscere

1214 542 1549 604 [peremptum

895 624 925 642 ‘⁶
953 618 1102 674 Quid,
1145 618 1374 681 Agenore
1416 625 1545 673 nate,

167 695 461 759 Serpentem
487 696 720 760 spectas?
757 703 808 744 et
828 703 882 743 tu
908 696 1199 760 spectabere
1225 695 1480 759 serpens.”

165 771 257 820 Ille
281 772 366 819 diu
391 773 614 836 pavidus,
642 773 825 837 pariter
849 790 962 821 cum
986 780 1152 821 mente
1178 773 1393 820 colorem

1486 775 1547 819 99

165 848 488 907 Perdiderat3
529 850 796 914 gelidoque
819 866 972 898 comae
997 857 1182 898 terrore
1206 849 1450 913 rigebant.

232 925 366 973 Ecce
388 926 477 973 viri
501 926 700 984 fautrix,
728 944 933 992 superas
958 927 1163 990 delapsa
1186 943 1274 991 per
1299 942 1458 982 auras,

166 1001 334 1051 Pallas
359 1004 502 1052 adest
517 1023 528 1063 ;
569 1012 819 1069 motaeque
838 1006 985 1069 jubet
1009 1020 1289 1068 supponere
1313 1010 1456 1052 terrae

164 1079 404 1144 Vipereos
428 1081 620 1138 dentes,
648 1082 819 1146 populi
844 1082 1149 1129 incrementa
1170 1080 1337 1127 futuri.

166 1155 342 1216 Paret3
382 1165 449 1214 et,
474 1166 530 1207 ut
553 1176 725 1224 presso
749 1161 943 1208 sulcum
967 1158 1205 1223 patefecit
1229 1164 1406 1212 aratro,

207 1279 260 1311 94.
275 1279 398 1311 Gemuit
403 1282 575 1324 flagellari,
591 1281 721 1324 gemuit,
737 1282 821 1323 quod

163 1328 392 1370 flagellabatur.
439 1332 561 1362 Gemere
576 1332 614 1362 de
629 1342 704 1362 sono
719 1332 822 1373 cujus-

165 1387 290 1419 cunque
317 1379 363 1410 rei
392 1386 538 1417 oneratae,
564 1391 688 1422 pressae,
711 1381 821 1422 pulsae,

164 1425 208 1458 iv.
223 1428 285 1459 449
300 1440 308 1467 3
338 1428 401 1461 xiv.
418 1430 480 1461 739
493 1442 501 1468 3
534 1441 572 1461 ex
594 1430 684 1461 Pont.
699 1430 764 1461 HI.
778 1430 822 1461 iii.

167 1476 206 1506 10
216 1488 226 1516 ;
248 1482 280 1508 et
295 1488 365 1519 quae
381 1489 443 1509 non
457 1484 578 1516 sonant,
595 1486 691 1511 tacere
714 1479 820 1510 dicun-

163 1529 223 1557 tur.
267 1527 330 1557 Sua
345 1529 448 1559 robora
462 1528 584 1571 plenius
599 1539 704 1570 quam,
720 1540 758 1560 se.

206 1578 260 1608 96.
279 1577 338 1608 Vox
349 1579 443 1608 subito
459 1580 565 1609 audita
578 1578 650 1619 est.]
677 1578 822 1620 Appare-

163 1627 241 1658 bant
254 1626 410 1658 interdum
426 1627 480 1658 Dii
496 1628 554 1664 sic,
568 1635 603 1659 ut
616 1628 649 1658 in
663 1628 822 1658 hominum

164 1682 368 1718 conspectum
393 1687 454 1708 non
483 1678 651 1720 prodirent,
678 1678 734 1708 sed
762 1688 821 1708 vox

162 1730 285 1757 tantum
296 1736 400 1757 eorum
415 1726 583 1763 audiretur,
596 1738 664 1768 quae
681 1737 822 1758 nonnun-

164 1785 259 1817 quam
285 1776 510 1816 agnoscebatur
538 1777 577 1807 ab
606 1776 762 1812 audiente,
789 1783 824 1807 ut

162 1835 222 1855 vox
244 1825 396 1856 Minervae
419 1825 458 1856 ab
480 1826 593 1867 Ulysse
613 1827 644 1855 in
663 1825 824 1866 Sophoclis

164 1873 265 1915 Ajace
278 1884 368 1905 versu
388 1874 436 1905 14.
481 1875 575 1905 Nunc
593 1874 687 1905 inissa
702 1874 823 1906 videtur

164 1933 183 1953 a
208 1923 323 1960 Marte,
348 1923 401 1965 qui
426 1923 581 1955 Cadmum
608 1924 822 1961 interfecisset,

163 1972 223 2003 nisi
237 1972 460 2004 intercessisset
479 1974 620 2015 Jupiter:
644 1973 710 2004 vid.
725 1973 821 2015 Apol-

162 2020 226 2052 lod.
250 2021 314 2052 III.
333 2022 375 2053 iv.
392 2023 432 2060 *23
455 2022 563 2064 ibique
586 2022 738 2063 Heynius.
783 2023 824 2053 Et

164 2070 392 2101 transformatio
422 2070 535 2102 Cadmi
571 2071 603 2101 in
634 2077 821 2113 serpentem,

164 2129 234 2160 quae
248 2120 307 2151 IV.
318 2120 380 2151 562
395 2130 464 2162 sqq.
479 2125 629 2156 narratur,
643 2120 756 2151 Martis
772 2120 823 2151 irae

164 2168 308 2200 tribuitur
324 2170 363 2200 ab
381 2170 499 2211 Hygia.
514 2170 578 2200 fab.
593 2171 623 2200 6.
660 2169 699 2200 In
715 2177 825 2210 spectas

163 2222 195 2248 et
209 2220 374 2258 spectabere
388 2218 468 2250 inest
487 2220 574 2250 lusus
597 2230 658 2250 non
683 2225 823 2250 contem-

164 2267 297 2298 nendus.

208 2317 281 2348 101.
305 2316 611 2359 Eccevirifautri.1.]
638 2317 825 2359 UnuS,fau-

165 2372 233 2403 τον-,-
256 2372 362 2397 monet
388 2370 584 2398 Burmannus
609 2366 703 2397 etiam
725 2374 828 2398 aucto-

165 2426 239 2452 rem,
261 2426 440 2458 sponsorem
467 2422 498 2446 et
523 2415 638 2446 similia
666 2416 706 2446 de
734 2415 824 2446 femi-

167 2463 216 2495 nis
231 2464 305 2495 dici.
353 2464 459 2495 Pallas
474 2470 593 2506 partem
609 2463 751 2504 dentium
767 2464 825 2495 seri

162 2512 253 2555 jubet
265 2525 274 2552 3
298 2513 427 2545 alteram
440 2520 559 2555 partem
576 2513 616 2545 ad
628 2515 743 2545 AEeten
757 2524 826 2555 per-

166 2562 249 2593 tulit.
273 2562 419 2604 Apollod.
439 2563 467 2593 Ι.
480 2562 522 2594 ix.
537 2564 590 2593 23.
635 2563 759 2598 Noster,
775 2562 827 2593 vii.

170 2612 227 2642 121
245 2623 314 2653 sqq.
331 2623 424 2653 quem
439 2613 543 2643 locum
559 2622 629 2643 cum
645 2612 703 2642 hoc
720 2612 826 2642 confe-

165 2670 225 2691 ras.
248 2660 427 2692 Secundum
442 2661 656 2702 Pherecydem
672 2661 704 2690 in
720 2660 826 2691 Schol.

166 2708 314 2752 Apollon.
325 2707 369 2739 iii.
382 2710 477 2740 1178.
494 2709 633 2740 Cadmus
649 2710 704 2740 hos·
719 2709 829 2740 dentes

172 2759 261 2795 sevit,
277 2769 296 2789 a
310 2759 414 2790 Marte
425 2759 550 2800 jussus;
572 2759 626 2790 sed
642 2758 752 2800 reliqui
772 2757 829 2789 hoc

215 2809 393 2841 VOL.111.

889 1281 1054 1313 consilium
1082 1279 1234 1311 Minervae
1264 1279 1414 1310 tribuunt.
1474 1279 1550 1309 Eece

889 1333 983 1362 adest.
1007 1330 1058 1362 Sic
1081 1336 1111 1361 et
1126 1330 1158 1360 ii.
1175 1330 1248 1360 496.
1293 1329 1439 1360 Virorum
1460 1328 1548 1359 illus-

889 1380 982 1411 trium
998 1390 1103 1411 curam
1119 1379 1192 1410 olim
1208 1379 1296 1409 Deus
1312 1378 1427 1420 aliquis
1439 1378 1549 1408 Deave

889 1431 1026 1471 gerebat,
1053 1429 1145 1471 eique
1172 1428 1354 1471 apparebat,
1381 1427 1406 1458 si
1436 1426 1550 1458 auxilio

890 1479 1055 1520 indigeret.
1102 1478 1256 1520 Exempla
1275 1483 1347 1508 sunt
1367 1476 1399 1507 in
1414 1478 1550 1507 Homero

891 1535 922 1560 et
937 1528 1025 1569 Virg.
1041 1527 1143 1559 obvia.
1189 1527 1343 1558 Heroibus
1361 1527 1418 1557 hoc
1440 1526 1549 1557 datum

889 1584 967 1615 erat,
984 1586 1019 1609 ut
1034 1579 1118 1609 Deos
1133 1577 1240 1608 divina
1254 1576 1358 1618 specie
1374 1575 1448 1618 ipsis
1464 1575 1549 1606 obla-

891 1634 937 1659 tos
976 1628 1041 1658 sine
1070 1637 1152 1657 noxa
1180 1627 1384 1657 intuerentur.
1446 1626 1551 1656 Pallas

891 1676 1011 1708 Cadmo
1026 1677 1120 1707 etiam
1138 1675 1299 1717 imperium
1316 1675 1447 1705 Boeotiae
1465 1685 1551 1705 com-

889 1725 1014 1768 parasse
1031 1726 1161 1756 traditur
1176 1726 1214 1755 ab
1232 1724 1431 1767 Apollodoro.
1475 1724 1547 1764 Sup-

888 1786 995 1814 ponere
1020 1781 1106 1805 terr-cr
1126 1785 1207 1816 saepe
1224 1784 1277 1815 pro
1293 1773 1433 1815 sepelire,
1450 1778 1485 1804 ut
1500 1785 1552 1804 xv.

890 1825 974 1862 3703
1011 1824 1055 1854 ib.
1086 1825 1167 1861 153;
1207 1823 1315 1854 Amor.
1341 1822 1404 1852 ΙΙΙ.
1431 1822 1473 1852 ix.
1499 1823 1550 1853 48.

889 1873 970 1914 Ergo
984 1874 1062 1904 bene
1077 1873 1116 1904 de
1131 1872 1300 1903 seminibus
1311 1871 1435 1914 sparsis.
1461 1872 1549 1902 Tunc

889 1934 961 1954 vero
976 1922 1207 1965 perspicuitatis
1217 1932 1314 1952 causa
1328 1927 1411 1952 recte
1428 1920 1552 1951 additur

890 1980 982 2008 mette,
995 1978 1095 2003 aratro
1106 1972 1277 2014 proscissae,
1290 1970 1551 2013 quemadmodum

891 2032 1002 2052 morere
1036 2028 1146 2051 terrum
1177 2026 1208 2051 et
1241 2020 1345 2050 fodere
1383 2019 1550 2060 significat.

892 2071 1005 2111 virgil.
1028 2071 1144 2111 Georg.
1162 2070 1206 2100 ΙΙ.
1221 2070 1305 2108 264;
1328 2069 1409 2099 Plin.
1432 2067 1477 2098 H.
1493 2069 1553 2110 Ep.

892 2119 965 2150 xvii.
981 2121 1034 2150 25.
1064 2119 1169 2160 Atque
1186 2119 1234 2159 τῷ
1248 2124 1329 2148 motor
1341 2128 1412 2148 mox
1427 2128 1551 2158 respon-

892 2168 946 2198 det
965 2179 1062 2208 presso
1076 2169 1203 2203 sulcum,
1220 2172 1280 2198 etc.
1326 2166 1420 2208 Apud
1442 2165 1551 2206 Eurip.

893 2217 966 2248 673.
988 2217 1097 2248 dentes
1117 2216 1234 2258 spargit
1255 2215 1298 2252 εἰς
1319 2215 1554 2255 βαθυσπόρους

893 2265 989 2307 γύας.
1000 2265 1053 2296 vii.
1071 2267 1129 2295 122
1145 2277 1150 2294 t
1168 2270 1267 2294 aratos
1277 2266 1390 2306 spargit
1405 2266 1435 2294 in
1447 2274 1552 2304 agros;

894 2315 975 2356 apud
999 2313 1174 2354 Pherecyd.
1197 2313 1241 2350 εἰς
1260 2314 1324 2351 τὴν
1344 2314 1500 2354 ἄρουραν,
1521 2312 1554 2342 in

895 2370 1006 2395 terram
1026 2369 1154 2393 motam.
1196 2363 1267 2392 Non
1286 2361 1382 2403 igitur
1406 2361 1555 2392 assentior

891 2413 1025 2443 Valken.
1050 2411 1090 2442 ad
1114 2410 1220 2453 Eurip.
1237 2412 1310 2442 673.
1331 2411 1384 2451 qui
1407 2412 1554 2450 matrique

891 2461 1087 2503 praeferebat‚
1103 2460 1177 2502 quia
1199 2461 1256 2491 hoc
1280 2460 1308 2490 ei
1330 2459 1451 2490 doctius
1465 2459 1551 2489 vide-

894 2512 994 2546 batur,
1017 2520 1111 2551 quam
1132 2516 1167 2540 ut
1190 2520 1209 2540 a
1233 2509 1357 2540 librario
1380 2508 1476 2550 possit
1499 2518 1552 2538 ex-

894 2559 1026 2601 pectari.
1087 2560 1288 2595 Incrementa,
1327 2558 1552 2592 additamenta,

895 2609 1007 2650 quibus
1023 2613 1187 2649 augeretur
1202 2618 1300 2638 novus
1316 2606 1458 2649 populus.

943 2658 1011 2688 104.
1029 2657 1180 2699 Spargit]
1200 2657 1278 2687 Inde
1292 2655 1410 2687 Graecis
1422 2654 1468 2685 illi
1479 2653 1555 2686 dicti

896 2712 1044 2750 putantur
1080 2707 1194 2746 Spar-ti.
1253 2706 1397 2735 Mortalia
1433 2705 1556 2741 semina,

899 2757 1030 2791 semina,
1062 2756 1145 2787 unde
1174 2755 1319 2786 mortales
1348 2758 1555 2785 nascerentur.

1030 2806 1058 2836 Y
