1763 3181
227 196 313 238 314

614 196 664 238 P.
703 195 914 237 OVIDII
947 196 1226 238 NASONIS

231 310 355 358 Tam
380 311 592 358 violasse
619 311 798 366 Deum,
825 327 974 375 quam
999 327 1096 358 non
1121 312 1330 374 agnosse
1355 319 1601 376 nepotem,

231 387 474 435 Poenitet:
514 389 774 451 impositus
793 390 897 452 jam
922 389 1045 436 coelo
1071 397 1147 436 est
1171 390 1320 446 alter3
1361 397 1411 436 at
1431 390 1568 446 alter,

227 464 427 528 Viperei
451 464 666 512 referens
691 465 905 528 spolium
928 466 1246 513 memorabile
1271 466 1492 521 monstri,

228 540 360 588 Aera
383 543 620 605 carpebat
643 550 867 590 tenerum
893 543 1216 590 stridentibus
1243 543 1349 590 alis.

1509 546 1603 590 615

229 617 495 682 Quumque
521 635 668 682 super
694 618 906 683 Libycas
930 621 1084 667 victor
1108 621 1349 684 penderet
1373 635 1561 675 arenas,

229 695 478 758 Gorgonei
503 696 680 759 capitis
705 704 856 759 guttae
883 697 1107 745 cecidere
1132 705 1347 744 cruentae
1368 713 1377 744 :

228 772 364 827 Quas
388 773 567 820 humus
592 783 829 838 exceptas
853 776 1012 823 varios
1038 775 1269 822 animavit
1289 774 1338 820 in
1365 789 1579 836 angues3

229 849 375 898 Unde
396 850 629 913 frequens
655 851 738 898 illa
762 859 852 907 est,
880 851 1158 914 infestaque
1183 859 1313 898 terra
1336 848 1567 896 colubris.

222 926 346 974 Inde
371 944 459 991 per
482 928 778 976 immensum
802 929 959 976 ventis
985 929 1294 975 discordibus
1321 934 1459 974 actus
1504 929 1599 973 620

227 1003 374 1051 Nunc
400 1005 513 1061 huc,
540 1021 672 1052 nunc
697 1006 829 1061 illuc,
857 1006 1086 1069 exemplo
1112 1004 1256 1051 nubis
1282 1020 1496 1067 aquosae,

227 1079 415 1138 Fertur,
443 1089 493 1129 et
516 1099 579 1130 ex
605 1082 704 1129 alto
729 1083 961 1130 seductas
988 1082 1171 1129 aethere
1194 1082 1340 1143 longe

228 1156 504 1222 Despectat
525 1166 709 1217 terras;
750 1168 1009 1224 totumque
1035 1159 1316 1223 supervolat
1339 1158 1524 1205 orbem.

225 1232 323 1282 Ter
346 1236 533 1298 gelidas
561 1236 753 1294 Arctos,
777 1245 852 1285 ter
879 1237 1059 1286 Cancri
1083 1236 1286 1284 brachia
1308 1235 1456 1282 vidit:

227 1311 373 1376 Saepe
394 1314 486 1360 sub
512 1329 735 1370 occaSUS,
763 1331 895 1378 saepe
921 1323 998 1363 est
1022 1316 1216 1362 ablatus
1241 1314 1290 1360 in
1316 1320 1468 1360 ortus.
1507 1313 1602 1358 625

225 1386 440 1453 Jamque
466 1391 675 1438 cadente
701 1391 781 1438 die
804 1392 987 1439 veritus
1013 1408 1066 1439 se
1090 1392 1290 1439 credere
1314 1389 1448 1437 nocti

268 1529 343 1558 614.
386 1529 539 1569 Vipereum
576 1537 750 1566 monstrum,
788 1537 883 1572 caput

222 1576 377 1614 Medusae,
394 1578 432 1609 de
449 1589 510 1620 quo
526 1590 591 1609 ver.
606 1580 668 1610 770
683 1590 753 1621 sqq.
768 1592 774 1609 ε
792 1580 882 1611 ὕστε-

222 1638 282 1667 ρον
306 1628 466 1669 πρότερον
490 1629 629 1671 exponit.
677 1630 881 1666 Memorabile,

220 1676 306 1706 fama
331 1677 533 1709 celebratum.
586 1678 746 1720 Expressit
776 1684 880 1709 autem

222 1724 253 1756 h.
265 1725 285 1756 l.
299 1726 447 1768 Apollon.
467 1727 572 1758 Rhod.
587 1727 628 1758 iv.
644 1729 739 1759 1513.
785 1730 877 1765 Aera,

221 1779 370 1816 tauquam
398 1776 493 1807 viam.
554 1777 711 1817 Carpebau
739 1777 878 1809 volabat.

223 1824 312 1855 Forte
335 1826 469 1867 respexit
493 1826 582 1867 Virg.
604 1826 720 1868 Georg.
742 1826 782 1857 iv.
803 1829 878 1858 310.

223 1872 380 1904 Tenerum.
418 1875 571 1906 Usitatius
586 1880 631 1905 est
646 1882 774 1906 tenuem.
818 1877 879 1907 Sed

222 1927 254 1953 et
277 1922 389 1963 Virgil.
412 1923 540 1954 AEneid.
566 1924 610 1954 ix.
637 1925 711 1955 699.
745 1932 879 1955 tenerum

221 1982 315 2008 aera;
339 1977 370 2002 et
384 1972 508 2003 Lucret.
522 1972 543 2002 i.
559 1973 634 2003 208.
650 1980 765 2003 teneras
778 1985 880 2005 auras.

221 2019 275 2050 Ad
296 2020 486 2051 celeritatem
513 2020 630 2052 itineris
657 2021 878 2052 declarandam

221 2069 335 2100 Perseo
350 2070 405 2099 alae
426 2068 506 2099 datae
527 2076 608 2106 sunt,
625 2070 664 2100 de
680 2070 792 2112 quibus
808 2071 877 2102 vide

221 2117 261 2148 ad
290 2129 414 2149 versum
443 2119 516 2150 666.
572 2119 690 2150 Volans
716 2130 878 2162 expressus

220 2167 314 2198 etiam
330 2176 396 2198 erat
410 2167 441 2198 in
456 2168 549 2199 Scuto
564 2169 721 2200 Herculis.
746 2170 877 2200 Hesiod.

219 2216 284 2247 216
297 2227 366 2258 sqq.
413 2218 571 2249 Penderet.
594 2218 677 2249 Vide
699 2218 738 2249 ad
753 2218 785 2249 ii.
801 2220 875 2250 708.

220 2265 339 2306 Libyca:
354 2278 450 2297 arenae
464 2274 587 2309 propter
596 2267 785 2298 siccitatem:
806 2267 878 2300 vide

220 2314 258 2345 ad
273 2314 307 2345 ii.
325 2316 398 2346 235.

263 2365 336 2395 617.
356 2365 605 2406 Gorgonei,etc.]
625 2365 676 2396 Sic
689 2366 877 2408 etApollon.

218 2413 259 2443 iv.
279 2414 330 2444 15.
364 2414 425 2444 Sed
442 2414 601 2446 Nicander
614 2416 706 2446 Ther.
721 2415 788 2446 init.
804 2427 877 2447 auc-

220 2462 343 2494 toritate
364 2464 504 2501 Hesiodi,
520 2465 667 2496 Titanum
689 2476 705 2495 e
725 2466 876 2507 sanguine

219 2519 388 2544 venenatas
394 2513 510 2544 bestias
520 2521 601 2545 ortas
610 2525 676 2545 esse
687 2515 783 2545 canit.
798 2515 875 2545 San-

218 2560 345 2601 guinem
356 2562 514 2603 Typhonis
528 2563 687 2594 substituit
699 2564 876 2595 Acusilaus.

220 2610 294 2641 Vid.
319 2612 422 2643 Schol.
445 2612 598 2643 Nicandri
621 2619 653 2644 et
676 2612 822 2655 Apollon.
837 2613 876 2644 ad

219 2658 251 2689 d.
266 2659 289 2690 l.
345 2662 501 2693 Animavit
528 2663 560 2692 in
590 2673 714 2703 ungues,
745 2663 877 2694 breviter

219 2707 349 2746 dictum,
365 2710 515 2741 animavit
535 2716 566 2742 et
581 2711 674 2741 vertit
695 2712 727 2741 in
749 2721 878 2752 angues.

220 2755 337 2799 Infesta
358 2769 440 2790 nunc
463 2759 596 2801 passive,
612 2770 681 2801 quae
705 2759 878 2791 infestatur.

949 1531 1023 1562 vid.
1044 1530 1179 1566 Gellius,
1202 1531 1244 1561 N.
1257 1530 1297 1560 A.
1312 1529 1356 1560 ix.
1374 1530 1426 1560 12.
1468 1529 1603 1570 Pompo-

947 1580 1017 1611 nius
1036 1581 1136 1616 Mela,
1151 1579 1198 1610 iii.
1215 1580 1270 1610 10:
1298 1579 1403 1608 Prima
1425 1580 1489 1617 <jus
1504 1578 1604 1607 AEthi-

946 1641 1010 1669 opes
1025 1636 1136 1665 tenent,
1153 1630 1246 1659 media
1266 1628 1367 1665 uulli,-
1392 1638 1461 1657 nam
1480 1633 1534 1656 aut
1556 1637 1604 1656 er-

946 1686 1014 1709 usta
1035 1686 1116 1715 sunt,
1131 1685 1186 1708 aut
1208 1680 1306 1708 arenis
1326 1678 1463 1712 obducta,
1479 1685 1533 1706 aut
1555 1677 1602 1706 in-

935 1728 1021 1769 festa
1036 1729 1228 1767 serpentibus.

989 1778 1062 1808 620.
1078 1777 1154 1807 Inde
1161 1787 1214 1816 per
1224 1779 1404 1810 immensum,
1415 1774 1491 1814 etc.]
1509 1773 1603 1806 Com-

946 1826 1037 1857 mode
1059 1826 1125 1856 haec
1148 1835 1247 1866 usque
1268 1824 1308 1854 ad
1322 1834 1443 1854 versum
1459 1824 1531 1854 625.
1548 1822 1602 1853 ab-

947 1886 1014 1906 esse
1037 1881 1180 1918 possent3
1212 1874 1324 1905 obsunt
1348 1883 1420 1914 ergo
1447 1871 1606 1908 brevitati,

947 1935 1016 1966 quae
1043 1925 1157 1955 eximia
1182 1923 1364 1954 narrationis
1388 1922 1495 1952 virtus.
1542 1921 1604 1952 Im-

946 1986 1086 2008 mensum.
1112 1980 1147 2004 ut
1174 1973 1248 2004 alibi
1271 1972 1378 2007 Inane,
1397 1971 1537 2002 absolute
1565 1970 1605 2001 de

947 2033 1027 2054 aere.
1072 2023 1233 2065 Expressit
1245 2028 1348 2052 autem
1362 2021 1526 2057 Homerus,
1542 2020 1605 2051 Od.

947 2076 983 2104 Ε.
1000 2074 1062 2104 330
1082 2084 1170 2114 sqq.:
1199 2072 1309 2113 ἄνεμοι
1329 2069 1425 2112 φέρον
1449 2070 1526 2101 ἔνθα
1550 2071 1605 2101 καὶ

945 2121 1035 2152 ἔνθα.
1072 2120 1216 2152 Ἀλλοτε
1239 2121 1298 2162 μὲν
1318 2131 1351 2151 τε
1375 2119 1480 2156 Νότος
1503 2118 1605 2161 Βορέῃ

945 2170 1148 2212 προβάλεσκε
1165 2170 1323 2212 φέρεσθαι,
1338 2167 1479 2200 Ἀλλοτε
1496 2167 1520 2199 δ’
1536 2167 1604 2199 αὖτ’

944 2219 1047 2261 Εὖρος
1069 2220 1207 2262 Ζεφύρῳ,
1233 2225 1293 2250 etc.
1339 2218 1491 2255 Seductus,
1514 2219 1605 2259 longe

945 2280 963 2300 a
978 2280 1009 2300 se
1026 2269 1186 2300 distantes.

988 2320 1059 2350 626.
1087 2319 1217 2349 cadente
1241 2319 1299 2353 die,
1320 2323 1457 2358 tempore
1479 2326 1604 2358 vesper-

944 2367 1020 2399 tino.
1066 2368 1190 2409 Proprie
1213 2368 1254 2397 sol
1279 2368 1371 2402 cadit,
1397 2365 1524 2401 occidit,
1550 2364 1605 2396 sed

946 2417 1031 2459 apud
1045 2423 1151 2459 poetas
1167 2416 1261 2447 etiam
1275 2417 1336 2446 (ὶὶεε
1351 2422 1381 2446 et
1392 2415 1460 2446 lmr.
1506 2414 1605 2445 Vere·

944 2472 993 2497 tur
1008 2478 1036 2497 se
1052 2468 1129 2497 nocti
1149 2468 1280 2501 credere,
1298 2471 1392 2495 noctu
1408 2464 1466 2494 iter
1488 2463 1604 2501 facere,

944 2525 982 2546 ne
1005 2517 1126 2546 aberret
1145 2526 1164 2546 a
1187 2514 1246 2545 via.
1291 2513 1438 2545 Constitit
1462 2514 1494 2543 in
1518 2512 1601 2544 occi-

943 2565 1060 2595 dentali
1075 2564 1190 2595 Africae
1211 2570 1308 2606 parte,
1325 2563 1378 2593 ubi
1399 2562 1604 2598 Mauritania,

943 2614 1082 2644 Atlantis
1097 2624 1235 2654 regnum.
1263 2613 1372 2643 Evocat
1387 2623 1404 2643 e
1418 2611 1503 2653 regia
1515 2611 1605 2648 Solis,

943 2663 975 2693 in
996 2674 1059 2704 qua.
1080 2669 1111 2694 et
1133 2662 1207 2704 vigil
1230 2662 1350 2693 Aurora
1373 2668 1404 2692 et
1428 2671 1535 2692 currus
1555 2662 1603 2691 di-

944 2714 1028 2748 urni,
1043 2711 1074 2742 id
1089 2718 1146 2747 est,
1163 2711 1288 2742 solares.
1305 2710 1336 2740 ii.
1353 2711 1412 2741 106
1427 2720 1496 2751 sqq.
1547 2708 1602 2738 Γο-

945 2763 1008 2791 cari
1024 2761 1062 2792 ab
1078 2760 1183 2802 aliqua
1197 2770 1229 2792 re
1245 2759 1360 2791 dicitur
1375 2758 1418 2795 id,
1435 2757 1517 2799 quod
1533 2767 1602 2788 eam
