1763 3181
238 194 323 235 363

625 194 674 234 P.
709 193 746 233 O
757 191 920 233 VIDII
953 191 1232 234 NASONIS

243 308 367 362 Quae
392 309 481 355 tibi
507 323 657 355 causa
674 308 792 355 viae?
818 323 905 354 cur
925 307 1009 362 sis,
1030 307 1295 363 Arethusa,
1314 322 1453 354 sacer
1476 307 1618 355 fons?

244 385 542 432 Conticuere
568 385 741 441 undae3
783 399 992 446 quarum
1020 384 1128 432 Dea
1152 384 1351 432 sustulit
1374 385 1473 431 alto

243 461 399 509 Fonte
424 469 589 525 eaput,
608 461 888 523 viridesque
914 476 1060 508 manu
1086 461 1272 508 siccata
1291 461 1497 524 capillos
1523 464 1618 508 575

244 538 482 585 Fluminis
508 538 616 586 Elei
640 545 833 585 veteres
858 537 1071 585 narravit
1094 554 1312 585 amores:

244 621 273 639 “
301 616 426 663 Pars
461 632 553 678 ego
580 615 944 679 Nympharum,
972 632 1083 678 quae
1121 622 1235 662 sunt
1272 615 1321 661 in
1345 613 1619 668 Acha'ide‚''

243 698 273 716 “
302 692 417 740 Una
440 692 533 750 fui3
562 709 654 740 nec
679 709 758 740 me
783 693 1050 740 studiosius
1076 693 1230 740 altera
1249 693 1403 740 saltus
1452 691 1618 754 [dixit,

241 769 401 832 Legit,
428 786 518 817 nec
544 770 710 834 posuit
734 770 1002 818 studiosius
1027 771 1182 817 altera
1205 786 1389 817 casses.

1523 770 1618 815 579

243 846 360 902 Sed,
379 847 603 909 quamvis
618 847 785 894 formae
802 863 1056 910 nunquam
1074 846 1194 894 mihi
1210 846 1339 894 fama
1353 846 1512 910 petita
1525 853 1618 901 est,

243 921 480 978 Quamvis
504 923 641 971 fortis
667 939 815 979 eram,
843 923 1067 971 sormosae
1094 940 1272 971 nomen
1297 923 1558 971 habebam.

240 1074 389 1117 Nympha
397 1075 429 1106 in
439 1075 506 1117 ejus
516 1075 641 1108 flumine
650 1076 783 1113 lavatur,
793 1086 896 1108 amore

239 1124 306 1165 ejus
329 1124 462 1155 ardescit
484 1124 715 1166 fugientemque
740 1125 895 1167 persequi-

240 1178 309 1211 tur;
333 1179 364 1204 et
378 1173 431 1204 ubi
450 1172 505 1204 illa
520 1174 551 1205 in
567 1175 683 1205 sontem
703 1180 850 1211 mutatur,
867 1180 897 1206 et

241 1221 305 1262 ipse
325 1222 357 1253 in
379 1223 514 1264 proprias
534 1223 634 1254 undas
656 1223 795 1260 vertitur,
811 1229 844 1254 ut
865 1234 897 1254 se

241 1269 270 1300 ei
285 1270 422 1302 misceat.
467 1272 581 1303 Confer
598 1272 735 1303 Pausan.
746 1283 775 1303 v.
788 1284 819 1314 p.
835 1274 897 1304 389

239 1329 309 1360 sqq.
324 1319 378 1361 qui
399 1326 429 1351 et
450 1319 549 1356 addit,
567 1320 680 1351 fabulae
701 1320 774 1352 inde
796 1322 898 1352 locum

239 1368 359 1404 datum,
375 1369 449 1409 quia
469 1368 500 1399 in
515 1369 701 1400 Arethusam
722 1369 837 1401 fontem
861 1371 899 1401 il-

239 1417 364 1448 labatur
378 1417 545 1460 Alpheus3
570 1418 609 1450 de
632 1430 692 1460 quo
715 1429 813 1450 errore
832 1419 898 1451 die-

239 1471 305 1497 tum
321 1466 361 1498 ad
374 1477 495 1498 versum
511 1468 584 1499 487.
612 1468 783 1499 varietatis
794 1479 898 1506 causa,

236 1521 330 1557 poeta
349 1515 450 1558 ipsam
464 1516 652 1548 Arethusam
667 1518 732 1548 fata
752 1528 808 1548 sua
826 1528 897 1549 nar-

235 1570 355 1596 rantem
378 1565 513 1597 induxit.
560 1566 665 1609 Exigit
690 1568 770 1598 alma
799 1568 896 1600 Ceres.

237 1614 327 1646 Saltu
348 1614 432 1646 facto
453 1615 562 1646 transit
585 1616 625 1647 ad
647 1626 733 1658 seqq.
749 1616 896 1659 Cogitan—

238 1662 312 1694 dum
333 1663 439 1704 igitur,
455 1663 610 1700 Cererem,
633 1665 806 1707 impetratis
827 1677 897 1709 pre-

237 1712 337 1748 cibus,
354 1712 385 1743 in
408 1712 547 1744 Siciliam
562 1713 701 1745 rediisse.
749 1715 832 1746 Nata
854 1726 896 1746 se-

236 1772 312 1792 cura
326 1768 454 1802 recepta.
478 1762 655 1794 Gronovius
669 1764 807 1795 malebat
822 1772 898 1796 natae

236 1821 340 1842 secura
366 1818 499 1851 receptae,
526 1811 610 1853 quod
635 1812 727 1843 valde
751 1813 899 1854 placebat

237 1860 386 1899 Heinsio;
419 1861 493 1902 quia
517 1871 554 1892 ea
579 1871 638 1892 vox
665 1872 736 1893 cum
757 1862 896 1903 genitivo

235 1909 419 1951 plerumque
434 1909 614 1951 reperiatur,
628 1909 682 1941 sed
698 1911 896 1943 Burmannus

238 1963 341 1989 tuetur
355 1957 539 1990 ablativum.
561 1959 654 2001 Regii
670 1960 765 1990 nostri
780 1961 897 1993 habent

239 2014 482 2047 nata—recepta.
529 2009 602 2043 Quae
625 2020 714 2040 causa
740 2011 804 2046 viae,
829 2021 894 2048 cur,

237 2056 306 2087 loco
330 2062 461 2093 mutato,
484 2057 572 2089 extra
595 2057 725 2099 patriam
752 2059 895 2097 cernaris,

237 2116 299 2137 non
317 2112 352 2137 ut
371 2106 493 2143 fluvius,
508 2106 563 2137 sed
585 2113 620 2138 ut
631 2107 720 2147 jans.
765 2109 895 2140 Fontem

237 2155 320 2186 hunc
341 2154 489 2187 describit
513 2156 581 2187 Cic.
597 2157 686 2188 Verr.
702 2156 745 2187 iv.
762 2158 822 2188 53:
856 2159 895 2189 In

237 2205 336 2235 insula
349 2205 452 2246 (parte
465 2205 702 2246 Syracusarum)
716 2212 842 2237 extrema
854 2214 894 2238 est

226 2253 302 2294 funs
324 2265 406 2294 aquae
427 2255 536 2290 dulcis,
553 2256 603 2285 ειιί
627 2266 731 2285 nomen
747 2256 895 2287 Arethusa

236 2308 288 2338 est,
313 2303 481 2333 incredibili
506 2305 728 2345 magnitudine,
756 2306 894 2343 plenissi-

236 2363 301 2382 mus
308 2354 433 2392 piscium
443 2365 451 2382 :
463 2354 622 2394 quiflnctu
631 2360 708 2384 totus
717 2356 893 2394 operiretur,

236 2402 294 2431 uisi
310 2403 473 2432 munitione
487 2414 522 2433 ac
543 2403 616 2433 mole
639 2404 771 2442 lapidum
787 2416 805 2433 a.
820 2407 897 2435 mari

235 2451 405 2489 disjunctus
420 2457 500 2481 esset.
522 2450 665 2482 Eundem
675 2453 896 2490 nitidissimum,

236 2500 276 2528 «d
292 2501 349 2529 ima
367 2500 557 2539 perlucidum
572 2502 808 2541 carminibusque
822 2504 896 2533 cele-

236 2548 433 2578 bratissimwn
463 2554 551 2578 vocat
578 2549 707 2585 Seneca,
737 2549 896 2582 Consolat.

237 2596 275 2626 ad
292 2597 393 2627 Marc.
408 2597 462 2627 17:
489 2602 521 2628 et
536 2597 594 2627 fuit
615 2598 692 2628 adeo
712 2600 894 2630 memorabi-

235 2644 284 2680 lis,
302 2651 334 2676 ut
351 2645 432 2676 Plin.
449 2645 530 2677 Hist.
544 2647 619 2677 Nat.
635 2647 678 2678 iii.
694 2648 712 2677 8
728 2659 752 2677 s.
775 2649 821 2679 14.
836 2650 891 2690 Sy-

236 2704 365 2725 racusas
383 2694 428 2725 ita
449 2701 577 2732 notaret,
595 2698 715 2727 Colonia
741 2697 893 2736 Syracusis

236 2753 303 2773 cum
324 2743 407 2783 sonte
424 2745 584 2775 Arethusa.
632 2746 657 2776 Ε
672 2746 892 2777 recentioribus

964 1086 1034 1107 eum
1051 1075 1207 1107 Guarinus
1222 1074 1323 1105 Italus
1341 1073 1520 1105 celebravit.
1567 1073 1621 1103 Sa-

964 1138 1023 1162 cer,
1037 1135 1199 1156 commune
1215 1124 1374 1166 epitheton
1390 1123 1532 1154 fontium.

1007 1176 1080 1206 574.
1098 1174 1285 1210 Conticuere,
1301 1178 1436 1214 strepere
1452 1171 1619 1207 desierunt,

965 1224 997 1254 in
1020 1224 1166 1255 honorem
1182 1222 1337 1264 Nymphae
1356 1223 1423 1264 jam
1438 1222 1533 1252 verba
1556 1221 1619 1252 fac-

964 1279 1054 1304 turae.
1092 1273 1207 1303 Vir-ides
1220 1274 1330 1302 siccata
1344 1271 1477 1310 capillos,
1491 1276 1526 1301 ut
1541 1269 1620 1300 libro

964 1321 996 1352 ii.
1023 1323 1071 1353 12.
1095 1323 1247 1357 videntur,
1273 1321 1348 1350 Pars
1375 1322 1406 1350 in
1430 1320 1501 1350 mole
1521 1321 1621 1350 sedens

963 1370 1077 1401 virides
1091 1373 1201 1402 siccare
1217 1371 1348 1409 capillus.
1393 1370 1444 1399 De
1459 1368 1517 1399 hoc
1530 1373 1620 1410 gestu

963 1419 1104 1455 dicturae,
1131 1419 1199 1450 vide
1229 1429 1322 1460 supra
1349 1417 1390 1449 ad
1419 1419 1491 1448 487.
1537 1418 1618 1451 Elei,

964 1469 1038 1510 quia
1065 1469 1210 1500 Eleorum
1236 1468 1312 1498 fines
1341 1467 1446 1508 irrigat
1471 1472 1502 1497 et
1527 1477 1621 1508 supra

964 1519 1128 1560 Cyllenen,
1158 1518 1303 1549 Eleorum
1328 1517 1451 1553 navale,
1476 1516 1508 1547 in
1535 1527 1621 1548 mare

963 1567 1148 1603 infunditur,
1164 1566 1329 1597 honoribus
1353 1565 1430 1596 adeo
1447 1565 1561 1596 divinis
1581 1566 1621 1596 ab

964 1616 1048 1647 Eleis
1073 1616 1196 1652 colitur,
1223 1625 1404 1657 quanquam
1433 1615 1532 1646 fontes
1554 1615 1622 1657 ejus

963 1666 995 1697 in
1010 1665 1147 1697 Arcadia
1163 1664 1367 1707 reperiuntur.
1389 1664 1526 1696 Pausan.
1539 1675 1569 1695 v.
1584 1675 1618 1706 p.

964 1716 1040 1746 389.
1065 1725 1088 1745 S.
1110 1715 1173 1746 399
1186 1726 1195 1753 3
1218 1713 1282 1745 viii.
1305 1725 1336 1755 p.
1352 1714 1426 1745 709.
1472 1713 1621 1745 Celebra-

964 1770 1014 1795 tus
1029 1770 1061 1796 et
1075 1764 1128 1795 ille
1143 1763 1256 1806 poetis.
1291 1764 1402 1794 Senec.
1416 1763 1461 1794 N.
1477 1765 1517 1801 Q.
1533 1763 1575 1795 vi.
1590 1764 1620 1795 8.

969 1814 1094 1851 Veteres,
1109 1813 1264 1855 pristinos.

1007 1863 1080 1894 577.
1110 1863 1188 1893 Pars
1215 1873 1272 1904 ego·
1293 1862 1512 1903 Nympharum,
1538 1862 1617 1903 etc.]

963 1912 1024 1943 Hic
1048 1919 1094 1943 est
1116 1912 1296 1953 exemplum
1317 1917 1348 1942 et
1370 1911 1519 1953 simplicis
1535 1911 1620 1943 illius

963 1960 1146 1997 venustatis,
1159 1971 1228 2003 quae
1243 1960 1436 1992 sermonibus
1448 1960 1536 1992 addit
1549 1971 1619 2001 gra-

963 2009 1050 2046 tiam,
1082 2016 1113 2041 et
1148 2015 1267 2040 exactae
1303 2010 1496 2041 narrationis.
1542 2011 1621 2041 Pars

962 2071 1035 2095 una,
1061 2070 1134 2090 una.
1178 2059 1206 2089 E
1234 2059 1398 2091 traditione
1428 2060 1558 2102 antiqua
1587 2067 1619 2091 et

963 2109 1105 2151 Alpheus
1124 2108 1182 2139 fuit
1195 2117 1334 2145 venator,
1348 2108 1436 2150 ἀνὴρ
1451 2110 1618 2151 θηρευτὴς,

962 2163 993 2188 et
1017 2157 1175 2188 Arethusa
1195 2157 1352 2188 venationi
1373 2157 1495 2189 devota.
1539 2159 1617 2190 Haec

962 2206 1063 2242 illum,
1088 2206 1242 2237 connubia
1269 2206 1336 2248 ejus
1358 2217 1516 2248 respuens,
1539 2207 1618 2248 fugit

963 2255 994 2286 in
1018 2255 1152 2286 insulam
1172 2255 1347 2296 Ortygiam,
1365 2255 1417 2286 ubi
1440 2255 1471 2291 ἐξ
1491 2255 1619 2298 ἀνθρώ-

963 2316 1028 2335 που
1052 2303 1176 2346 ἐγὲνετο
1202 2304 1307 2346 πηγή·
1332 2315 1393 2346 quo
1418 2305 1500 2336 sacto
1523 2306 1618 2337 etiam

963 2352 1104 2394 Alpheus
1118 2364 1180 2395 prae
1197 2364 1299 2384 amore
1318 2359 1504 2385 extenuatus
1523 2361 1569 2385 est
1585 2355 1618 2386 in

963 2402 1104 2433 fluvium.
1141 2402 1322 2439 Pausanias,
1342 2414 1372 2444 p.
1397 2404 1471 2434 390.
1517 2405 1618 2446 Legit,

962 2451 1057 2492 elegit
1071 2452 1168 2482 saltus
1184 2458 1271 2493 aptos
1286 2452 1326 2483 ad
1339 2452 1529 2484 venandum.
1565 2454 1616 2486 Sic

963 2512 1055 2542 supra
1068 2500 1100 2532 ii.
1113 2503 1188 2532 448.
1205 2503 1298 2532 saltus
1313 2503 1398 2543 eligit
1411 2509 1502 2542 aptos.

1005 2553 1078 2583 580.
1106 2552 1378 2593 inarnvissbrrnae,
1404 2553 1481 2593 etc.]
1508 2554 1614 2585 Vena-

962 2601 1054 2632 trices
1075 2601 1230 2642 Nymphae
1254 2612 1310 2631 nec
1336 2611 1470 2632 amorem
1494 2609 1614 2637 curant,

962 2660 1019 2680 nec
1049 2650 1126 2681 adeo
1153 2650 1293 2686 formam,
1321 2650 1376 2680 sed
1404 2651 1615 2683 fortitudinem

961 2710 1015 2730 seu
1032 2700 1122 2730 robur
1136 2699 1351 2730 membrorum.
