1763 3181
233 189 318 232 438

236 304 493 368 AEripedes
517 304 672 361 tauri;
701 310 952 366 tactaeque
975 305 1237 368 vaporibus
1262 304 1426 352 herbae

619 189 669 230 P.
703 188 913 230 OVIDII
947 189 1224 232 NASONIS

1519 307 1608 352 105

236 381 455 429 Ardent:
495 389 650 444 utque
675 382 835 428 solent
859 381 991 444 pleni
1016 397 1247 429 resonare
1270 381 1465 436 camini,

237 463 338 510 Aut
362 462 447 509 ubi
471 470 665 510 terrena
689 462 853 510 silices
877 461 1072 509 fornace
1098 462 1241 509 soluti

240 540 544 603 Concipiunt
558 540 723 602 ignem
743 539 1040 602 liquidarum
1060 538 1320 603 aspergine
1341 553 1576 601 aquarum
1600 553 1610 584 :

237 616 452 664 Pectora
475 616 545 664 sic
570 615 705 662 intus
730 616 924 663 clausas
947 616 1192 663 volventia
1214 615 1454 670 flammas,

240 693 559 756 Gutturaque
583 700 696 740 usta
721 700 928 741 sonant:
956 699 1122 740 tamen
1148 692 1244 739 illis
1263 692 1448 740 AEsone
1472 697 1618 738 natus

242 770 432 817 Obvius
456 770 521 817 it:
561 777 750 817 vertere
775 777 938 816 truces
962 769 1204 817 venientis
1229 769 1291 816 ad
1316 785 1401 816 ora

1527 769 1612 815 lll

239 847 504 895 Terribiles
528 847 709 903 vultus,
731 847 1036 910 praefixaque
1060 862 1244 893 cornua
1266 845 1418 903 ferr03

239 923 639 986 Pulvereumque
664 924 822 971 solum
847 923 975 986 pede
999 922 1257 986 pulsavere
1280 922 1474 970 bisulco
1496 939 1507 979 ;

241 1000 597 1063 Fumificisque
621 1001 784 1048 locum
809 1000 1079 1063 mugitibus
1104 999 1388 1063 implevere.

243 1077 504 1140 Diriguere
529 1084 663 1124 metu
690 1077 908 1141 Minyae:
937 1076 1072 1123 subit
1095 1076 1204 1132 ille;
1244 1092 1336 1124 nec
1360 1076 1500 1139 ignes
1531 1079 1623 1123 115

245 1153 414 1202 Sensit
439 1154 694 1202 anhelatos
716 1173 726 1211 ;
766 1161 959 1202 tantum
979 1153 1310 1201 medicamina
1333 1153 1572 1217 possunt!

243 1230 574 1294 Pendulaque
598 1231 773 1278 audaci
797 1231 985 1278 mulcet
1006 1230 1224 1293 palearia
1248 1230 1425 1277 dextra
1445 1247 1455 1278 :

247 1308 648 1372 Suppositosque
667 1309 789 1370 jugo
814 1308 1010 1371 pondus
1034 1323 1181 1370 grave
1205 1307 1339 1370 cogit
1362 1307 1507 1355 aratri

247 1385 460 1441 Ducere,
487 1392 538 1433 et
561 1385 810 1433 insuetum
829 1384 955 1432 ferro
980 1383 1298 1448 proscindere
1323 1400 1570 1448 campum.

247 1555 406 1597 στόματα,
427 1554 542 1585 Nostro
565 1556 766 1590 adamantem}
783 1555 908 1591 ferreas,

974 1553 1205 1597 prodeuntium.
1247 1553 1403 1590 Tibullus,
1428 1553 1490 1586 111.
1515 1554 1556 1584 iv.
1580 1555 1632 1586 86.

247 1615 345 1636 nareS.
395 1604 532 1643 Vapores,
569 1603 671 1645 ignes.
722 1603 908 1641 Claudiano,
965 1605 1124 1645 flammam
1156 1604 1273 1634 volt-ens
1301 1614 1350 1634 ore
1382 1602 1527 1634 Chimaera
1546 1602 1632 1644 sero.

247 1652 355 1684 xxviii.
366 1653 440 1684 346.
451 1658 525 1683 sunt
534 1652 623 1693 ignes
635 1652 785 1689 fulminis,
796 1653 910 1694 quibus

248 1701 363 1732 ferrum
376 1701 567 1732 dissolvitur.

297 1751 369 1781 106.
380 1750 525 1790 Ardent]
543 1749 692 1781 Heinsius
707 1750 796 1780 malit
803 1752 909 1782 Arent.

250 1800 311 1830 Par
332 1805 398 1830 erat
412 1799 643 1830 vehementiam
658 1809 806 1840 vaporum
825 1798 910 1829 sirni-

251 1848 437 1880 litudinibus
452 1848 620 1879 illustrare.
650 1847 737 1878 Prior
751 1848 912 1888 probanda

252 1905 311 1935 est,
331 1909 393 1928 non
418 1897 493 1929 item
522 1897 686 1939 posterior3
709 1898 806 1928 silices
829 1897 912 1927 enim

254 1947 414 1989 aspergine
431 1957 521 1988 aquae
538 1946 698 1977 stridorem
714 1945 821 1982 edunt,
836 1945 912 1976 alie-

254 2007 330 2027 num
340 1996 428 2026 illum
442 2005 460 2026 a
473 1995 616 2026 saucibus
630 2001 797 2025 taurorum.
815 1994 912 2036 Apol-

255 2045 370 2080 lonius,
397 2044 482 2075 dicto
508 2044 588 2080 loco,
615 2054 667 2075 eos
692 2054 763 2074 cum
789 2042 915 2074 follibus

254 2100 413 2136 comparat
428 2094 531 2134 ignem
547 2103 618 2123 cum
633 2093 761 2135 strepitu
774 2092 913 2123 excitan-

255 2143 349 2173 tibus.
375 2143 485 2179 Pleni‚·
501 2152 612 2183 nempe
622 2142 827 2172 flammarum.
840 2141 912 2172 Ter-

255 2203 342 2222 rena.
388 2192 587 2222 Burmannus
611 2191 803 2232 conjecturat
821 2189 914 2230 Tyrr-

257 2243 352 2272 hena:
377 2251 472 2282 quum
497 2240 578 2271 enim
603 2240 634 2270 in
661 2240 785 2270 Etruria
808 2239 915 2270 multae

258 2289 374 2320 fuerint
396 2289 544 2330 figulinae,
561 2288 626 2320 veri
651 2299 711 2319 non
737 2299 803 2319 esse
827 2287 915 2319 dissi-

258 2339 332 2370 mile
351 2345 383 2370 et
404 2339 523 2370 calcem
543 2339 585 2369 ibi
601 2349 668 2369 esse
685 2344 816 2369 coctam.
853 2337 917 2368 Re-

259 2389 302 2430 gii
318 2388 412 2419 nostri
425 2388 543 2418 habent
554 2394 684 2424 ter-rena,
697 2387 750 2418 sed
766 2398 819 2429 per
835 2397 917 2417 com-

259 2436 419 2479 pendium.
447 2437 589 2472 Τεννειια,
605 2447 643 2467 ex
658 2435 807 2467 lateribus
822 2435 920 2466 coctis

259 2491 451 2516 constructa.
500 2485 590 2521 Siler,
619 2485 689 2516 calx
719 2490 818 2520 cocta,
849 2494 918 2524 quae

260 2535 314 2565 ubi
344 2534 418 2565 arsit
441 2534 474 2564 in
500 2534 635 2569 fornace,
661 2533 750 2575 aquis
773 2532 918 2564 accendi-

261 2589 330 2614 tur:
357 2584 440 2614 Plin.
467 2584 572 2613 xxxvi.
596 2584 649 2614 23.
699 2583 809 2619 Soluti,
831 2582 920 2613 mites

261 2633 347 2664 sacti.
397 2633 517 2663 solvere
531 2632 726 2674 exquisitius,
742 2642 849 2674 quam,
867 2642 918 2662 vo-

262 2692 357 2712 mere.
410 2681 495 2712 Illud
531 2681 613 2712 enim
642 2681 731 2712 simul
762 2680 921 2711 volumina

261 2730 407 2771 exprimit
421 2737 451 2761 et
470 2730 579 2771 globos
598 2731 792 2761 flammarum
815 2739 851 2760 ex
869 2740 919 2761 ore

982 1653 1066 1688 Usta,
1083 1652 1235 1683 ardentia.

1023 1703 1094 1732 112.
1124 1702 1254 1742 Praefiza
1272 1700 1374 1743 ferro,
1393 1700 1519 1743 praefixo
1542 1700 1632 1737 ferro,

976 1750 1101 1782 omnino
1129 1751 1241 1781 ferrea.
1297 1750 1545 1790 Pulvereumque,
1572 1756 1633 1782 etc.

976 1799 1178 1841 pulsaverunt
1196 1798 1296 1830 solum
1311 1797 1366 1834 sic,
1381 1804 1416 1829 ut
1430 1798 1534 1840 pulvis
1548 1809 1634 1841 spar-

976 1854 1110 1889 geretur,
1132 1859 1216 1879 more
1237 1854 1394 1879 taurorum
1417 1848 1635 1889 pugnantium.

977 1897 1089 1928 Senec.
1103 1896 1166 1933 Ira,
1183 1897 1210 1927 I.
1228 1896 1349 1927 Cornua
1355 1899 1521 1936 jactantur
1537 1898 1569 1928 in
1583 1909 1636 1928 va·

977 1957 1066 1976 cuum
1081 1953 1108 1976 et
1123 1957 1216 1976 arena
1238 1947 1326 1985 pulsu
1348 1947 1455 1985 pedum
1469 1948 1637 1987 spargitur.

1025 1996 1095 2025 114.
1109 1995 1137 2024 F
1137 1995 1274 2036 umificis,
1287 1995 1405 2026 fumum
1421 1994 1637 2027 efficientibus.

981 2043 1145 2082 Implevere
1157 2055 1167 2079 ,·
1191 2043 1337 2084 spondaeo
1357 2042 1388 2073 in
1409 2042 1518 2084 quinta
1532 2052 1638 2074 versus

980 2091 1053 2122 sede
1068 2102 1141 2122 usus
1155 2097 1202 2122 est
1216 2097 1319 2133 poeta,
1337 2097 1371 2121 ut
1390 2091 1486 2122 boum
1500 2092 1639 2132 mugitus

980 2140 1170 2172 redderetur.

1029 2190 1098 2220 116.
1109 2189 1323 2224 Media-nmina,
1340 2188 1443 2219 berbae
1459 2188 1638 2225 incantatae,

981 2248 1112 2274 venena,
1141 2237 1306 2279 φάρμακα.
1350 2237 1429 2268 Inde
1455 2238 1638 2279 φαρμακεύ-

977 2299 1080 2330 ’τριαῃ
1091 2286 1322 2322 incantatrices,
1330 2292 1362 2319 et
1370 2286 1640 2327 φαρμακεύεσθαι,

983 2336 1152 2368 incantare.
1203 2337 1329 2372 Noster,
1352 2336 1481 2367 Heroid.
1509 2336 1563 2368 xii.
1589 2338 1640 2369 15.

986 2385 1056 2416 Isset
1083 2387 1234 2416 anhelatos
1264 2397 1322 2415 non
1354 2387 1580 2425 pra-medicatus
1607 2388 1640 2417 in

984 2437 1076 2476 ignes.
1122 2435 1171 2466 De
1185 2436 1365 2474 palearibus,
1381 2433 1451 2465 vide
1465 2434 1505 2465 ad
1521 2434 1553 2466 ii.
1567 2436 1641 2466 854.

985 2484 1035 2515 De
1045 2487 1138 2526 jugo,
1153 2484 1225 2515 vide
1249 2484 1287 2515 ad
1313 2483 1347 2514 ii.
1378 2484 1447 2515 109.
1476 2483 1558 2515 unde
1584 2495 1639 2526 ap-

985 2540 1084 2575 paret,
1100 2541 1204 2565 tauros
1225 2541 1309 2565 recte
1333 2533 1394 2564 dici
1413 2536 1536 2574 supponi
1554 2534 1642 2575 jugo.

988 2584 1121 2619 Pondus,
1135 2590 1196 2614 etc.
1220 2584 1369 2625 Apollon.
1382 2583 1425 2614 iii.
1438 2583 1513 2614 232.
1528 2583 1641 2623 στιβα-

985 2634 1043 2673 ροῦ
1071 2631 1258 2674 ἀδάμαντος
1286 2633 1439 2674 ἄροτρον.
1491 2632 1642 2668 Insuetus,

987 2681 1061 2722 quia
1077 2681 1172 2712 Marti
1188 2692 1283 2717 sacer,
1294 2692 1357 2712 ver.
1372 2682 1442 2713 101.
1454 2691 1546 2724 quem
1563 2681 1641 2713 adeo

987 2737 1087 2761 aratro
1103 2730 1301 2773 proscindere
1314 2730 1409 2762 nefas.
