1763 3181
210 179 296 222 320

599 179 649 219 Ρ.
682 177 895 220 OVIDII
929 176 1208 219 NASONIS

215 294 463 357 Gorgonis
489 294 794 356 anguicomae
821 292 1036 340 Perseus
1058 299 1329 357 superator,
1356 298 1406 339 et
1430 292 1519 340 alis

215 371 459 418 AEtherias
486 387 635 419 ausus
655 371 860 434 jactatis
882 370 951 417 ire
977 386 1063 433 per
1088 386 1259 425 auras;

216 448 480 497 Praeferrer
504 447 698 495 cunctis
723 455 858 494 certe
879 463 1057 510 gener:
1098 446 1279 494 addere
1305 445 1454 493 tantis
1505 449 1601 493 700

215 524 432 573 Dotibus
458 531 508 573 et
528 525 773 579 meritum,
801 523 995 571 faveant
1026 524 1172 570 modo
1198 523 1416 577 numina,
1443 529 1597 570 tento.

217 602 288 649 Ut
311 618 422 649 mea
446 601 525 658 sit,
553 607 747 648 servata
772 616 883 648 mea
906 600 1101 657 virtute,
1131 599 1407 664 paciscor.''

213 679 482 743 Accipiunt
506 679 684 741 legem,
711 678 824 741 quis
851 677 982 724 enim
1007 677 1290 724 dubitaret?
1328 683 1378 724 et
1401 682 1557 731 orant,

216 756 623 819 Promittuntque
650 771 799 820 super
824 770 1031 818 regnum
1055 754 1236 809 dotale,
1265 761 1510 817 parentes.

217 833 351 881 Ecce
375 833 509 880 velut
534 833 688 890 navis,
715 832 919 898 praefixo
945 831 1140 880 concita
1165 838 1336 888 rostro,

1507 833 1601 878 705

221 911 394 958 Sulcat
418 926 589 973 aquas,
611 911 850 973 juvenum
876 909 1170 957 sudantibus
1197 916 1309 956 acta
1332 908 1558 965 lacertis;

221 986 304 1035 Sic
330 987 447 1044 fera,
474 987 676 1035 dimotis
701 988 917 1051 impulsu
938 987 1151 1052 pectoris
1176 986 1338 1043 undis,

218 1063 432 1112 Tantum
458 1065 629 1112 aberat
654 1066 890 1129 scopulis,
919 1072 1161 1129 quantum
1188 1062 1448 1111 Balearica
1474 1069 1603 1109 torto

219 1141 395 1189 Funda
418 1149 584 1206 potest
607 1143 811 1206 plumbo
837 1142 986 1190 medii
1013 1141 1347 1189 transmittere
1372 1139 1511 1197 coe1i;

219 1216 385 1272 Quum
411 1219 575 1266 subito
595 1219 809 1282 juvenis,
832 1220 1044 1284 pedibus
1066 1219 1243 1266 tellure
1267 1217 1480 1281 repulsa,
1508 1220 1604 1264 710

218 1293 419 1343 Arduus
440 1295 489 1341 in
514 1295 672 1343 nubes
697 1296 846 1345 abiit:
887 1303 942 1344 ut
966 1297 1015 1343 in
1040 1311 1239 1359 aequore
1262 1310 1461 1348 summo,

222 1370 415 1419 Umbra
437 1372 524 1420 viri
549 1372 654 1419 visa
678 1380 770 1430 est,
798 1373 952 1420 visam
977 1373 1082 1420 fera
1105 1373 1245 1420 saevit
1264 1373 1314 1419 in
1337 1372 1580 1418 umbram.

223 1447 393 1512 thue
418 1448 447 1496 J
452 1450 554 1496 ovis
581 1466 790 1513 praepes,
812 1466 967 1497 vacuo
994 1466 1148 1514 quum
1171 1449 1296 1497 vidit
1320 1449 1369 1495 in
1394 1464 1507 1496 arvo

220 1525 536 1575 Praebentem
563 1526 754 1575 Phoebo
780 1527 981 1576 liventia
1001 1534 1142 1591 terga
1165 1527 1446 1582 draconem,

221 1699 385 1738 Latinum3
409 1701 464 1731 sed
481 1701 560 1732 bene
577 1702 748 1733 Burmann.
765 1708 880 1738 monet,

220 1748 325 1785 etiam,
350 1749 394 1781 iii.
410 1749 480 1781 Art.
503 1751 577 1782 415.
594 1752 729 1783 Danaen
751 1753 882 1783 clausam

223 1797 285 1828 dici
310 1798 503 1840 simpliciter.
551 1800 746 1837 Faeeundum,
761 1801 882 1832 foecun-

221 1847 309 1884 dans,
328 1855 361 1878 ut
377 1848 397 1878 i.
414 1850 487 1880 420.
501 1851 597 1885 «vivax.
615 1850 709 1881 vitam
722 1851 811 1882 dans,

265 1897 338 1928 701.
363 1898 516 1938 Hostbus]
550 1899 621 1934 Dos,
646 1899 798 1941 quidquid
828 1899 882 1930 ho-

221 1944 336 1976 minem
358 1951 412 1977 aut
432 1958 496 1977 rem
518 1947 655 1989 aliquam
675 1948 885 1980 commendat.

221 1994 305 2025 Plin.
321 1995 347 2026 I.
359 1996 419 2037 Ep.
438 1995 524 2027 xxiv.
542 1999 577 2027 5:
602 1999 791 2036 prcrdiolum,
807 2000 884 2038 quod

221 2046 445 2075 commendatur
471 2046 514 2075 his
541 2047 668 2077 dotibus.
713 2047 785 2077 Non
811 2057 883 2088 ergo

222 2092 273 2123 hic
292 2093 403 2134 respici
427 2099 504 2135 puto
527 2094 629 2136 prisca
649 2100 798 2137 tempora,
815 2096 882 2137 qui-

221 2141 280 2172 bus
303 2152 431 2184 sponsus
453 2148 484 2173 et
507 2154 626 2185 sponsae
651 2149 682 2174 et
703 2144 883 2185 parentibus

222 2190 289 2232 ejus
304 2189 406 2222 dotem
424 2191 532 2223 afferre
549 2193 679 2224 solebat.

266 2241 342 2272 703.
367 2241 510 2281 Accipere
525 2243 616 2284 legem
631 2242 763 2274 formula
783 2244 884 2274 solen-

222 2291 279 2321 nis.
325 2290 473 2333 Apollod.
486 2290 540 2322 ἐπὶ
555 2290 682 2330 τούτοις
701 2291 884 2335 γενομένων

219 2339 337 2382 ὅρκων.
384 2340 490 2380 Super,
518 2341 655 2383 insuper.
701 2342 823 2379 Dotale,
851 2343 882 2374 in

221 2389 335 2421 dotem.

264 2438 337 2470 705.
364 2438 440 2470 Ecce
461 2440 542 2470 velut
564 2440 678 2481 navim]
705 2441 778 2472 Non
800 2441 882 2472 male

220 2487 346 2520 delecta
369 2488 551 2520 similitudo.
595 2489 678 2520 Plin.
699 2490 782 2521 Hist.
802 2491 880 2522 Nat.

221 2537 281 2569 IX.
296 2537 340 2568 vi.
355 2538 385 2568 6.
402 2538 440 2569 de
455 2538 599 2569 balaena:
628 2539 784 2570 Eminebat
800 2542 884 2570 dorso

220 2588 349 2618 multum
363 2598 450 2628 super
465 2600 567 2629 aquas,
582 2590 692 2619 carina*
709 2591 769 2619 vice
784 2591 882 2620 inver-

220 2648 268 2668 sce.
314 2636 404 2668 Idem
426 2636 502 2668 ibid.
519 2637 558 2669 de
581 2637 670 2674 orcis,
686 2639 812 2669 balaenas
836 2640 881 2669 in-

220 2698 322 2722 cursu,
331 2698 385 2717 ceu.
395 2688 543 2718 liburnica
550 2698 616 2717 rum
626 2688 883 2729 rostris‚jbdiunt.

219 2736 324 2767 Sulcut
337 2736 531 2777 exquisitius.
546 2748 653 2778 quam,
666 2737 765 2769 findit.
811 2738 881 2768 Vir-

949 1702 1005 1743 gil.
1028 1700 1155 1732 AEneid.
1173 1711 1200 1730 v.
1219 1701 1289 1731 158.
1303 1700 1421 1730 sulcant
1437 1699 1513 1728 υαιΙα
1533 1697 1610 1727 salsa

949 1753 1065 1781 carina.
1111 1748 1407 1789 Juvenes,remiges.

994 1800 1069 1830 708.
1094 1799 1252 1830 Balearica
1262 1797 1402 1840 sancitu]
1430 1795 1609 1827 Balearium

951 1849 1122 1880 insularum
1151 1847 1270 1879 incolas
1294 1847 1386 1878 fuisse
1410 1844 1610 1887 peritissimos

951 1897 1124 1929 funditores
1144 1897 1219 1928 satis
1243 1902 1362 1928 notum.
1412 1895 1510 1930 Torta,
1527 1894 1610 1936 quod

950 1953 1121 1989 torquetur,
1137 1946 1268 1977 mittitur
1282 1956 1298 1976 e
1315 1944 1422 1976 funda.
1468 1944 1610 1978 Pedibus,

952 2002 1012 2028 etc.
1028 2002 1063 2027 ut
1079 1996 1141 2027 vim
1161 1995 1290 2026 adderet
1301 1993 1430 2037 corpori.
1474 1993 1556 2025 Vide
1571 1992 1611 2024 ad

951 2045 983 2076 ii.
999 2046 1071 2076 786.
1118 2045 1156 2076 In
1179 2046 1269 2076 'nubes
1291 2050 1346 2075 aut
1368 2045 1408 2075 ad
1429 2050 1513 2074 astra
1529 2044 1612 2073 abire

952 2094 1100 2126 dicuntur
1129 2094 1253 2125 omniuo
1278 2094 1329 2136 qui
1355 2104 1386 2124 se
1411 2093 1557 2124 attollunt
1578 2093 1610 2123 in

952 2154 1035 2176 aera.
1079 2144 1098 2175 J
1102 2154 1151 2174 am
1163 2143 1194 2173 in
1209 2154 1314 2185 pugna
1326 2143 1382 2173 illa
1395 2141 1611 2178 describenda,

952 2203 1016 2235 qua
1033 2192 1166 2224 Perseus
1184 2198 1216 2223 et
1235 2203 1273 2223 ex
1295 2202 1364 2223 aere
1385 2196 1417 2222 et
1431 2201 1468 2222 ex
1484 2190 1612 2233 scopulo

950 2243 1089 2274 belluam
1106 2241 1294 2284 aggreditur,
1310 2240 1462 2283 plurimus
1473 2245 1536 2278 est;
1557 2249 1611 2270 ne-

951 2287 1012 2334 que
1028 2292 1059 2323 in
1074 2302 1111 2323 ea
1126 2297 1226 2334 poetae
1241 2290 1438 2334 phantasiam
1454 2289 1611 2320 desidera—

950 2341 1008 2373 bis.
1040 2340 1218 2372 Similitudo
1234 2340 1349 2382 aquilae
1365 2339 1415 2370 hic
1429 2338 1540 2370 melius
1555 2338 1610 2370 ad-

950 2391 1061 2427 hibita,
1077 2401 1171 2432 quam
1186 2400 1279 2432 supra
1293 2390 1355 2421 362
1370 2400 1439 2431 sqq.

988 2441 1062 2472 713.
1080 2441 1182 2471 Vacua
1191 2439 1253 2470 dici
1264 2439 1364 2470 solent
1374 2450 1458 2475 arva,
1466 2437 1540 2480 quia
1550 2448 1610 2468 non

948 2490 1068 2521 consita
1076 2489 1219 2521 arbustis,
1232 2489 1426 2525 Proebentem,
1437 2487 1538 2520 etc.in
1548 2487 1612 2520 sole

947 2539 1119 2580 jacentem.
1167 2539 1318 2574 Liventia‚
1335 2537 1481 2573 caerulea,
1497 2543 1551 2568 aut
1566 2536 1612 2567 ni-

950 2599 1015 2629 gra.
1029 2588 1140 2619 Heius.
1153 2588 1192 2618 ad
1203 2587 1379 2624 Silium‚vii.
1388 2588 1463 2618 208.
1479 2587 1517 2617 In
1527 2597 1613 2617 uver-

950 2649 1014 2667 snm
1024 2644 1070 2668 cst
1081 2636 1165 2667 notio
1175 2636 1332 2679 primaria.
1360 2637 1493 2678 Serpens
1503 2641 1612 2677 captus

950 2689 1069 2717 sinuosa
1094 2687 1246 2717 volumina
1272 2692 1379 2722 versat,
1394 2692 1421 2715 et
1445 2686 1546 2716 sibilat
1565 2695 1614 2714 ore

953 2736 1075 2767 Arduus
1085 2738 1250 2776 insurgens.
1260 2736 1346 2776 Vin-g.
1357 2735 1482 2766 Assneid.
1492 2734 1533 2765 xi.
1542 2735 1615 2764 755.
