1763 3181
219 192 305 236 282
608 194 659 236 P.
693 195 911 237 OVIDII
944 193 1223 238 NASONIS

224 311 319 358 Illa
342 310 495 367 redit3
518 311 856 374 juvenemque
881 311 1053 367 oculis,
1080 311 1344 375 animoque
1369 312 1604 376 requirit;

223 388 525 451 Quantaque
548 388 713 436 vitarit
738 404 934 436 narrare
961 389 1180 452 pericula
1204 389 1370 452 gestit.
1515 392 1607 436 130

223 464 396 528 thue
412 466 591 521 locum,
614 471 664 512 et
677 481 868 513 versam
885 465 1115 528 cognovit
1129 466 1177 512 in
1194 466 1365 514 arbore
1381 464 1604 522 formam,

223 542 307 589 Sic
332 541 451 589 facit
475 542 712 589 incertam
739 541 872 605 pomi
897 543 1047 597 color,
1069 542 1249 590 haeret:
1277 558 1339 589 an
1364 543 1470 589 haec
1497 543 1577 598 sit,

221 618 356 666 Dum
381 619 592 674 dubitat,
616 619 946 666 tremebunda
966 619 1101 666 videt
1121 619 1320 682 pulsare
1346 626 1605 666 cruentum

219 696 451 744 Membra
471 696 645 751 solum,
670 702 900 758 retroque
916 696 1096 759 pedem
1111 695 1248 753 tulit;
1273 711 1458 759 oraque
1472 696 1608 742 buxo

219 773 491 820 Pallidiora
515 789 710 835 gerens,
738 774 1007 828 exhorruit,
1037 773 1249 836 aequoris
1275 773 1445 828 instar,
1516 775 1606 819 135

220 849 368 904 Quod
377 850 560 906 tremit,
578 850 759 912 exigua
770 866 925 914 quum
941 866 1187 897 summum
1199 850 1455 912 stringitur
1471 865 1604 896 aura.

222 926 340 983 Sed,
367 935 636 991 postquam
661 934 907 974 remorata
931 943 1047 974 suos
1073 926 1304 989 cognovit
1329 942 1538 982 amores,

219 1003 446 1052 Percutit
470 1004 698 1067 indignos
724 1004 858 1051 claro
883 1004 1120 1067 plangore
1145 1003 1387 1060 lacert0s;

219 1080 286 1129 Et
309 1081 494 1129 laniata
511 1097 697 1138 comas,
726 1081 1061 1145 amplexaque
1087 1097 1266 1144 corpus
1292 1087 1529 1136 amatum,

218 1157 439 1207 Vulnera
462 1159 715 1224 supplevit
738 1159 971 1215 lacrimis,
999 1159 1274 1221 fletumque
1300 1157 1458 1205 cruori
1513 1159 1605 1204 140

219 1235 444 1292 Miscuit,
472 1244 522 1284 et
546 1237 722 1299 gelidis
748 1237 797 1283 in
817 1236 1035 1283 vultibus
1061 1236 1233 1283 oscula
1256 1234 1429 1298 figens,

222 1319 254 1338 “
280 1313 548 1377 Pyrame,”
573 1313 819 1370 clamavit,
845 1320 876 1337 “
889 1313 1001 1377 quis
1021 1320 1070 1361 te
1087 1313 1205 1360 mihi
1226 1328 1371 1359 casus
1389 1311 1606 1359 ademit?

219 1390 453 1454 Pyrame,
480 1391 757 1454 responde:
797 1398 885 1437 tua
907 1397 972 1445 te,
1000 1390 1270 1445 carissime,
1298 1389 1485 1436 Thisbe

219 1467 474 1524 Nominat,
501 1469 684 1515 exaudi
706 1487 716 1525 3
753 1469 1021 1532 vultusque
1046 1469 1215 1516 attolle
1235 1465 1516 1532 jacentes.''

218 1544 299 1591 Ad
324 1561 504 1592 nomen
529 1545 742 1593 Thisbes
768 1546 954 1602 oculos,
975 1547 1080 1609 jam
1106 1553 1262 1593 morte
1285 1552 1530 1608 gravatos,

217 1621 466 1686 Pyramus
492 1622 667 1678 erexit,
692 1622 898 1685 visaque
924 1622 1203 1670 recondidit
1226 1623 1324 1669 illa.
1512 1623 1603 1669 146

216 1698 342 1754 Quae
367 1706 634 1764 postquam
654 1706 946 1763 vestemque
972 1716 1113 1748 suam
1138 1699 1385 1763 cognovit,
1409 1706 1460 1747 et
1484 1714 1602 1747 ense

944 1912 1038 1954 gitur.
1087 1912 1218 1954 Singula
1244 1912 1340 1943 verba
1372 1910 1497 1942 delecta
1523 1916 1607 1941 sunt.

944 1962 1047 1993 Etiam
1063 1963 1264 1993 exhorrescere
1286 1960 1325 1992 de
1344 1960 1421 1991 mari
1442 1959 1605 2002 paululum

215 1911 290 1942 bum
305 1911 463 1943 delectum
478 1922 516 1942 ex
532 1911 668 1943 moribus
683 1912 797 1954 puellae
813 1923 876 1943 ser-

217 1966 309 1992 vatae.

262 2010 334 2040 133.
352 2009 568 2046 Tremebunda,
582 2009 660 2050 etc.]
676 2009 759 2041 Vide
777 2010 814 2041 ad
832 2010 876 2042 iii.

219 2059 292 2089 125.
345 2059 407 2088 Ora
433 2069 540 2100 gerens
573 2069 631 2090 nec
661 2058 792 2090 Heinsio
819 2070 876 2090 nec

214 2107 396 2138 Schirachio
411 2108 485 2139 satis
496 2108 644 2139 Latinum
656 2109 790 2139 videtur.
815 2109 876 2140 Sed

216 2157 240 2187 si
267 2157 376 2187 Horat.
392 2157 418 2187 Ι.
437 2157 500 2188 Od.
515 2157 580 2188 viii.
598 2159 649 2188 10.
672 2163 755 2189 reete
780 2158 871 2195 dixit,

216 2207 338 2237 brachia
360 2208 451 2236 livida
466 2213 604 2247 gestare‚·
631 2207 744 2237 Noster
760 2213 876 2242 autem,

214 2256 247 2286 ii.
263 2258 338 2287 585.
363 2262 482 2296 pectora
508 2258 591 2287 nuda
616 2267 740 2297 gerere,·
761 2256 875 2297 virgil.

216 2305 344 2337 AEneid.
359 2305 379 2336 i.
396 2306 471 2336 315.
489 2308 617 2347 virginis
638 2317 667 2336 os
689 2307 876 2346 habitumque

215 2367 333 2396 gerens,
356 2365 421 2391 cur,
443 2365 559 2396 quaeso,
582 2354 793 2396 improbemus
809 2356 875 2394 pal-

217 2407 278 2435 lida
300 2416 351 2435 ora
370 2406 496 2446 gerere?
535 2405 640 2435 Buius
654 2404 771 2445 pallore
787 2410 876 2435 nota-

214 2454 288 2485 bilis
313 2455 462 2496 originem
489 2454 577 2485 dedit
603 2454 775 2496 proverbio,
802 2455 877 2484 buxo

213 2506 380 2545 pallidior:
418 2504 462 2535 cf.
488 2503 531 2534 xi.
563 2505 636 2534 417.

215 2556 337 2595 aequoris
360 2556 468 2584 instar.
508 2553 636 2583 Tremor
664 2553 717 2583 ille
741 2553 875 2594 gelidus,

215 2604 269 2645 qui
294 2603 471 2645 perstringit
493 2603 633 2633 membra
657 2602 874 2633 exhorrescen-

216 2653 305 2688 tium‚
330 2652 466 2683 suaviter
491 2658 690 2693 comparatur
713 2661 783 2682 cum
815 2657 875 2682 tre-

216 2702 300 2733 mulo
328 2701 416 2737 mari,
441 2710 537 2743 quum
563 2712 719 2736 summum,
748 2701 875 2742 superfi-

216 2752 291 2788 cies,
316 2753 425 2792 exigua
449 2762 538 2787 aura,
564 2750 628 2782 leni
650 2756 754 2785 vento,
779 2750 873 2781 strin-

944 2018 1098 2042 commoto
1120 2011 1263 2054 ponitur;
1286 2010 1357 2041 vide
1380 2009 1469 2051 Virg.
1490 2009 1606 2050 Georg-

944 2059 988 2091 iii.
1006 2061 1080 2091 198.

991 2110 1062 2139 138.
1088 2108 1255 2149 Perculit]
1281 2107 1431 2144 Quidam,
1460 2108 1604 2147 perculit.

945 2158 989 2188 At
1004 2159 1163 2198 percellere
1179 2158 1276 2194 est,in
1292 2163 1404 2187 terram
1421 2156 1506 2192 dare,
1517 2167 1604 2188 ever-

944 2214 1007 2237 tere
1021 2220 1026 2237 :
1042 2213 1196 2247 percutere
1207 2213 1322 2242 autem,
1331 2206 1504 2241 verberare,
1516 2205 1605 2247 plan-

943 2266 1037 2297 gere3
1061 2256 1132 2287 vide
1158 2257 1372 2286 Burmannum
1396 2255 1458 2285 late
1480 2253 1518 2285 de
1543 2254 1605 2285 dis-

945 2305 1071 2336 crimine
1108 2305 1216 2336 horum
1246 2305 1406 2335 verborum
1441 2303 1604 2345 disputan-

943 2359 1018 2385 tem.
1064 2354 1225 2396 Indignus,
1251 2360 1285 2384 ut
1314 2353 1334 2383 i.
1358 2353 1434 2383 509.
1482 2352 1604 2388 Clarus,

944 2409 978 2434 ut
1005 2403 1040 2433 ii.
1066 2404 1142 2434 625.
1192 2403 1324 2433 Vulnera
1351 2402 1498 2441 supplerit
1528 2402 1602 2432 lucr.

943 2452 986 2483 nil
1016 2464 1082 2483 esse
1111 2459 1223 2494 potest,
1253 2452 1322 2487 nisi,
1345 2450 1427 2492 quod
1450 2450 1602 2492 sequitur,

697 2504 875 2539 Esther-ruit,
933 2503 1113 2543 fletumque,
1135 2508 1196 2533 etc.
1246 2502 1352 2531 Vultus
1364 2503 1514 2540 jacentes,
1537 2500 1603 2530 lan-

944 2557 1085 2591 guentes,
1118 2551 1168 2581 vel
1206 2549 1442 2592 quiescentium,
1472 2549 1534 2584 vel,
1571 2555 1604 2580 ut

944 2599 1010 2631 h.l.
1034 2599 1228 2631 morientium
1250 2598 1343 2634 oculi,
1368 2598 1421 2640 qui
1444 2604 1475 2628 et
1497 2609 1604 2639 graves

943 2656 998 2680 aut
1019 2651 1142 2691 gravati
1165 2649 1321 2680 dicuntur.
1360 2650 1407 2679 Ad
1432 2658 1547 2684 nomen,
1568 2654 1604 2678 ut

942 2698 986 2729 iii.
1002 2700 1075 2730 245.
