1763 3181
391 190 1013 233 METAMORPHOSEON
1047 191 1166 233 LIB.
1200 191 1290 232 III.
1446 193 1531 234 237

147 305 424 368 Obsequio,
456 306 669 362 Semele,
699 311 730 330 “
752 305 964 360 Qualem
992 306 1271 363 Saturnia,''
1297 306 1440 362 dixit,

144 382 215 430 Te
242 383 368 430 solet
392 384 642 447 amplecti,
670 383 879 431 Veneris
906 400 1059 446 quum
1085 384 1246 431 foedus
1271 384 1421 440 initis,

146 459 226 507 Da
245 459 364 506 mihi
388 467 438 507 te
458 460 658 508 talem.'’
695 459 866 507 Voluit
890 460 1028 507 Deus
1050 477 1135 508 ora
1153 461 1404 523 loquentis
1430 464 1526 508 295

146 536 440 600 Opprimere
463 555 473 585 :
502 538 691 585 exierat
709 539 814 600 jam
835 554 932 584 vox
958 545 1223 601 properata
1248 539 1340 585 sub
1367 554 1526 585 auras.

143 613 420 676 Ingemuit3
447 631 610 678 neque
626 615 756 662 enim
778 631 874 661 non
897 615 1010 664 haec¹
1025 615 1245 678 optasse,
1267 630 1430 678 neque
1449 615 1531 662 ille

143 690 257 737 Non
276 691 469 753 jurasse
495 698 693 755 potest:
735 707 850 754 ergo
876 690 1224 738 moestissimus
1252 692 1408 738 altum

142 766 348 814 AEthera
372 767 680 824 conscendit,
709 775 933 830 nutuque
960 768 1221 831 sequentia
1245 769 1397 815 traxit

143 843 356 901 Nubila3
386 846 497 908 quis
524 845 734 901 nimbos,
762 844 1089 907 immixtaque
1113 845 1309 907 fulgura
1332 846 1492 893 ventis

141 919 365 977 Addidit,
393 928 444 968 et
467 921 694 977 tonitrus,
723 928 772 968 et
797 921 1082 969 inevitabile
1108 922 1310 969 fulmen.
1429 926 1520 969 301

141 996 253 1051 Qua
277 1005 443 1045 tamen
464 1015 625 1061 usque
646 1005 829 1062 potest,
848 998 975 1045 vires
996 998 1090 1045 sibi
1111 999 1310 1046 demere
1332 1006 1492 1046 tentat
1514 1017 1523 1047 :

142 1073 268 1130 Nec,
296 1091 395 1138 quo
420 1075 757 1122 centimanum
782 1075 1031 1137 dejecerat
1055 1075 1168 1138 igne
1194 1075 1436 1139 Typhoea,

142 1151 289 1198 Nunc
315 1160 532 1199 armatur
557 1169 643 1200 eo:
684 1152 890 1198 nimium
916 1152 1123 1200 feritatis
1150 1153 1200 1200 in
1226 1153 1324 1200 illo.

140 1227 233 1276 Est
253 1229 387 1276 aliud
406 1229 559 1277 levius
581 1229 796 1287 fulmen;
827 1231 907 1277 cui
928 1231 1105 1277 dextra
1123 1230 1403 1294 Cyclopum
1430 1233 1525 1277 305

142 1305 372 1362 Saevitiae,
400 1307 712 1371 flammaeque
737 1308 917 1364 minus,
945 1308 1106 1355 minus
1132 1308 1324 1355 addidit
1349 1307 1455 1355 irae:

138 1382 260 1431 Tela
274 1385 495 1432 secunda
511 1393 690 1432 vocant
707 1386 909 1449 Superi:
935 1386 1071 1450 capit
1090 1386 1197 1443 illa,
1223 1385 1526 1448 domumque

140 1459 299 1508 Intrat
323 1460 635 1524 Agenoream
659 1481 668 1511 ε
709 1479 889 1528 corpus
915 1464 1124 1511 mortale
1150 1463 1393 1510 tumultus

140 1536 254 1585 Non
278 1539 391 1587 tulit
415 1540 658 1597 aetherios,
685 1541 931 1605 donisque
950 1541 1204 1604 jugalibus
1230 1539 1366 1588 arsit.

180 1668 257 1698 299.
282 1667 378 1709 Apud
398 1669 551 1711 Apollod.
576 1669 673 1700 intrat
696 1670 798 1700 thala-

139 1726 236 1753 mum,
264 1716 307 1759 ἐφ’
333 1718 481 1760 ἅρματος
507 1718 697 1761 ἀστραπαῖς
721 1719 800 1761 ὁμοῦ

138 1767 192 1797 καὶ
212 1766 383 1808 βρονταῖς.
421 1768 463 1799 Η.
485 1769 507 1799 l.
529 1769 624 1799 sumit
647 1769 800 1806 habitum,

137 1826 230 1857 quem
246 1817 362 1848 coelum
379 1822 516 1859 tempore
533 1818 728 1859 tempestatis
744 1819 800 1849 ha-

137 1865 202 1896 bet.
239 1866 327 1906 Sequi
353 1866 498 1897 dicuntur
523 1878 592 1908 quae
621 1867 713 1898 facile
741 1879 798 1909 pa-

138 1920 227 1946 rent:
250 1916 322 1947 vide
343 1916 383 1947 ad
399 1917 481 1947 Plin.
497 1916 552 1947 vii.
570 1917 627 1958 Ep.
642 1917 685 1947 ix.
705 1918 752 1949 11.
768 1923 800 1948 et

138 1963 216 1995 Pan.
232 1964 297 1995 xlv.
315 1967 346 1996 5.
392 1965 535 2008 Fulgura
555 1971 587 1996 et
597 1966 723 2007 fulmen
738 1966 798 1997 dif-

137 2011 257 2044 feruntz
271 2014 397 2055 fulmen
419 2020 466 2045 est
487 2014 585 2045 telum
608 2014 698 2051 illud,
714 2016 798 2057 quod

137 2071 156 2092 a
170 2063 250 2094 Jove
271 2062 304 2093 in
321 2069 431 2094 terram
449 2063 571 2094 demitti
587 2064 773 2095 credebatur
786 2077 794 2103 3

125 2111 248 2154 fulgur
264 2118 380 2149 autem,
396 2113 581 2144 coruscatio.
616 2113 667 2144 De
689 2113 795 2144 fulmi-

137 2171 213 2191 num
227 2162 403 2202 generibus,
422 2162 505 2192 Plin.
522 2162 558 2193 ii.
573 2163 624 2193 51.

179 2211 253 2241 302.
279 2211 357 2248 Qua,
372 2211 405 2241 in
427 2216 590 2253 quantum.
626 2212 677 2242 Sic
697 2211 796 2254 expli-

136 2264 224 2290 catur
246 2259 280 2291 in
304 2259 422 2300 glossa.
461 2261 535 2297 Sibi,
552 2260 623 2291 telis
646 2260 721 2292 suis.
765 2261 794 2291 A

137 2307 249 2350 Virgil.
265 2309 393 2340 AEneid.
409 2309 429 2340 i.
445 2310 519 2341 665.
541 2310 630 2342 Jovis
654 2311 713 2340 tela
737 2310 797 2351 Ty-

133 2358 219 2396 phoea
233 2365 523 2395 commemorantur,
534 2364 570 2389 ut
582 2358 717 2389 maxime
733 2365 794 2390 ter-

135 2405 248 2444 ribilia,
268 2407 342 2449 quia
364 2407 522 2448 Typhoeus,
546 2407 682 2440 immane
705 2419 794 2439 mon-

136 2460 245 2492 strum,
263 2456 378 2487 vertice
399 2457 516 2487 coelum
542 2462 686 2498 tangens,
706 2457 796 2488 aliter

135 2503 286 2536 debellari
306 2516 367 2536 non
391 2511 524 2548 poterat.
568 2506 652 2537 Hinc
675 2512 706 2538 et
729 2507 796 2537 No-

136 2557 199 2583 ster
226 2563 298 2584 eum
333 2554 527 2597 potissimum
559 2561 720 2586 memorat.
766 2556 797 2586 Is

135 2602 308 2633 secundum
330 2602 419 2640 alios,
436 2614 514 2645 quos
532 2604 658 2641 Noster,
676 2616 706 2635 v.
722 2605 795 2635 346.

137 2652 287 2692 sequitur,
312 2652 441 2684 fulmine
466 2654 647 2684 vulneratus
676 2654 797 2695 aufugit

137 2704 170 2729 et
190 2701 289 2731 AEtna
310 2707 413 2732 monte
433 2703 560 2733 obrutus
585 2709 645 2739 est,
659 2703 712 2733 sed
730 2703 760 2733 h.
776 2703 798 2733 l.

139 2749 279 2788 dejectus,
303 2749 495 2782 interfectus.
538 2751 661 2782 Phaedr.
674 2752 719 2783 II.
730 2752 751 2783 i.
770 2754 797 2782 l.

186 2798 285 2829 VOL.
307 2799 373 2829 III.

867 1671 968 1701 Locus
981 1670 1130 1701 classicus
1143 1669 1182 1699 de
1200 1669 1269 1699 telis
1279 1668 1368 1700 Jovis
1383 1673 1429 1699 est
1444 1668 1527 1710 apud

868 1720 958 1760 Virg.
982 1719 1110 1750 AEneid.
1128 1719 1194 1749 viii.
1220 1720 1282 1749 429
1308 1729 1378 1759 sqq.
1405 1717 1458 1748 ubi
1490 1717 1528 1748 iis

868 1768 1079 1800 admiscentur
1100 1768 1210 1804 imber,
1229 1768 1338 1803 nubes,
1355 1767 1450 1803 venti,
1467 1767 1526 1798 ful-

867 1828 966 1859 gores,
982 1818 1112 1853 sonitus,
1126 1823 1238 1853 metus,
1254 1817 1387 1847 flammae
1410 1822 1441 1847 et
1462 1816 1526 1847 irae.

911 1868 985 1898 307.
1010 1867 1160 1901 Secunda,
1184 1865 1314 1897 secundi
1337 1865 1463 1901 ordinis,
1479 1865 1526 1896 in-

867 1916 988 1947 feriora.
1024 1915 1075 1946 Ita
1090 1917 1252 1946 secundum
1274 1920 1305 1945 et
1324 1913 1475 1956 δεύτερον
1495 1920 1526 1946 et

865 1965 897 1996 in
919 1965 987 1996 aliis
1010 1964 1241 1996 locutionibus:
1265 1964 1336 1995 vide
1362 1964 1466 1995 Graev.
1486 1965 1526 1995 ad

866 2014 999 2046 Hesiod.
1020 2013 1117 2056 Ἐργ.
1147 2015 1218 2044 141.
1264 2014 1371 2054 Superi
1406 2021 1524 2044 vocant.

864 2063 968 2094 Etiam
982 2064 1134 2094 Homerus
1145 2068 1296 2093 memorat
1307 2062 1443 2098 nomina,
1457 2062 1525 2104 qui-

864 2113 922 2143 bus
937 2112 991 2142 Dii
1010 2123 1058 2142 res
1079 2112 1213 2152 signent.
1251 2112 1380 2142 Lusoria
1397 2113 1457 2142 tela
1472 2122 1527 2142 vo-

865 2167 916 2192 cat
939 2162 1053 2192 Senec.
1078 2161 1124 2191 N.
1151 2161 1192 2197 Q.
1217 2159 1249 2190 ii.
1266 2161 1317 2190 44.
1342 2159 1396 2190 ubi
1424 2160 1525 2197 docet,

865 2216 1006 2240 auctores
1030 2209 1123 2251 hujus
1144 2209 1281 2250 figmenti
1304 2211 1460 2240 admonere
1475 2221 1522 2239 vo-

865 2260 953 2290 luisse
977 2270 1031 2295 eos,
1048 2261 1152 2299 quibus
1177 2260 1318 2289 adversus
1333 2264 1457 2298 peccata
1477 2259 1526 2289 ho-

863 2311 978 2339 minum
996 2308 1233 2349 fulminandum
1268 2310 1317 2344 sit,
1345 2319 1403 2338 non
1429 2309 1525 2338 eodem

864 2360 946 2388 modo
960 2360 1058 2388 omnia
1074 2368 1131 2387 esse
1143 2358 1353 2396 percutienda.

906 2407 980 2438 309.
1010 2402 1189 2446 AEtherios.]
1223 2405 1385 2436 Tumultus
1411 2405 1526 2435 aetherii

863 2455 1043 2498 explicandi
1063 2460 1136 2485 sunt
1153 2465 1192 2485 ex
1216 2455 1327 2485 Horat.
1342 2454 1369 2484 J.
1383 2453 1446 2485 xvi.
1464 2455 1502 2484 12
1519 2467 1524 2483 :

868 2505 1028 2535 Trememlo
1049 2504 1173 2543 Jupiter
1190 2506 1250 2544 ipse
1272 2515 1362 2534 ruens
1379 2505 1525 2539 tumultu,

864 2554 903 2585 de
919 2559 1104 2595 tempestate
1128 2564 1199 2584 cum
1218 2553 1352 2591 tonitru3
1376 2558 1407 2583 et
1422 2553 1525 2592 gravi-

863 2610 909 2634 ter
932 2602 1041 2638 nimbi,
1064 2602 1198 2643 fulgura,
1219 2602 1360 2638 tonitrus,
1384 2601 1526 2637 fulmina,

865 2663 934 2694 quae
962 2651 1086 2693 Jupiter
1114 2652 1147 2681 in
1172 2650 1235 2681 alto
1257 2652 1363 2681 (ethere
1385 2660 1525 2691 sumpse-

864 2707 922 2738 rat,
938 2702 1052 2731 crtherii
1068 2701 1217 2731 tumultus
1233 2700 1390 2730 dicuntur.
1429 2699 1523 2740 Apud

866 2750 1018 2792 Apollod.
1033 2750 1156 2792 Jupiter
1172 2750 1290 2781 intrans
1305 2749 1421 2780 fulmen
1435 2748 1524 2779 emit-

995 2799 1024 2829 A
1040 2810 1058 2830 a
