1763 3181
403 181 1019 226 METAMORPHOSEON
1052 181 1170 222 LIB.
1205 181 1287 222 IV.

1447 182 1532 223 ‘299

159 301 297 346 Scire
322 299 488 346 sinunt
511 299 728 346 tenebrae
749 315 758 346 :
797 313 894 344 non
920 297 1027 344 illas
1054 297 1223 360 pluma
1248 296 1452 352 levavit3

161 377 449 424 Sustinuere
474 383 642 424 tamen
664 392 716 423 se
742 374 1115 438 perlucentibus
1142 374 1259 431 alis3

1436 377 1528 420 411

159 453 464 516 Conataeque
488 452 640 515 loqui,
663 452 916 498 minimam
940 467 1028 514 pro
1053 466 1257 514 corpore
1281 466 1455 497 vocem

159 530 421 587 Emittunt,
444 536 787 594 peraguntque
812 529 905 576 levi
926 528 1132 575 stridore
1158 527 1414 590 querelas3

157 607 429 670 Tectaque,
455 624 552 654 non
577 607 740 662 silvas,
764 607 1042 664 celebrantj
1067 605 1331 666 lucemque
1350 619 1538 667 perosae

160 683 321 732 Nocte
344 685 510 732 volant
529 703 540 741 ;
577 700 787 747 seroque
812 684 1012 731 trahunt
1036 699 1065 729 a
1087 698 1293 746 vespere
1318 698 1514 729 nomen.

228 761 297 808 II.
336 761 463 808 Tum
487 778 601 809 vero
632 761 749 808 totis
776 760 965 808 Bacchi
989 759 1307 806 memorabile
1332 757 1518 805 Thebis

160 838 359 885 Numen
384 845 514 896 erat3
545 854 851 901 magnasque
872 837 982 884 novi
1008 843 1273 883 matertera
1289 835 1417 882 vires
1442 838 1537 882 417

161 915 342 962 Narrat
366 915 551 978 ubique
578 915 673 962 Dei
696 934 706 972 3
736 916 798 962 de
823 921 997 976 totque
1019 912 1267 960 sororibus
1293 927 1474 976 expers

162 991 277 1039 Una
299 992 481 1039 doloris
507 999 626 1047 erat,
654 992 747 1039 nisi
770 1008 919 1055 quem
944 991 1105 1038 fecere
1132 1006 1341 1037 sorores.

1417 990 1541 1050 [tem

159 1068 354 1132 Aspicit
376 1069 505 1116 hanc
530 1070 1005 1131 natis,thalamoque
1017 1067 1332 1114 Athamantis
1353 1066 1540 1113 haben-

163 1145 413 1194 Sublimes
439 1147 644 1202 animOS‚
672 1154 722 1194 et
746 1148 943 1194 alumno
970 1146 1187 1201 numine,
1210 1144 1239 1190 J
1245 1160 1370 1201 uno;

1444 1146 1536 1189 421

164 1222 272 1270 Nec
298 1223 426 1281 tulit,
451 1230 501 1271 et
522 1241 691 1271 secum
714 1242 723 1272 :
766 1230 795 1248 “
823 1224 995 1272 Potuit
1018 1225 1080 1272 de
1105 1223 1283 1287 pellice
1309 1228 1455 1269 natus

205 1346 277 1376 411.
302 1345 456 1377 Sustinet-e
475 1357 503 1377 se
523 1345 562 1377 tle
585 1347 695 1378 avibus
710 1348 817 1377 volan-

160 1394 243 1426 tibus
258 1394 352 1426 etiam
366 1394 431 1427 viii.
445 1396 504 1426 148
520 1406 528 1433 ,·
550 1407 582 1426 x.
599 1397 675 1427 341.
689 1396 820 1431 Querela

161 1444 286 1475 omnino
301 1444 340 1475 de
355 1455 430 1475 voce
445 1449 477 1475 et
492 1450 586 1475 cantu
603 1445 718 1476 avium.
755 1446 820 1476 Ho-

161 1495 250 1530 ratio,
265 1501 436 1534 queruntur
457 1496 489 1524 z'n
512 1495 594 1525 silvis
609 1506 685 1525 aves.
723 1496 820 1531 Levis,

162 1544 293 1584 quinon
313 1542 447 1573 multum
469 1543 644 1574 exauditur.
683 1544 733 1574 Sic
750 1545 821 1574 Ievi-

164 1599 209 1623 ter
223 1595 332 1624 dicere.
369 1593 485 1623 Bonm.

206 1643 387 1673 416—561.
400 1643 544 1673 Athamas
559 1648 586 1672 et
606 1640 685 1681 [nm]
702 1640 820 1671 Auctor

163 1693 227 1723 fab.
239 1691 446 1732 Pherecydes,
458 1701 637 1732 quanquam
649 1690 742 1720 Hom.
754 1690 820 1730 jam

165 1741 227 1773 Od.
253 1745 289 1772 E.
315 1742 377 1771 333
400 1751 469 1782 sqq.
493 1751 562 1771 eam
583 1739 696 1780 attigit.
740 1740 819 1769 Tum

163 1790 287 1832 Tragici
308 1789 440 1821 eandem
470 1789 610 1820 certatim
637 1789 820 1825 tract-arunt,

165 1840 335 1882 AEschylus
347 1839 379 1870 in
389 1840 521 1875 Semele,
534 1838 701 1880 Sophocles
716 1838 748 1868 in
764 1840 821 1869 Ino

165 1896 197 1921 et
218 1890 250 1920 in
271 1889 400 1920 Atham.
416 1888 580 1930 Euripides
597 1888 629 1918 in
647 1889 716 1923 Ino,
734 1889 823 1930 cujus

165 1939 338 1980 fragmenta
361 1944 489 1969 restant.
534 1938 561 1968 E
584 1937 730 1979 mythicis
753 1948 822 1968 eam

166 1988 356 2030 repetierunt
400 1986 520 2029 Hygin.
557 1987 622 2017 fab.
657 1988 685 2017 l.
718 1988 749 2017 2.
782 1987 822 2023 43

166 2037 312 2080 Apollod.
338 2038 366 2067 I.
393 2036 434 2067 ix.
456 2037 495 2075 23
520 2037 582 2066 III.
608 2035 649 2066 iv.
676 2037 709 2066 3.
764 2036 823 2067 His

167 2087 248 2118 adde
263 2088 401 2118 Pausan.
416 2086 515 2117 Attic.
525 2097 556 2127 p.
570 2087 640 2116 108.
658 2085 711 2126 qui
721 2085 823 2116 Atha-

166 2142 274 2167 manta
303 2140 407 2166 narrat
430 2135 478 2166 vel
504 2134 550 2165 ira
573 2135 746 2170 incensum,
772 2136 823 2165 vel

165 2184 266 2216 furore
277 2190 451 2226 correptum
464 2184 495 2214 in
510 2194 579 2214 suos
591 2183 726 2215 saevisse.
751 2184 822 2214 Me-

167 2240 287 2265 morant
302 2244 371 2265 eam
386 2233 479 2265 etiam
494 2233 673 2264 Scholiastae
694 2233 822 2264 Pindari

167 2282 298 2324 Argum.
318 2282 427 2313 Isthm.
451 2282 622 2324 Apollonii,
646 2281 689 2312 iii.
716 2283 822 2321 1239;

168 2332 322 2374 Lycophr.
350 2333 423 2363 229.
473 2332 535 2363 Sed
563 2331 595 2362 in
622 2331 733 2362 multis
756 2332 823 2373 ejus

168 2381 308 2424 partibus
330 2387 471 2413 auctores
486 2381 619 2412 variant.
657 2382 773 2412 Noster
791 2382 823 2412 in

169 2431 227 2462 hoc
260 2430 423 2462 tractando
456 2430 564 2472 mytho
598 2430 756 2472 ingenium
793 2437 824 2462 et

168 2479 377 2511 inventionem
411 2480 487 2511 satis
515 2479 603 2511 nobis
631 2480 825 2522 approbavit.

170 2529 311 2560 Eandem
347 2531 472 2567 Noster,
508 2537 540 2561 et
581 2530 664 2561 Fast.
692 2530 734 2560 vi.
763 2532 825 2562 485

170 2589 261 2619 sqq.;
298 2578 352 2609 sed
383 2589 421 2609 ex
457 2585 545 2620 parte
581 2579 669 2610 aliter
706 2579 824 2610 retulit.

174 2627 375 2663 Memorabile,
412 2628 543 2659 celebre.
602 2629 828 2659 Celebrabatur

172 2676 318 2708 Bacchus
337 2677 528 2711 sermonibus
551 2677 700 2708 omnium.
739 2678 828 2708 Novi.

174 2724 256 2756 Vide
285 2726 326 2757 ad
354 2726 398 2758 iii.
427 2728 500 2759 520.
548 2728 725 2763 Matertera,
755 2727 825 2762 Ino,

885 1346 1022 1377 Semeles
1043 1357 1125 1377 soror
1149 1350 1180 1376 et
1204 1344 1316 1386 conjux
1334 1344 1546 1374 Athamantis.

890 1396 984 1431 Vires,
1020 1395 1168 1436 potentia,
1204 1404 1297 1435 quam
1332 1393 1546 1424 declaraverat

886 1445 1051 1487 puniendis
1074 1444 1137 1475 suis
1159 1443 1432 1484 contemptoribus.
1469 1442 1546 1472 Illas

887 1495 966 1525 vires
982 1495 1039 1524 Ino
1055 1493 1190 1524 maxime
1202 1498 1316 1527 narrat,
1328 1492 1402 1533 quia
1414 1492 1472 1522 hoc
1489 1502 1544 1522 suo

887 1546 1009 1574 alumno
1026 1543 1085 1583 (iii.
1099 1542 1195 1581 313.)
1214 1541 1426 1583 superbiebat.
1460 1542 1546 1571 Soro-

888 1605 944 1629 res,
966 1593 1088 1633 Agave,
1106 1592 1262 1626 Autonoe,
1288 1590 1420 1625 Semele,
1441 1600 1547 1620 omnes

888 1642 1121 1673 calamitatibus
1138 1640 1301 1671 notabiles.

933 1693 1005 1721 420.
1029 1692 1143 1730 Aspicit
1165 1691 1252 1725 hanc,
1269 1688 1345 1728 ete.]
1372 1688 1423 1718 Ad
1448 1687 1547 1718 Juno-

888 1742 935 1773 nis
963 1741 1040 1772 iram
1070 1751 1133 1771 rem
1162 1740 1255 1770 refert
1279 1739 1373 1769 etiam
1401 1737 1548 1779 Apollod.

890 1802 1001 1832 nempe
1018 1790 1092 1832 quia
1103 1789 1266 1820 Bacchum
1281 1788 1468 1819 educaverat
1480 1788 1548 1817 Ino.

889 1842 980 1874 Conf.
997 1842 1083 1871 Fast.
1097 1840 1128 1870 d.
1140 1840 1162 1870 l.
1196 1839 1258 1869 Hic
1272 1838 1334 1868 alia
1348 1837 1439 1867 modo
1453 1847 1548 1867 causa

890 1891 1008 1922 addita.
1044 1891 1147 1926 Quam
1168 1888 1223 1919 illa
1238 1888 1284 1918 ira
1302 1892 1333 1917 et
1351 1886 1445 1917 altius
1460 1896 1547 1927 repe-

889 1940 994 1976 tenda,
1020 1939 1064 1969 iii.
1087 1939 1163 1969 258.
1206 1938 1319 1969 Jovem
1345 1941 1452 1965 contra
1476 1935 1547 1964 sub-

889 1989 990 2021 stituit
1016 1988 1135 2030 Hygin.
1159 1988 1222 2018 fab.
1247 1987 1278 2017 2.
1323 1986 1454 2025 Aspicit:
1478 1994 1548 2024 gra-

890 2038 968 2074 vius,
998 2038 1033 2068 ii.
1060 2038 1142 2067 470:
1186 2036 1320 2066 Obvertit
1350 2045 1453 2064 saefvam
1482 2045 1549 2063 cum

892 2090 1004 2118 lumine
1027 2093 1164 2117 mentem.
1202 2086 1346 2115 Sublimes
1371 2084 1476 2118 animi,
1497 2094 1549 2112 su-

890 2136 1009 2179 perbia.
1048 2135 1215 2167 Claudian.
1236 2145 1288 2164 xx.
1316 2133 1388 2163 101.
1411 2133 1549 2162 sublimes

890 2189 974 2223 mole,
989 2187 1072 2217 fastu
1088 2184 1197 2215 inflati.
1231 2183 1386 2224 Superbos
1398 2192 1480 2223 saepe
1497 2182 1551 2211 de-

889 2236 1009 2267 bellant
1022 2234 1076 2265 Dii
1092 2235 1123 2264 in
1139 2232 1264 2274 mythis.

934 2287 1009 2316 422.
1035 2285 1097 2314 Nec
1119 2284 1203 2317 tulit,
1220 2288 1248 2312 et
1268 2292 1376 2317 secum,
1392 2280 1470 2320 ete.]
1498 2280 1548 2310 De

890 2333 1053 2375 soliloquio
1079 2332 1134 2362 tali
1156 2330 1229 2361 vide
1257 2329 1297 2360 ad
1321 2329 1368 2360 iii.
1393 2329 1469 2359 262.
1495 2328 1549 2359 ubi

891 2383 1001 2418 simile,
1018 2381 1100 2423 quod
1122 2380 1274 2411 conferas.
1312 2378 1472 2420 Expressit
1492 2377 1550 2408 hoc

893 2442 1017 2474 quoque
1043 2430 1156 2471 virgil.
1184 2428 1314 2459 AEneid.
1339 2427 1363 2458 i.
1390 2428 1431 2457 39
1460 2438 1550 2468 sqq.;

892 2480 1149 2512 vii.286—403:
1177 2478 1278 2520 priore
1304 2478 1383 2513 loco,
1409 2477 1550 2506 Pallasne

893 2541 1016 2560 exurere
1030 2530 1150 2560 classem
1162 2528 1452 2569 Argivum-—poluit
1462 2537 1472 2562 ;
1498 2527 1551 2556 Ast

895 2591 956 2621 ego,
982 2589 1043 2618 quae
1070 2578 1183 2607 Divum
1209 2578 1313 2607 incedo
1341 2576 1458 2615 regina,
1488 2580 1551 2606 etc.

893 2626 1072 2669 posteriore,
1099 2626 1185 2656 Mars
1209 2627 1331 2664 perdere
1350 2629 1468 2665 gentem
1492 2623 1552 2653 Im-

894 2687 1009 2706 munem
1047 2676 1208 2714 Lapithum
1248 2675 1374 2709 vabuit3
1410 2673 1465 2703 Ast
1501 2684 1552 2709 ego

895 2738 1003 2767 magna
1034 2725 1115 2755 Jovis
1144 2727 1263 2763 cmi-juti,
1288 2728 1349 2755 etc.
1385 2722 1446 2752 Sed
1472 2722 1502 2752 h.
1528 2723 1548 2752 1.
