1763 3181
231 194 317 235 452

605 193 654 235 P.
690 191 902 235 OVIDII
935 192 1213 235 NASONIS

230 309 544 371 Adjectoque
568 323 701 354 cavae
726 307 1021 371 supplentur
1045 308 1284 371 sanguine
1309 324 1462 365 venae,
1512 311 1603 356 291

232 384 562 447 Membraque
586 384 851 445 luxuriant.
914 383 1067 431 AEson
1091 386 1309 441 miratur,
1333 393 1382 432 et
1405 385 1522 432 olim

231 462 360 509 Ante
386 468 561 525 quater
586 461 739 508 denos
764 461 894 508 hunc
921 477 974 508 se
999 461 1328 509 reminiscitur
1353 478 1523 509 annos.

297 537 396 586 III.
434 539 640 586 Viderat
665 555 728 586 ex
753 539 853 586 alto
877 538 1002 586 tanti
1027 539 1264 586 miracula
1288 538 1494 586 monstri

231 616 404 664 Liber:
434 623 484 663 et
503 616 782 663 admonitus
803 618 1010 679 juvenes
1031 617 1304 663 nutricibus
1323 632 1478 664 annos
1513 618 1609 663 295

231 693 388 741 Posse
414 694 516 741 suis
541 694 696 751 reddi,
723 694 849 758 petit
873 694 967 741 hoc
993 693 1192 742 AEetida
1216 709 1410 741 munus.

286 770 376 817 IV.
397 769 536 818 Neve
555 771 653 818 doli
670 779 882 827 cessent,
895 771 1062 818 odium
1078 787 1190 818 cum
1207 772 1417 834 conjuge
1431 770 1610 818 falsum

229 847 439 895 Phasias
465 848 748 906 assimulat;
789 847 1046 912 Peliaeque
1072 848 1134 896 ad
1159 848 1329 895 limina
1353 847 1565 911 supplex

231 924 490 988 Confugit:
512 933 663 990 atque
678 927 828 984 illam,
842 926 1075 990 quoniam
1091 925 1251 988 gravis
1267 925 1374 989 ipse
1391 929 1608 980 senecta,

231 1000 503 1066 Excipiunt
523 1010 680 1062 natae;
721 1019 846 1067 quas
870 1010 1092 1068 tempore
1118 1002 1298 1051 callida
1320 1017 1469 1066 parvo
1513 1003 1611 1048 300

229 1173 323 1204 etiam
337 1185 429 1216 rugas
443 1174 546 1206 dicere
561 1176 669 1206 cavas?
719 1174 888 1206 Luxuriare

227 1223 386 1264 eleganter
415 1224 455 1255 de
490 1224 680 1256 succulentis
708 1230 740 1255 et
769 1224 888 1266 vegetis

229 1272 386 1303 membris.
408 1272 519 1314 virgil.
537 1273 650 1314 Georg.
668 1272 712 1304 iii.
727 1273 782 1304 81.
799 1274 887 1303 Ium-

228 1322 290 1351 riat
305 1323 376 1351 toris
388 1328 501 1361 pectus.
547 1322 589 1352 Et
603 1323 673 1353 olim
688 1323 768 1353 Ante
782 1329 888 1362 qnater

227 1371 326 1406 denos,
351 1369 506 1411 significat
529 1371 692 1407 AEsonem,
716 1380 754 1401 ex
779 1370 887 1402 decre-

227 1418 292 1460 pito
307 1429 380 1451 sene
395 1419 427 1449 in
441 1419 542 1450 virum
565 1419 776 1461 quadraginta
791 1429 887 1450 annos

229 1473 348 1504 natum,
372 1468 466 1500 fuisse
490 1478 693 1499 conversum:
719 1468 770 1498 vel
793 1478 887 1510 quem

227 1516 364 1558 vigorem
388 1523 460 1548 ante
481 1527 578 1548 annos
599 1516 806 1559 quadraginta
832 1516 887 1548 ha-

226 1566 346 1603 buerat,
372 1577 444 1598 eum
467 1577 561 1603 nunc,
577 1566 729 1598 beneficio
749 1565 886 1602 Medeae.

227 1615 392 1658 recepisse.
439 1616 553 1647 Hunc.-
578 1615 684 1652 talem,
700 1621 765 1646 tam
779 1616 885 1647 robus-

227 1670 304 1695 tum.
349 1666 426 1696 Post
448 1665 531 1696 hunc
553 1675 677 1696 versum
701 1665 806 1707 plures
830 1665 886 1696 ha·

226 1715 301 1746 bent
330 1715 439 1746 illum:
485 1716 721 1756 Dissimilemque
755 1717 888 1746 animum

225 1766 317 1794 subiit
331 1770 417 1795 aetate
437 1766 554 1801 relicta,
570 1775 662 1806 quem
684 1764 752 1806 jam
773 1763 887 1806 impro-

226 1813 314 1844 bavit
334 1813 497 1844 Constant.
530 1814 647 1844 Fanen.
671 1813 743 1844 Huc
767 1812 889 1844 videtur

226 1862 394 1893 translatus
409 1873 426 1893 e
444 1873 532 1894 versu
548 1863 617 1893 170.

270 1912 452 1943 294—296.
494 1912 617 1943 Viderat
645 1923 679 1942 ex
704 1912 779 1948 alto,
808 1912 886 1952 etc.]

227 1960 333 1991 Liberi
360 1961 534 1992 nutricibus
556 1960 706 2003 juventus
734 1961 885 1993 redditur.

226 2010 386 2041 Tractavit
401 2010 538 2041 fabulam
555 2010 698 2051 AEschyl.
713 2009 746 2041 in
764 2011 885 2042 Bacchi

227 2059 418 2091 nutricibus:
446 2060 550 2091 confer
575 2059 693 2101 Hygin.
722 2060 786 2091 fab.
816 2061 885 2092 182.

226 2108 282 2138 Eae
294 2108 399 2139 relatae
412 2108 541 2150 posthac
552 2108 633 2139 inter
647 2107 748 2139 sidera
757 2109 887 2150 Hyades

227 2159 393 2200 appellatae
416 2165 498 2191 sunt.
545 2159 725 2196 Monstrum,
741 2159 885 2190 transfor-

225 2208 330 2244 matio,
347 2215 382 2240 ut
403 2208 435 2239 ii.
453 2201 526 2240 367.
573 2208 773 2245 Miraculum‚
788 2208 887 2239 omnis

226 2267 274 2288 res
297 2257 394 2289 mira:
424 2257 471 2288 iii.
498 2257 571 2289 673.
594 2260 627 2288 in
652 2268 714 2298 quae
737 2258 888 2289 miracula

227 2308 375 2337 verteris?
397 2307 449 2337 De
473 2308 644 2337 nutricibus
667 2305 798 2343 Bacchi,
823 2306 886 2338 vid.

226 2354 270 2386 iii.
287 2356 360 2387 314.
405 2356 489 2387 Petit
513 2357 564 2386 hoc
579 2356 725 2392 [Eetidcm
750 2356 843 2397 vulgo
868 2368 887 2386 a

228 2405 388 2442 Colchide;
412 2404 467 2435 sed
488 2404 636 2436 Heinsius
657 2404 743 2435 dedit
765 2405 888 2436 AEetida

226 2453 324 2485 ductu
346 2455 439 2485 MSS.
454 2453 486 2484 in
510 2453 623 2496 quibus
646 2455 769 2485 AEehz'de
793 2459 847 2485 aut
869 2466 887 2484 a

229 2502 361 2533 Thetide.
406 2501 520 2533 Verbis
538 2502 621 2533 enim
641 2502 770 2543 rogandi
790 2502 886 2534 inter-

227 2551 301 2582 dum
338 2552 482 2593 geminus
519 2551 715 2582 accusativus
751 2551 886 2582 additur.

227 2600 380 2633 Praeterea
394 2600 542 2632 Heinsius
555 2600 681 2643 conjicit
691 2601 750 2637 hos,
762 2600 883 2632 scilicet

226 2660 333 2682 annos.

268 2700 450 2730 297—349.
474 2699 557 2730 Neve
570 2701 642 2737 doli,
659 2699 736 2740 etc.]
764 2700 878 2736 Pelias,

226 2758 278 2779 rex
293 2747 381 2785 Iolci,
397 2749 417 2780 J
420 2748 521 2780 asonis
539 2754 678 2791 patruus,
693 2749 782 2790 cujus
791 2749 880 2791 jussu

952 1176 973 1207 J
977 1185 1051 1206 ason
1064 1174 1104 1206 ad
1117 1174 1219 1206 vellus
1239 1183 1365 1205 aureum
1387 1171 1611 1215 apportandum

952 1224 1108 1267 profectus
1119 1229 1196 1255 erat.
1240 1222 1336 1254 Filias
1348 1222 1414 1264 ejus
1426 1221 1542 1252 Medea
1554 1221 1611 1252 im-

952 1273 1042 1316 pulit,
1059 1279 1092 1304 ut
1107 1278 1226 1315 patrem
1246 1276 1409 1307 necarent,
1428 1280 1524 1313 quum
1542 1281 1610 1312 pro-

951 1323 1096 1360 misisset,
1111 1334 1144 1355 se
1159 1322 1187 1354 ei
1198 1323 1395 1365 juventutem
1409 1320 1610 1356 reddituram,

952 1375 1101 1413 arieteque
1116 1374 1150 1402 in
1170 1383 1282 1416 agnum
1298 1376 1412 1401 mutato
1433 1369 1525 1400 fidem
1540 1379 1610 1412 pro-

952 1422 1054 1453 missis
1068 1421 1201 1452 fecisset.
1246 1420 1327 1452 Cum
1341 1419 1492 1450 varietate
1508 1419 1614 1460 aliqua

953 1477 984 1502 et
999 1471 1066 1501 haec
1081 1470 1197 1501 tradita
1207 1475 1293 1501 sunt.
1337 1468 1427 1500 Alios
1441 1468 1524 1499 enim
1538 1477 1612 1498 auc-

954 1526 1034 1551 tores
1047 1518 1203 1551 Diodorus
1218 1517 1352 1554 Siculus,
1368 1518 1412 1548 iv.
1427 1517 1565 1549 50—52.
1581 1522 1612 1547 et

954 1569 1073 1611 Hygin.
1088 1569 1142 1599 24.
1157 1567 1280 1610 sequuti
1293 1573 1382 1606 sunt3
1404 1566 1480 1597 alios
1493 1566 1611 1597 Pausa-

955 1618 1134 1654 nias,VIII.
1143 1617 1176 1648 ii.
1188 1625 1219 1648 et
1233 1616 1453 1659 Apollodorus,
1465 1615 1492 1646 I.
1504 1615 1547 1647 ix.
1558 1616 1612 1654 273

953 1669 1103 1699 extabant
1127 1667 1200 1698 olim
1224 1672 1256 1697 et
1276 1665 1434 1708 Euripidis
1457 1664 1613 1696 Peliades.

955 1719 982 1749 E
997 1717 1117 1748 caeteris
1131 1715 1308 1747 auctoribus
1323 1720 1461 1757 apparet,
1471 1714 1612 1745 simulta-

955 1772 1018 1797 tem
1046 1765 1256 1797 intercessisse
1278 1764 1388 1796 Jasoni
1413 1774 1484 1795 cum
1509 1762 1611 1798 Pelia,

954 1815 1009 1847 sed
1024 1825 1072 1847 res
1086 1815 1170 1846 varie
1186 1813 1329 1845 traditur.
1359 1813 1487 1849 Cessent,
1501 1813 1614 1844 absint.

957 1863 1258 1905 Odium—confugit.
1311 1861 1520 1904 Apollodorus
1555 1860 1615 1892 hoc

954 1924 1052 1944 unum
1070 1913 1176 1949 habet,
1193 1911 1236 1949 εἷς
1258 1912 1298 1943 τὰ
1310 1911 1461 1951 βασίλεια
1478 1910 1536 1941 τοῦ
1552 1912 1613 1942 Πε-

953 1963 1027 1994 λίου
1043 1962 1264 2004 παρελθοῦσα.
1308 1960 1415 1992 Simile
1435 1965 1540 1992 tamen
1556 1959 1613 1990 ali-

953 2012 1030 2054 quid
1045 2011 1138 2042 habet
1153 2009 1327 2041 Pausanias
1340 2022 1347 2040 :
1372 2011 1419 2050 τῷ
1432 2009 1521 2051 λόγῳ
1532 2008 1612 2040 ἀπε-

952 2060 1141 2102 χΘάνομενη
1164 2060 1213 2101 τῷ
1223 2057 1357 2090 Ἰάσονι.
1401 2057 1498 2100 Apud
1510 2057 1612 2099 Hygi-

953 2120 1038 2145 num,
1062 2119 1094 2140 se
1119 2109 1246 2139 simulat
1269 2108 1381 2139 Dianae
1408 2106 1613 2138 sacerdotem.

955 2158 1066 2189 Gravis
1079 2164 1195 2189 senecta
1207 2169 1218 2194 ,⁴
1243 2167 1332 2188 versu
1349 2157 1419 2187 163.
1421 2156 1523 2198 fessus
1536 2157 1613 2186 seni-

955 2208 1032 2238 libus
1057 2208 1156 2237 anm's.
1202 2205 1357 2236 Natarum
1379 2204 1517 2240 nomina,
1543 2214 1613 2246 quae

954 2262 1100 2286 monente
1115 2253 1274 2286 Pausania
1288 2264 1348 2284 non
1364 2252 1478 2284 tradita
1492 2258 1579 2283 erant
1595 2263 1614 2284 a

953 2305 1051 2347 poetis
1067 2303 1306 2346 antiquis,varie
1321 2302 1516 2334 exhibentur.
1539 2302 1613 2334 Vid.

953 2355 1096 2396 Heynius
1119 2354 1159 2385 ad
1184 2353 1421 2396 Apollodorum.
1464 2352 1485 2384 I
1486 2355 1614 2395 magiue,

954 2411 1000 2440 ut,
1016 2405 1037 2434 i.
1053 2405 1126 2435 754.
1142 2406 1238 2445 imago
1250 2402 1487 2445 getiitorissulsi.
1518 2402 1614 2442 Cepit.

955 2453 1036 2484 Cum
1065 2453 1239 2493 Argentino
1272 2452 1470 2482 Burmannus
1506 2451 1614 2482 mallet

954 2504 1052 2539 dum,
1064 2502 1138 2544 quia
1148 2504 1256 2533 ducere
1266 2507 1312 2532 est
1324 2500 1483 2532 blanditiis
1497 2501 1613 2531 sensim

953 2562 1042 2583 suum
1067 2552 1180 2586 facere,
1204 2557 1238 2582 ut
1260 2549 1326 2581 viii.
1348 2551 1426 2588 122;
1452 2548 1507 2580 sed
1531 2559 1612 2580 nunc

953 2601 1077 2632 additur
1085 2612 1178 2641 pari-o
1189 2608 1324 2640 tempore.
1352 2600 1392 2630 Et
1403 2610 1506 2639 capere
1518 2599 1613 2630 etiam

954 2649 1097 2692 decipere
1114 2656 1219 2681 notat:
1246 2649 1321 2681 Iler.
1341 2648 1403 2679 xxi.
1423 2650 1500 2679 104:
1531 2648 1614 2678 Visa-

947 2711 1003 2741 que
1016 2700 1188 2740 simplicitas
1202 2705 1242 2730 est
1256 2709 1319 2729 mea
1333 2708 1412 2738 posse
1425 2699 1523 2739 capa}
