1763 3181
414 179 1036 223 METAMORPHOSEON
1067 179 1187 221 LIB.
1216 178 1271 219 V.

1445 179 1530 220 357

150 296 340 359 Stagna
358 296 654 352 Palicorum,
681 302 828 359 rupta
850 294 1089 343 ferventia
1110 301 1240 343 terra
1259 311 1270 351 3

148 372 216 421 Et
238 390 339 438 qua
363 373 679 429 Bacchiadae,
705 372 880 420 bimari
905 389 1027 435 gens
1053 378 1161 419 orta
1187 371 1444 427 Corintho,

148 450 287 498 Inter
310 451 579 514 inaequales
604 457 878 515 posuerunt
901 449 1081 497 moenia
1104 455 1294 513 portus.

215 526 308 575 Est
331 528 550 576 medium
577 527 796 591 CyaneS,
824 534 876 575 et
900 526 1076 574 Pisaeae
1101 525 1382 581 Arethusae,

148 603 295 658 Quod
319 604 419 653 coit
442 604 666 668 angustis
687 604 934 651 inclusum
956 603 1203 666 cornibus,
1222 617 1405 665 aequor.
1431 604 1530 648 410

148 679 245 728 Hic
255 680 361 737 fuit,
375 683 489 744 acuj
498 698 555 728 us
572 688 803 744 stagnum
815 696 1014 744 quoque
1026 679 1223 728 nomine
1234 679 1424 726 dictum
1435 685 1529 734 est,

148 756 286 805 Inter
312 757 554 807 Sicelidas
582 759 757 822 Cyane
780 757 1103 806 celeberrima
1127 756 1174 803 N
1179 755 1420 820 ymphas3

148 834 358 898 Gurgite
383 852 493 899 quae
513 837 677 884 medio
702 852 895 884 summa
917 842 1062 883 tenus
1087 834 1258 883 extitit
1281 833 1406 888 alvo,

145 911 462 976 Agnovitque
489 912 684 962 Deum:
726 919 756 937 “
780 912 889 960 Nec
913 912 1108 975 longius
1134 910 1318 967 ibitis,'’
1339 909 1529 973 inquit:

149 993 180 1012 ‘⁴
208 989 324 1037 Non
349 996 492 1054 potes
518 990 681 1038 invitae
709 990 905 1038 Cereris
932 1006 1082 1053 gener
1105 1005 1243 1046 esse3
1283 987 1519 1049 roganda,

149 1065 267 1113 Non
290 1067 529 1131 rapienda
550 1068 671 1116 fuit:
711 1069 844 1132 quod
870 1068 911 1115 si
935 1082 1232 1131 componere
1257 1064 1449 1128 magnis

149 1143 311 1192 Parva
334 1144 454 1192 mihi
479 1144 552 1193 fas
577 1152 670 1202 est,
698 1152 748 1194 et
772 1162 851 1193 me
876 1144 1054 1192 dilexit
1077 1143 1296 1206 Anapis:

1434 1144 1530 1188 417

152 1219 373 1270 Exorata
396 1227 580 1279 tamen,
607 1218 716 1279 nec,
744 1229 799 1270 ut
822 1223 944 1278 haec,
970 1220 1207 1269 exterrita
1230 1218 1428 1283 nupsi.'’

150 1406 221 1449 quis
249 1407 311 1439 duo
339 1407 479 1450 epitheta
507 1408 551 1440 sic
585 1408 697 1451 juncta
725 1409 807 1441 vitu-

148 1458 255 1499 peret'!
295 1458 413 1498 Stagna
427 1457 482 1489 illa
501 1465 591 1490 erant
609 1459 809 1501 etfiferventia

148 1511 181 1537 et
195 1507 321 1539 olentia.
358 1508 470 1544 Palici,
486 1507 601 1550 gemini
618 1508 739 1544 fratres,
754 1509 808 1540 Jo-

149 1554 196 1585 vis
210 1561 242 1587 et
259 1556 384 1587 Thaleae
400 1557 544 1598 nymphae
560 1557 626 1593 filii,
642 1557 681 1588 de
697 1558 809 1599 quibus

150 1605 246 1637 Diod.
259 1605 322 1638 Sic.
334 1606 376 1637 xi.
388 1608 429 1638 89
443 1619 450 1645 ;
466 1607 613 1638 Macrob.
627 1619 660 1637 v.
679 1608 728 1638 19.
758 1608 808 1638 Ab

150 1654 199 1685 his
215 1655 325 1686 Palica
347 1656 421 1686 urbs
443 1655 538 1692 dicta,
561 1656 717 1697 juxtaque
740 1667 809 1687 eam

151 1703 328 1734 Palicorum
341 1705 433 1740 lacus,
445 1704 548 1746 λίμνη
560 1704 727 1741 Παλίκων,
740 1708 809 1736 Πα-

150 1752 260 1791 λικινὴ
295 1752 414 1795 κρὴνη,
451 1755 611 1795 κρατῆρες
642 1754 811 1786 Παλὶκων.

150 1801 301 1832 Habebat
325 1812 422 1843 aquas
445 1803 608 1838 sulfureas,
633 1809 664 1833 et
688 1803 811 1834 emitte-

149 1851 207 1882 bat
228 1861 355 1892 gravem
380 1851 517 1886 odorem.
537 1858 572 1882 ut
596 1852 722 1883 tradunt
745 1853 811 1883 Ste-

152 1900 275 1942 phanus
290 1901 368 1942 Byz.
384 1901 506 1938 Strabo,
523 1907 555 1932 et
570 1902 634 1933 alii.

195 1951 270 1982 407.
286 1951 540 1988 Bacchiadamm,
555 1952 609 1993 qui
631 1963 650 1982 a
670 1951 811 1983 Bacchia

151 1999 203 2031 vel
217 2000 380 2032 Bacchide
395 2011 494 2042 genus
509 2001 678 2037 ducebant,
693 2001 813 2043 inclyta

153 2047 272 2079 familia
291 2059 445 2080 summam
465 2049 550 2091 apud
568 2049 743 2080 Corinthios
757 2060 812 2091 po-

152 2102 297 2131 testatem
315 2098 473 2137 obtinuit,
496 2099 552 2130 sed
574 2099 638 2130 sive
659 2099 699 2130 ob
720 2099 812 2130 luxu-

151 2145 241 2183 riam,
256 2146 321 2178 sive
339 2148 378 2178 ob
403 2147 583 2179 affectatam
601 2147 811 2190 tyrannidem,

153 2205 172 2226 a
186 2196 322 2238 Cypselo
337 2197 468 2239 expulsa
481 2203 541 2228 est.
579 2197 701 2228 AEliau.
720 2198 761 2229 V.
771 2198 813 2229 H.

152 2244 174 2276 i.
190 2245 228 2276 19
239 2256 249 2284 3
262 2245 398 2276 Pausan.
409 2246 551 2277 Corinth.
567 2258 598 2288 p.
614 2247 693 2285 1203
709 2246 812 2277 Sehol.

152 2294 301 2336 Apollon.
316 2295 383 2326 Rh.
406 2295 446 2326 ad
467 2296 511 2326 iv.
530 2296 622 2326 1212.
669 2296 812 2331 Bimarz's,

153 2341 360 2381 διθάλασσος,
387 2355 457 2386 quae
485 2354 504 2374 a
533 2344 654 2376 duobus
677 2344 814 2376 maribus

153 2390 300 2433 cingitur,
312 2392 401 2423 Ionio
417 2398 449 2423 et
464 2393 588 2434 AEgaeo.
634 2393 730 2424 Facta
745 2393 813 2424 haee

154 2451 213 2471 vox
234 2441 357 2473 videtur
381 2443 420 2473 ab
445 2443 555 2473 Horat.
574 2442 601 2473 I.
624 2443 689 2473 Od.
704 2442 758 2473 vii.
780 2444 811 2473 2.

154 2490 209 2521 ubi
225 2491 289 2522 vid.
302 2491 334 2523 J.
350 2491 455 2522 Douz.
502 2492 628 2528 Maenia,
643 2492 813 2533 Syracusas

153 2538 311 2581 intelligit,
335 2550 450 2582 easque
477 2540 620 2582 designat
647 2551 666 2572 a
692 2541 813 2571 duobus

153 2590 299 2627 portibus,
314 2600 445 2630 quorum
467 2589 544 2621 alter
564 2590 694 2632 amplior
713 2590 812 2620 multo

155 2636 264 2667 altero.
297 2637 348 2668 Sic
364 2640 533 2679 inaequales.

200 2686 274 2717 409.
288 2687 449 2724 Arethusa,
466 2688 533 2718 fons
546 2687 707 2729 Syracusis
728 2699 814 2718 max-

158 2734 217 2765 ime
232 2736 451 2773 memorabilis,
469 2737 522 2778 qui
543 2738 574 2768 in
597 2737 722 2768 modum
741 2737 817 2777 justi

204 2785 303 2815 VOL.
319 2785 383 2815 111.

874 1409 960 1440 fluvii
988 1419 1006 1440 e
1036 1413 1117 1440 terra
1142 1408 1334 1450 prorumpit:
1367 1407 1438 1438 vide
1463 1408 1533 1439 Cic.

875 1460 963 1490 Verr.
979 1458 1020 1490 iv.
1033 1460 1085 1490 53.
1132 1458 1196 1489 Cur
1213 1459 1309 1488 Pisaea
1335 1457 1466 1493 dicatur,
1487 1458 1535 1488 in-

874 1507 920 1539 fra
933 1507 1095 1549 apparebit
1111 1518 1127 1537 e
1143 1518 1223 1538 vers.
1242 1508 1303 1537 487
1320 1513 1351 1537 et
1366 1507 1443 1537 494.
1469 1507 1535 1537 Me-

875 1559 959 1588 dium
975 1558 1101 1598 Cyanes,
1116 1557 1198 1587 inter
1211 1556 1341 1598 Cyanen
1355 1561 1387 1587 et
1398 1556 1535 1587 Arethu-

875 1617 953 1642 sam,
976 1613 1011 1637 ut
1030 1606 1121 1641 infra,
1138 1607 1212 1636 644.
1237 1608 1362 1636 medium
1389 1606 1454 1636 carli
1475 1612 1535 1636 ter-

876 1665 981 1695 raque,
1003 1660 1035 1686 et
1055 1655 1164 1686 Horat.
1180 1655 1225 1685 II.
1243 1654 1305 1685 Od.
1321 1654 1387 1684 xix.
1406 1655 1459 1684 28.
1477 1666 1536 1685 me-

877 1705 945 1734 <iius
968 1706 1048 1744 pacis
1071 1710 1099 1734 et
1122 1704 1202 1734 belli.
1247 1703 1380 1733 Lenzius
1400 1713 1472 1733 vero
1493 1703 1538 1734 ita

874 1752 981 1794 jungit
996 1753 1101 1787 verba,
1120 1753 1173 1782 Est
1192 1754 1321 1782 >medium
1339 1763 1448 1792 aequor,
1464 1754 1540 1792 quod

879 1803 1015 1831 cornibus
1033 1802 1151 1842 Cyanes
1174 1808 1202 1831 et
1220 1802 1373 1831 Arelhusae
1390 1802 1539 1832 inclusum

879 1853 947 1881 coit.
992 1851 1071 1888 Quae
1100 1850 1267 1881 includunt
1292 1857 1398 1892 portus
1420 1856 1474 1880 aut
1498 1850 1539 1880 si-

880 1910 948 1936 nus,
965 1901 1084 1930 brachia
1101 1899 1177 1930 alibi
1191 1899 1291 1930 solent
1306 1899 1368 1930 dici
1388 1905 1420 1930 et
1434 1911 1539 1935 crura,

878 1960 961 1980 nunc
983 1960 1002 1980 a
1022 1950 1120 1979 forma
1140 1961 1267 1981 cornua.
1312 1949 1368 1985 Iis,
1390 1949 1539 1990 quoniam

878 2006 950 2030 sunt
968 2006 1109 2041 angusta,
1133 2009 1217 2030 mare
1238 2000 1307 2035 coit,
1325 2004 1485 2029 coercetur
1507 1998 1540 2029 in

879 2054 1045 2090 angustum
1061 2048 1206 2090 spatium.
1239 2048 1316 2079 Vid.
1333 2047 1437 2078 Cicer.
1450 2048 1541 2079 Verr.

879 2098 920 2129 iv.
937 2099 989 2129 52.
1011 2097 1170 2129 Arethusa
1192 2102 1258 2128 erat
1276 2097 1308 2127 in
1328 2096 1431 2127 insula
1445 2097 1542 2129 urbis.

881 2147 929 2178 Ea
956 2146 1111 2188 disjuncta
1138 2147 1217 2177 mari
1245 2153 1391 2187 angusto.
1438 2146 1542 2186 Cyane

884 2197 1023 2238 Nympha
1041 2196 1100 2227 fuit
1115 2196 1149 2226 in
1168 2195 1333 2227 comitibus
1348 2196 1539 2236 Proserpinae

881 2246 1054 2277 secundum
1070 2245 1184 2276 Claud.
1200 2245 1232 2276 ii.
1247 2246 1302 2275 61.
1351 2245 1473 2279 Enim,
1490 2255 1539 2275 re-

881 2301 975 2338 pente
991 2295 1116 2336 prodiit.
1162 2295 1283 2324 Summa
1308 2300 1393 2324 tenus
1412 2295 1489 2329 alvo,
1504 2298 1541 2324 ut

881 2344 981 2375 solent
995 2343 1125 2374 numina
1140 2353 1292 2384 aquarum
1308 2347 1426 2373 natare.

925 2394 1000 2424 417.
1025 2394 1140 2432 Anapis
1167 2388 1222 2423 se‘u
1249 2393 1385 2431 Anapus,
1413 2391 1538 2427 fluvius,

882 2442 946 2483 qui,
971 2442 1025 2473 ubi
1047 2442 1178 2483 Cyanen
1203 2441 1332 2483 recepit,
1359 2440 1392 2470 in
1419 2445 1542 2481 portum

879 2491 1029 2532 majorem
1044 2492 1266 2532 Syracusarum
1283 2500 1315 2521 se
1331 2495 1492 2520 exonerat.
1508 2489 1542 2520 ii.

880 2552 918 2572 ex
944 2541 984 2571 P.
1010 2541 1058 2571 10.
1079 2541 1140 2571 26:
1181 2540 1305 2580 Quaque
1329 2541 1389 2569 suis
1416 2538 1541 2578 Cyanen

881 2593 979 2621 miscet
990 2591 1115 2629 Anapus
1124 2592 1219 2630 aquis.
1249 2589 1309 2619 Sed
1325 2599 1363 2619 ex
1378 2588 1433 2617 illa
1445 2598 1541 2628 aqua-

882 2651 950 2671 rum
980 2640 1198 2681 conjunctione
1231 2638 1463 2669 matrimonium
1497 2636 1541 2667 se-

884 2695 993 2719 cerunt
1037 2695 1146 2730 poetae.
1218 2689 1384 2723 Emer-rita,
1421 2687 1450 2717 ri
1489 2697 1540 2717 co-

886 2745 966 2769 acta.

1017 2788 1080 2827 Q‘l
