1729 3207
201 214 288 258 122

592 212 641 253 P.
677 211 887 253 OVIDll
923 209 1202 251 NASONIS

208 333 265 379 In
291 346 424 378 mare
449 328 704 375 deducunt
727 326 884 372 fessas
909 325 1154 372 erroribus
1181 325 1354 372 undas.

206 408 422 456 Inachus
447 422 575 452 unus
601 405 771 459 abest;
812 403 1009 465 imoque
1035 402 1318 450 reconditus
1343 409 1482 449 antro

206 485 430 533 Fletibus
455 490 606 544 auget
631 496 814 543 aquas;
856 487 1124 543 natamque
1150 479 1451 527 miserrimus
1479 479 1534 526 Io

208 563 383 625 Luget,
411 567 466 607 ut
490 559 750 606 amissam:
791 558 967 613 nescit,
994 557 1157 605 vitane
1182 557 1386 612 fruatur,

1491 559 1586 604 585

204 640 285 686 An
307 639 370 685 sit
387 637 518 701 apud
539 651 731 691 manes;
761 635 849 682 sed
866 650 1016 698 quam
1037 651 1135 682 non
1157 635 1342 682 invenit
1356 650 1584 697 usquam,

206 717 332 764 Esse
358 720 502 779 putat
526 728 788 776 nusquam,
817 719 969 775 atque
995 713 1157 760 animo
1183 713 1353 776 pejora
1374 717 1584 759 veretur.

204 793 412 840 Viderat
435 807 464 838 a
487 789 647 854 patrio
674 789 962 837 redeuntem
988 788 1186 853 Jupiter
1213 788 1268 836 Io

207 869 458 918 Flumine:
488 874 552 922 et,
573 873 602 891 “
623 866 665 912 O
690 866 826 928 virgo
844 865 967 913 Jove
993 866 1158 928 digna,
1176 874 1364 930 tuoque
1384 866 1587 912 beatum

205 947 390 995 Nescio
415 960 565 1008 quem
589 943 780 990 factura
803 950 927 999 toro,
954 949 1086 1006 pete,
1113 944 1324 998 dixerat,
1350 943 1552 990 umbras

203 1025 433 1072 Altorum
481 1036 736 1069 nemorum
759 1039 768 1077 ;

404 1100 604 1147 umbras
623 1118 633 1156 3

832 1026 884 1066 et
929 1035 1185 1066 nemorum
1232 1024 1588 1066 monstraverat

1493 1098 1584 1143 591

207 1181 340 1227 Dum
365 1179 511 1233 calet,
538 1184 588 1224 et
611 1175 775 1223 medio
803 1174 889 1221 Sol
915 1182 991 1222 est
1017 1174 1285 1222 altissimus
1309 1173 1443 1220 orbe.

248 1351 320 1382 582.
340 1348 376 1379 ln.
389 1358 468 1378 mare
477 1346 659 1387 deducunt]
686 1345 749 1383 Qui
761 1345 861 1378 diver-

203 1400 244 1431 sis
256 1399 332 1430 locis
345 1398 377 1428 in
392 1407 475 1427 mare
490 1395 635 1426 influunt.
679 1395 740 1426 Sed
754 1400 862 1426 ornate

203 1450 261 1480 hoc
278 1446 401 1479 extulit.
447 1446 582 1479 Error-es.
595 1446 742 1486 ambages
753 1445 861 1475 fluvio-

202 1509 269 1528 rum
306 1502 460 1531 tortuosae,
490 1500 544 1525 aut
581 1494 705 1524 omnino
741 1505 861 1525 cursus,

208 1548 308 1578 Fessus
333 1547 439 1580 undas,
461 1550 493 1574 ut
509 1542 597 1584 sessae
621 1543 714 1583 longa
735 1542 787 1573 via
809 1548 863 1573 aut

203 1601 386 1638 tempestate
412 1604 516 1623 nares.-
541 1592 628 1634 Virg.
650 1594 723 1622 AEn.
745 1591 765 1622 i.
787 1592 860 1622 168.

206 1648 305 1676 xlurus
317 1645 409 1684 spatio
424 1644 511 1672 lassas
527 1641 606 1672 dixit
621 1641 702 1672 Plin.
712 1652 741 1671 v.
753 1641 810 1683 Ep.
822 1641 862 1671 vi.

210 1697 259 1725 14.

246 1744 320 1775 583.
356 1741 496 1778 Inachus,
527 1740 711 1782 Argivorum
739 1738 862 1775 fluvius,

205 1794 295 1824 hodie
311 1792 399 1828 Ναὶυ,
410 1791 576 1822 decurrens
582 1790 632 1821 vel
641 1801 678 1820 ex
686 1789 862 1825 Artemisio,

206 1841 350 1874 Arcadiae
376 1846 493 1876 monte,
523 1841 658 1870 Pausan.
687 1837 805 1869 Arcad.
833 1849 862 1880 p.

204 1893 280 1923 611.
296 1890 346 1921 vel
367 1900 383 1920 e
405 1891 535 1930 Lyree0,
552 1887 661 1918 itidem
684 1893 787 1918 monte
802 1887 862 1918 Ar-

207 1940 326 1977 cadiae3
348 1939 458 1970 Strabo
478 1937 542 1968 viii.
557 1948 590 1979 p.
608 1938 680 1968 370.
724 1937 766 1967 Is.
783 1937 860 1967 Vos-

205 1990 268 2021 sius
280 1989 319 2019 ad
331 1988 409 2018 Mel.
420 1987 452 2018 d.
466 1987 487 2016 l.
497 1991 598 2029 putat,
610 1985 758 2016 confundi
771 1985 861 2027 Argi-

206 2048 311 2069 vorum
340 2036 492 2067 Inachum
518 2046 591 2066 cum
617 2034 737 2065 Inacho
762 2034 860 2076 Epiri,

206 2088 260 2130 qui
289 2098 327 2118 ex
354 2087 460 2117 Laemo
491 2085 644 2127 profluens
676 2084 707 2114 in
738 2084 861 2115 Ionium

209 2147 291 2167 mare
307 2147 339 2167 se
355 2141 513 2166 exonerat.
558 2133 648 2164 Falso
662 2146 668 2171 ;
683 2143 756 2164 nam
771 2142 863 2175 poeta

206 2197 277 2218 eum
300 2185 378 2216 inter
398 2195 496 2214 amnes
515 2184 598 2219 alios,
624 2193 643 2213 a
664 2183 863 2225 popularibus

206 2236 355 2270 diversos,
370 2233 472 2264 refert.
518 2232 594 2274 Ejus
610 2232 703 2262 filiam
719 2233 754 2263 Io
769 2232 862 2264 facie-

207 2285 284 2315 bant
304 2283 399 2315 etiam
421 2282 530 2313 Castor
550 2282 581 2312 in
598 2281 773 2317 Chronicis,
791 2284 862 2313 ,Ἐς-

207 2334 290 2375 chyl.
306 2343 376 2363 cum
393 2331 461 2362 aliis
475 2330 615 2372 Tragicis
635 2337 728 2372 atque
743 2332 860 2373 Hygia.

207 2382 269 2413 Sed
286 2380 464 2423 Apollodor.
480 2379 595 2421 aliique
611 2380 691 2416 Iaso,
709 2380 761 2411 alii
774 2380 861 2412 deni-

209 2443 270 2474 que
300 2431 410 2461 Pirene
444 2436 547 2460 natam
582 2429 761 2471 perhibent:
801 2430 864 2462 vid.

209 2481 355 2511 Munker.
365 2479 405 2510 ad
415 2478 530 2520 Hygin.
541 2478 574 2508 d.
588 2479 609 2509 l.
621 2479 673 2509 ubi
690 2479 799 2522 triplex
814 2479 866 2510 Ius

207 2536 349 2561 stemma.
395 2530 534 2559 Moerens
569 2528 714 2564 Inachus,
743 2536 867 2571 propter

210 2580 353 2610 amissum
379 2578 474 2608 filiam
500 2588 532 2608 se
558 2577 640 2608 domi
666 2579 868 2617 continebat;

208 2636 241 2660 nt
257 2635 287 2659 et
303 2627 405 2659 moesti
427 2633 458 2657 et
476 2627 618 2668 lugentes
635 2628 744 2663 solent,
761 2627 865 2669 publi-

208 2689 279 2709 cum
313 2677 455 2708 vitantes.
515 2675 545 2707 Io
583 2677 780 2708 accusativus
818 2684 863 2709 est

210 2729 339 2758 (iraecus
354 2726 391 2757 ab
409 2726 454 2761 lo,
470 2725 531 2756 Ius.

254 2777 325 2808 584.
353 2775 483 2806 Fletibus
514 2782 602 2817 fruger
632 2787 732 2815 aquus,
759 2776 863 2816 jocose

929 1346 1048 1377 dictum
1069 1345 1166 1377 videri
1188 1345 1295 1388 possit.
1339 1344 1400 1375 Sed
1421 1350 1588 1375 occurrunt

929 1395 1004 1427 alibi
1023 1396 1152 1426 similia:
1178 1395 1209 1426 in
1227 1395 1338 1437 clypeo
1352 1394 1448 1425 Turni
1472 1405 1587 1425 amnem

919 1446 1075 1486 fundebat
1089 1457 1098 1482 ;
1117 1444 1198 1476 infra
1213 1445 1256 1475 xi.
1275 1445 1472 1486 47.flum1'11a
1487 1445 1586 1483 lacry-

930 1498 984 1526 mis
1007 1498 1177 1526 increscunt
1200 1497 1270 1530 suis,
1287 1494 1413 1524 Homer.
1429 1493 1467 1524 Il.
1489 1493 1510 1523 i.
1530 1494 1590 1522 14:

929 1543 1115 1586 δακρυχέων
1141 1543 1220 1575 ὥστε
1247 1542 1350 1584 κρήνη
1376 1540 1587 1584 μελάνυδρος.

929 1594 1099 1635 Sequentia
1123 1594 1388 1624 Nescit—veretur
1410 1591 1590 1632 castigatior

929 1643 1058 1684 scriptor
1073 1643 1149 1673 forte
1163 1641 1353 1673 resecuisset.

973 1694 1046 1723 588.
1074 1693 1196 1723 Viderat
1218 1705 1235 1722 a
1256 1691 1382 1732 putria]
1409 1691 1586 1722 Secundum

930 1742 1037 1773 Valer.
1052 1741 1138 1772 Flac.
1153 1741 1276 1784 Jupiter
1295 1752 1366 1780 saepe
1383 1742 1532 1771 descendit
1548 1742 1588 1770 ad

930 1793 1012 1833 ignes
1028 1791 1092 1827 Iris,
1110 1801 1278 1832 eorumque
1300 1790 1450 1821 furtorum
1463 1789 1588 1820 conscia

931 1847 1019 1871 antra
1033 1841 1179 1872 habebat.
1206 1839 1309 1870 Aliter
1321 1850 1424 1870 rursus
1439 1845 1470 1869 et
1485 1839 1590 1880 copio-

929 1890 992 1920 sius
1019 1900 1083 1920 rem
1118 1895 1222 1920 narrat
1252 1888 1395 1930 AEschyl.
1421 1889 1482 1919 652
1519 1898 1588 1930 sqq.

929 1938 1017 1969 initio
1033 1938 1115 1969 sacto
1136 1949 1154 1969 a
1168 1938 1240 1969 visis
1261 1937 1428 1968 nocturnis.
1474 1936 1587 1968 Noster

929 1989 949 2020 J
952 1988 1000 2019 ovi
1016 1988 1123 2019 tribuit
1137 1988 1307 2018 orationem
1323 1986 1513 2022 insidiosam,
1529 1996 1585 2017 cu·

925 2037 977 2079 jus
1002 2043 1107 2068 tamen
1132 2036 1274 2067 fraudem
1302 2035 1397 2066 sensit
1422 2035 1586 2077 Nympha,

929 2092 960 2117 et
973 2087 1077 2117 insunt
1092 2086 1236 2128 quaedam
1254 2085 1399 2126 ambigue
1414 2084 1508 2115 dicta.
1544 2084 1590 2115 Io.

930 2135 1008 2166 Haec
1024 2135 1117 2166 lectio
1132 2134 1254 2165 videtur
1269 2144 1388 2170 recenS,
1404 2144 1475 2164 nam
1494 2133 1587 2164 nostri

931 2183 1031 2215 Codd.
1049 2183 1166 2213 habent
1181 2184 1275 2213 illam.

973 2233 1046 2263 591.
1069 2233 1206 2262 Altorum
1221 2230 1398 2271 nemorum]
1418 2231 1590 2261 Burmann.

930 2287 1012 2313 recte
1028 2286 1131 2312 tuetur
1144 2282 1284 2316 ultorum,
1301 2279 1375 2322 quia
1389 2280 1505 2322 passim
1520 2281 1590 2310 alea·

929 2333 1007 2362 sili-cr
1023 2337 1196 2362 occurrunt.

973 2381 1049 2412 592.
1074 2379 1275 2420 Altis-simus]
1303 2379 1376 2410 Non
1397 2379 1521 2409 omnino
1543 2389 1590 2409 re-

929 2429 1070 2472 spuenda
1104 2429 1225 2460 videtur
1267 2428 1447 2470 conjectura
1482 2429 1591 2459 Burm-

930 2480 978 2510 Sol
1000 2485 1042 2509 est
1063 2480 1237 2514 acerrimus,
1253 2477 1516 2508 vehementissimi
1537 2487 1589 2508 ca·

931 2528 1013 2565 loris,
1042 2534 1077 2559 ut
1102 2528 1212 2558 Horat.
1240 2527 1266 2558 Ι.
1292 2528 1357 2557 Sat.
1379 2527 1421 2558 vi.
1454 2528 1521 2558 125.
1547 2528 1589 2557 sol

932 2581 1043 2612 acrior,
1065 2585 1097 2608 et
1123 2576 1206 2618 apud
1229 2576 1409 2607 Archiloch.
1431 2577 1475 2607 sol
1501 2575 1588 2613 ὀξύς.

933 2628 983 2658 Ita
998 2627 1078 2658 enim
1095 2637 1190 2657 causa
1203 2625 1351 2662 redditur,
1361 2636 1416 2656 cur
1431 2635 1589 2656 nemorum

931 2677 1043 2707 umbra
1063 2675 1197 2717 petenda
1216 2675 1266 2705 sit.
1307 2675 1347 2706 Et
1365 2675 1403 2705 ab
1424 2680 1502 2705 aestu
1517 2673 1590 2704 solis

933 2726 1110 2767 frequenter
1125 2730 1224 2767 poetae
1241 2724 1407 2765 designaut
1421 2723 1592 2755 meridiem.

933 2775 1044 2816 virgil.
1060 2774 1100 2806 G.
1124 2775 1166 2805 iv.
1187 2775 1264 2804 401:
1294 2774 1405 2804 Medios
1431 2785 1518 2814 quum
1543 2772 1591 2802 Sol
