1763 3181
417 169 1039 212 METAMORPHOSEON
1071 171 1190 212 LIB.
1219 170 1301 213 VI.
1453 172 1538 213 413

155 285 388 333 Creditur
402 301 512 333 esse
528 284 640 348 pius
657 303 667 341 ;
689 285 987 347 laudemque
1003 301 1032 332 a
1045 286 1248 333 crimine
1263 285 1429 333 sumit.
1449 286 1535 348 [tis

153 361 302 417 Quid,
315 362 449 425 quod
465 362 597 409 idem
608 360 882 409 Philomela
897 361 1035 425 cupit
1046 362 1064 408 ἲ
1079 362 1364 426 patriosque
1379 363 1534 410 lacer-

155 437 350 486 Blanda
365 445 539 485 tenens
558 439 805 493 humeros,
826 445 881 484 ut
904 445 984 485 eat
996 437 1160 485 visura
1180 454 1410 496 sororem,
1437 443 1534 487 476

151 515 350 578 Perque
365 532 520 573 suam,
533 522 804 578 contraque
820 531 976 571 suam,
989 516 1116 578 petit
1130 532 1290 579 usque
1305 516 1530 564 salutem.

154 593 361 657 Spectat
384 609 493 641 eam
518 593 721 649 Tereus,
748 599 1235 656 praecontrectatque
1258 593 1469 641 videndo
1488 609 1498 641 ε

153 669 457 734 Osculaque,
477 677 528 718 et
550 671 679 718 collo
703 660 1020 718 circumdata*
1034 670 1237 718 brachia
1260 686 1484 727 cernens,

153 747 336 795 Omnia
352 763 440 811 pro
465 747 692 803 stimulis,
710 746 1019 810 facibusque,
1046 747 1258 810 ciboque
1282 747 1458 795 furoris

150 823 376 888 Accipit;
407 831 457 872 et
481 823 677 887 quoties
703 824 1018 887 amplectitur
1042 823 1125 871 illa
1146 831 1420 887 parentem,
1437 827 1529 872 481

151 900 277 949 Esse
292 918 470 965 parens
487 902 636 950 vellet
653 918 662 949 :
682 917 847 964 neque
862 901 993 949 enim
1007 900 1169 948 minus
1185 901 1367 964 impius
1383 909 1532 949 esset.

150 977 377 1026 Vincitur
401 979 655 1027 ambarum
675 979 866 1041 genitor
885 994 1062 1042 prece:
1092 978 1292 1040 gaudet,
1310 977 1513 1042 agitque

152 1055 244 1103 Illa
267 1056 395 1120 patri
421 1063 584 1119 grates
606 1074 616 1114 ;
657 1063 708 1104 et
732 1056 1035 1104 successisse
1060 1055 1253 1102 duabus

150 1132 211 1181 Id
235 1140 377 1198 putat
400 1133 588 1190 infelix,
616 1134 752 1197 quod
775 1134 868 1182 erit
891 1134 1099 1196 lugubre
1123 1133 1332 1180 duabus.

1436 1136 1532 1181 485

149 1209 180 1257 J
185 1226 264 1258 am
288 1211 426 1258 labor
450 1211 661 1273 exiguus
687 1210 880 1257 Phoebo
904 1210 1151 1266 restabat3
1184 1209 1402 1272 equique

150 1287 430 1335 Pulsabant
452 1287 664 1352 pedibus
690 1286 908 1350 spatium
932 1285 1135 1333 declivis
1163 1284 1384 1349 Olympi.

151 1364 368 1427 Regales
394 1364 554 1428 epulae
578 1364 762 1411 mensis
788 1370 838 1411 et
864 1363 1095 1410 Bacchus
1120 1362 1170 1408 in
1195 1377 1314 1409 auro

149 1441 383 1490 Ponitur:
422 1441 536 1489 hinc
557 1441 752 1506 placido
770 1441 951 1489 dantur
971 1456 1063 1488 sua
1079 1455 1285 1503 corpora
1308 1456 1496 1490 somno.

147 1517 215 1565 At
238 1534 326 1566 rex
349 1518 609 1582 Odrysius,
638 1517 863 1582 quamvis
890 1517 1112 1573 secessit,
1139 1515 1189 1562 in
1213 1516 1299 1564 illa

1433 1521 1531 1566 490

152 1595 376 1644 AEstuat:
404 1603 457 1643 et
479 1602 710 1660 repetens
731 1594 926 1651 faciem,
943 1601 1531 1660 motusque,manusque,

192 1739 266 1771 478.
299 1740 535 1771 Praecontrectat
570 1742 707 1777 videndo,
740 1741 808 1783 jam

149 1799 232 1819 nunc
253 1788 398 1820 membris
421 1789 488 1831 ejus
506 1789 686 1831 spectandis
703 1789 807 1821 libidi-

150 1848 221 1869 nem
249 1848 337 1869 suam
360 1839 471 1880 pascit.
515 1839 602 1870 Bene
624 1839 743 1870 dictum
768 1839 808 1871 de

149 1887 275 1919 homine
303 1887 363 1918 isto
389 1887 521 1930 impuro.
567 1888 689 1925 Cicero,
716 1890 806 1920 verr.

147 1935 191 1967 iv.
206 1938 258 1968 28.
274 1936 319 1967 sic
338 1939 499 1977 praecipere
517 1938 622 1969 oculis.
667 1938 728 1968 Sed
749 1949 807 1969 nec

147 1986 278 2016 alterum
298 1985 456 2016 insolens:
479 1985 584 2017 Tacit.
608 1986 672 2017 An.
691 1986 737 2017 iii.
756 1987 806 2017 12.

147 2036 265 2065 nudare
283 2045 389 2074 corpus
410 2041 438 2065 et
452 2037 698 2065 contrectandum
713 2037 806 2066 oculis

146 2086 329 2123 permittere,
349 2083 404 2114 ubi
429 2083 494 2114 vid.
518 2083 641 2114 Ernesti
667 2089 698 2114 et
721 2085 806 2115 Bue-

149 2143 232 2164 nem.
259 2132 299 2163 ad
325 2132 471 2163 Lactant.
496 2133 584 2174 Opif.
610 2133 684 2164 Dei.
704 2133 727 2164 i.
756 2135 806 2165 15.

147 2181 222 2218 Fax,
234 2181 318 2223 quod
329 2182 392 2213 vim
407 2182 547 2213 irritandi
562 2182 667 2213 habet.
704 2183 804 2220 Cibus,

146 2230 308 2262 alimenta.
345 2231 478 2262 Animus
501 2238 673 2263 commotus
695 2243 803 2263 cumu—

145 2279 191 2310 lat
200 2281 295 2311 verba
305 2279 400 2311 etiam
411 2280 545 2312 diversa.
569 2281 700 2318 Plinius,
709 2281 804 2313 VIII.

146 2328 207 2370 Ep.
224 2329 278 2361 xii.
293 2331 321 2360 1.
333 2336 449 2369 portus,
463 2331 556 2366 sinus,
569 2332 725 2370 praemium
739 2336 803 2361 stu-

146 2377 315 2409 diosorum.
362 2379 479 2418 Accipit
499 2389 554 2417 pro
580 2380 720 2414 stimulis,
747 2378 801 2410 ha-

146 2426 222 2456 bent
235 2426 292 2457 illa
304 2425 337 2457 in
349 2437 386 2457 eo
395 2426 458 2456 vim
470 2426 676 2458 stimulorum.
700 2427 803 2468 Neque

145 2477 225 2506 enim
238 2477 337 2506 minus
353 2478 461 2516 impius
474 2483 556 2507 esset.
600 2475 731 2507 Etiamsi
746 2487 802 2518 pa-

146 2534 216 2554 rens
243 2530 335 2561 esset,
361 2530 467 2556 tamen
493 2525 591 2556 filiam
618 2536 706 2556 suam
735 2536 802 2556 cor-

147 2579 317 2613 rumperet.

190 2623 266 2653 483.
283 2624 445 2653 Ambarum
457 2634 542 2663 prece
553 2635 563 2660 ,·
587 2622 718 2658 scilicet,
733 2633 802 2664 pre-

146 2670 235 2701 cibus
248 2671 383 2702 Procnes
400 2672 537 2703 absentis
551 2678 581 2703 et
597 2671 780 2702 Philomelae
794 2684 802 2710 3

146 2725 180 2750 at
193 2719 310 2750 Tereus
333 2731 467 2762 praesens
488 2732 550 2752 non
567 2720 669 2751 minus
690 2720 802 2751 arden-

191 2769 290 2800 VOL.
306 2770 372 2801 ΠΙ.

873 1747 920 1772 ter
946 1745 1090 1783 precatus
1111 1739 1232 1771 suerat:
1257 1745 1444 1782 quapropter
1463 1750 1530 1771 rec-

873 1789 946 1825 tius,
966 1794 1069 1820 nostro
1089 1788 1219 1830 judicio,
1237 1788 1343 1820 Codex
1365 1788 1486 1829 Regius
1500 1789 1530 1819 A

873 1838 969 1869 habet
983 1839 1145 1874 amborum,
1160 1837 1293 1873 scilicet,
1307 1837 1397 1867 Terei
1411 1843 1442 1867 et
1455 1837 1530 1867 Phi-

873 1887 1006 1918 lomelae.
1043 1887 1085 1917 Et
1099 1888 1275 1922 successisse,
1290 1891 1350 1917 etc.
1373 1885 1530 1923 Quoniam

873 1936 1039 1978 aliquoties
1060 1936 1126 1978 jam
1150 1935 1298 1966 lectorem
1321 1935 1360 1966 de
1380 1935 1467 1967 exitu
1487 1936 1531 1966 rei

873 1985 1069 2029 praemonuit,
1083 1985 1150 2015 haec
1164 1991 1307 2027 poterant
1316 1984 1428 2015 omitti.
1452 1985 1531 2025 Equi

870 2035 1044 2074 pulsabant,
1059 2039 1120 2066 etc.
1135 2044 1152 2064 e
1168 2033 1312 2074 Virgilio,
1325 2034 1403 2064 AEn.
1414 2044 1447 2064 x.
1457 2035 1531 2065 216.

871 2094 967 2114 curru
988 2083 1156 2123 Noctivago
1177 2083 1284 2113 Phoebe
1305 2084 1435 2113 medium
1459 2084 1530 2122 pul-

870 2135 953 2163 sabat
971 2132 1142 2172 Olympum.
1187 2131 1265 2162 Poni
1283 2142 1337 2173 pro
1352 2134 1473 2171 apponi,
1490 2131 1530 2163 de

872 2182 956 2213 vino.
993 2181 1076 2212 Vide
1092 2179 1267 2216 Heinsium,
1284 2179 1322 2210 ad
1338 2180 1408 2211 Art.
1422 2180 1530 2212 Amat.

870 2230 893 2262 i.
918 2231 993 2261 231.
1040 2229 1164 2259 Dantur
1191 2240 1245 2259 sua
1276 2240 1397 2269 corpora
1422 2239 1530 2265 somno,

870 2277 967 2320 possis
987 2278 1032 2308 ita
1053 2287 1165 2319 capere
1180 2289 1187 2307 z
1212 2288 1320 2307 somno
1335 2277 1448 2308 dantur
1463 2288 1530 2308 cor—

870 2338 944 2369 pora
961 2337 1010 2363 ea,
1026 2337 1095 2368 quae
1117 2325 1177 2367 ipsi
1199 2325 1370 2365 debentur3
1394 2336 1529 2367 namque

870 2387 940 2407 suus
955 2386 1051 2417 saepe,
1070 2375 1154 2416 apud
1176 2382 1284 2416 poetas
1303 2375 1335 2405 in
1350 2375 1468 2417 primis,
1484 2376 1528 2406 sic

869 2432 902 2456 et
914 2425 1055 2456 similiter
1071 2424 1250 2455 adhibetur.

912 2476 985 2505 490.
1012 2474 1144 2514 Odrysae,
1160 2483 1235 2514 gens
1249 2472 1403 2503 Thraciae.
1445 2473 1527 2504 Pau-

869 2523 983 2559 sanias,
1008 2522 1108 2552 Attic.
1130 2533 1162 2563 p.
1183 2523 1246 2560 223
1269 2523 1381 2552 Senec.
1400 2521 1528 2561 Thyest.

869 2573 953 2603 273:
993 2572 1075 2602 Vidit
1100 2571 1244 2613 infandas
1271 2572 1371 2601 domus
1399 2570 1528 2611 Odrysia

869 2632 992 2652 mensas.
1036 2621 1159 2650 AEstuat
1182 2621 1216 2650 in
1239 2621 1305 2657 illa,
1325 2620 1435 2651 misere
1457 2630 1526 2652 eam

871 2677 968 2702 amat.
1017 2671 1111 2708 Cura,
1125 2680 1220 2701 amor.

1000 2769 1051 2798 Zz
