1763 3181
396 195 1015 238 METAMORPHOSEON
1049 196 1168 238 LIB.
1201 196 1266 238 ΙΙ.

1440 199 1524 240 195

140 311 216 359 Tu
242 327 459 375 quoque,
486 328 598 360 care
624 318 779 375 pater,
807 328 906 358 non
926 313 1030 375 jam
1055 312 1292 368 mortalis,
1314 320 1365 360 et
1388 314 1504 361 aevis

142 389 388 436 Omnibus
413 396 469 435 ut
493 405 710 444 maneas,
736 388 975 435 nascendi
1000 389 1110 451 lege
1136 396 1348 444 creatus,

1426 394 1523 438 650

140 465 299 513 Posse
324 465 445 512 mori
470 466 641 529 cupies
666 473 787 521 tum,
817 482 972 528 quum
997 466 1283 513 cruciabere
1308 467 1426 514 dirae

143 542 395 605 Sanguine
420 543 679 606 serpentis,
706 559 794 606 per
819 543 987 589 saucia
1010 544 1234 589 membra
1258 551 1488 607 recepto:

139 619 312 683 Teque
337 637 400 667 ex
425 627 607 668 aeterno
633 620 905 683 patientem
930 620 1132 667 numina
1157 620 1327 667 mortis

142 696 371 744 Efficient
386 715 397 755 ;
438 698 759 761 triplicesque
786 698 908 746 Deae
934 706 1020 745 tua
1044 699 1127 745 fila
1150 699 1448 746 resolvent.'’

143 773 389 821 Restabat
413 774 525 822 fatis
552 775 768 839 aliquid:
810 775 1026 839 suspirat
1051 777 1112 822 ab
1140 775 1250 821 imis

1427 777 1522 823 655

143 850 456 908 Pectoribus,
484 852 798 915 lacrimaeque
825 853 965 914 genis
989 853 1223 900 labuntur
1247 853 1432 899 obortae
1454 869 1464 900 ε

142 927 310 991 Atque
331 929 414 984 ita,
441 934 471 953 “
490 929 834 986 Praevertunt‚'

843 929 850 943 '
868 930 1046 992 inquit,
1067 936 1097 953 “
1115 947 1193 977 me
1213 929 1335 986 fata3
1363 936 1524 976 vetor-

146 1005 297 1053 Plura
310 1007 471 1070 loqui;
500 1006 738 1069 vocisque
754 1023 876 1054 meae
892 1008 1212 1071 praecluditur
1226 1024 1362 1053 usus.
1405 1008 1527 1070 [quc

143 1082 257 1130 Non
281 1083 476 1131 fuerant
501 1092 631 1131 artes
657 1086 799 1142 tanti,
829 1102 940 1148 quae
966 1086 1180 1131 numinis
1206 1085 1327 1131 iram

144 1160 451 1209 Contraxere
477 1161 625 1219 mihi3
666 1163 866 1210 mallem
891 1165 1108 1209 nescisse
1133 1162 1314 1209 futura.

1431 1164 1527 1208 660

142 1236 173 1284 J
178 1254 256 1286 am
280 1238 400 1286 mihi
427 1239 636 1287 subduci
661 1239 813 1287 facies
839 1241 1055 1288 humana
1078 1240 1300 1296 videtur3

185 1421 261 1452 649.
280 1420 326 1452 Tu
341 1432 462 1462 quoque,
474 1421 550 1462 etc.]
567 1423 660 1453 Nunc
673 1422 801 1463 quidem

143 1477 256 1502 natura
274 1476 328 1501 tua
347 1471 529 1502 immortalis
545 1483 577 1502 es
600 1480 631 1502 et
654 1479 800 1503 aeternus.

144 1521 281 1557 Manere,
308 1521 347 1551 de
373 1522 439 1551 vita
467 1526 584 1552 aeterna
611 1528 694 1552 recte
724 1522 801 1552 dici—

143 1577 202 1601 tur.
249 1570 350 1605 Quum
374 1572 555 1607 cruciabere,
575 1577 634 1601 etc.
659 1571 803 1602 Chironis

143 1619 257 1661 pedem
285 1620 439 1651 Hercules
473 1620 653 1662 imprudens
690 1621 803 1662 sagitta

145 1668 252 1711 hydrae
298 1670 435 1699 Lernaeae
477 1672 634 1711 sanguine,
674 1680 802 1706 venen0,

144 1718 241 1749 tincta
257 1718 444 1755 vulneravit,
457 1719 508 1750 vel
522 1730 618 1760 quum
634 1719 717 1761 apud
732 1729 802 1750 eum

144 1767 337 1803 devertisset,
367 1768 452 1809 Hyg.
481 1769 518 1799 P.
543 1768 586 1799 A.
616 1768 647 1799 ii.
673 1769 726 1799 38.
754 1769 803 1799 vel

145 1827 242 1858 quum
257 1817 371 1848 Maleae
385 1817 481 1848 alium
497 1818 687 1848 Centaurum
703 1823 802 1848 trans-

143 1866 236 1907 figere
251 1866 358 1897 vellet.
369 1867 506 1897 Pausan.
524 1878 552 1897 v.
567 1877 600 1908 p.
618 1867 692 1897 387.
704 1866 801 1908 Apol—

144 1914 208 1946 lod.
232 1915 277 1945 II.
305 1927 335 1946 v.
359 1916 389 1946 4.
412 1915 569 1945 Eratosth.
591 1916 642 1946 40.
688 1917 804 1946 Noster

144 1965 274 2007 priorem
290 1965 440 1996 rationem
452 1973 601 2007 sequutus
610 1971 656 1996 est
666 1966 707 1996 V.
718 1967 802 1997 Fast.

144 2015 328 2046 397—514.
375 2015 581 2054 Recipiuntur
611 2026 660 2051 ea,
690 2015 803 2056 quibus

144 2064 214 2106 quis
242 2064 433 2100 vulneratur,
459 2069 513 2094 aut
541 2075 612 2105 quae
637 2070 804 2106 penetrant

144 2114 177 2144 in
191 2124 314 2155 corpus.

189 2163 262 2194 653.
274 2163 398 2193 Patiens
408 2163 541 2203 mortis]
554 2163 712 2193 Mortalis.
734 2163 804 2194 Pati

145 2223 244 2242 necem
260 2217 306 2243 est
320 2224 350 2243 x.
365 2213 441 2243 267.
478 2213 584 2248 Quum
600 2213 801 2248 cruciaretur,

144 2260 408 2292 immortalitatem
446 2272 536 2292 suam
570 2267 679 2303 sponte
713 2262 806 2292 cessit

146 2311 343 2347 Prometheo,
366 2311 416 2342 cui
441 2312 567 2355 Jupiter
589 2322 626 2342 ea
655 2311 724 2353 lege
748 2312 805 2342 im-

145 2360 364 2391 mortalitatem
388 2360 581 2402 promiserat,
597 2360 621 2392 si
644 2360 732 2391 daret
747 2361 806 2391 im-

148 2410 322 2446 mortalem,
354 2410 407 2451 qui
434 2421 489 2452 pro
509 2410 575 2451 ipso
598 2410 675 2440 mori
697 2410 805 2441 vellet.

147 2458 276 2489 Lucian.
289 2459 331 2490 D.
344 2459 439 2489 Mort.
455 2460 506 2490 26.
537 2459 696 2490 Resolvent
708 2458 806 2490 Hein-

146 2507 210 2538 sius
224 2507 414 2549 explicabat,
430 2509 603 2539 secabunt:
628 2507 731 2550 potius
748 2507 817 2544 est,¹

146 2558 378 2599 retorquebunt.
413 2558 519 2589 Tibul.
536 2559 563 2590 Ι.
581 2557 633 2589 vii.
649 2555 683 2589 2⁷.
700 2558 739 2589 de
754 2557 806 2588 iis-

147 2606 218 2637 dem
247 2607 367 2642 Parcis,
393 2610 522 2638 stamina
548 2619 606 2638 non
633 2609 692 2637 ulli
717 2609 805 2638 disso-

148 2656 259 2687 luenda
281 2657 355 2687 Deo.
391 2657 531 2699 Propert.
545 2657 605 2688 IV.
620 2656 672 2688 vii.
688 2658 740 2688 51.
759 2668 805 2687 νε-

147 2707 276 2736 volubile
302 2713 427 2738 stamen.
471 2707 597 2742 Noster,
626 2718 656 2738 x.
682 2708 734 2738 30.
760 2718 806 2737 re-

149 2761 259 2786 terent.

912 1424 985 1454 655.
1003 1423 1156 1457 Restabat,
1173 1421 1250 1462 etc.]
1265 1420 1381 1451 Similis
1398 1431 1527 1451 conver-

869 1472 925 1508 sio,
950 1473 970 1503 i.
995 1474 1076 1510 7003
1100 1471 1154 1502 sed
1177 1472 1210 1502 h.
1227 1472 1250 1502 l.
1273 1473 1338 1513 ipse
1361 1470 1459 1501 noluit
1483 1481 1530 1501 re-

869 1523 984 1552 stantia
1008 1521 1134 1556 addere,
1156 1531 1268 1562 nempe
1292 1521 1368 1556 fore,
1393 1526 1428 1550 ut
1452 1519 1529 1551 Chi-

869 1583 922 1602 ron
951 1571 1031 1602 inter
1059 1571 1161 1601 sidera
1190 1571 1350 1601 referatur.
1390 1571 1474 1601 Fast.
1500 1581 1530 1601 V.

870 1622 932 1651 413
946 1633 952 1650 2
980 1621 1067 1651 Nona
1084 1622 1144 1650 (lies
1159 1622 1287 1655 tulerat,-
1304 1631 1393 1659 quum
1409 1622 1529 1659 tu,jus-

871 1672 978 1701 tissime
1003 1671 1126 1705 Chiron,
1149 1670 1200 1699 Bis
1225 1675 1331 1707 septem
1351 1670 1444 1699 stellis
1464 1680 1530 1699 cor-

868 1732 941 1760 pora
964 1722 1081 1750 cinctus
1103 1731 1178 1750 eras.
1212 1718 1363 1750 Centauri
1383 1718 1465 1748 enim
1490 1718 1530 1748 si-

871 1770 930 1801 dus
946 1770 974 1801 ei
990 1770 1093 1801 Graeci
1109 1769 1265 1800 dicarunt.
1312 1768 1403 1804 Filia,
1420 1779 1529 1799 secun-

871 1819 945 1850 dum
970 1818 1111 1860 Euripid.
1133 1819 1166 1848 in
1186 1816 1381 1859 Menalippa,
1402 1816 1532 1857 gravida

871 1879 908 1900 ex
932 1869 1035 1904 AEolo,
1059 1867 1203 1898 Hellenis
1228 1866 1303 1902 filio,
1321 1877 1417 1908 quum
1442 1872 1530 1908 patre

870 1917 967 1948 inscio
987 1916 1168 1959 peperisset,
1197 1916 1229 1946 in
1254 1926 1368 1957 equam
1398 1922 1530 1952 mutata,

869 1973 936 1998 tum
965 1973 997 1997 et
1025 1966 1093 2008 ipsa
1119 1966 1199 1996 inter
1221 1965 1323 1995 sidera
1350 1964 1448 1995 relata
1473 1971 1531 1995 est.

870 2017 1050 2048 Secundum
1058 2015 1303 2050 Callimachum,
1314 2025 1331 2045 a
1342 2015 1447 2045 Diana
1457 2025 1531 2045 con-

871 2078 959 2099 versa
974 2073 1031 2102 est,
1048 2067 1130 2108 quod
1149 2065 1253 2097 venari
1268 2065 1399 2096 desierat
1415 2066 1532 2095 Deam—

872 2128 932 2158 que
962 2117 1081 2148 colere:
1108 2115 1226 2157 Hygin.
1251 2115 1334 2145 dicto
1355 2115 1433 2145 loco.
1471 2114 1532 2145 Sed

872 2165 955 2208 apud
992 2167 1140 2196 Nostrum
1177 2164 1420 2199 transformatur,
1450 2163 1534 2204 quod

872 2215 1012 2246 Deorum
1041 2213 1170 2245 consilia
1198 2213 1393 2244 enuntiabat.
1440 2213 1533 2254 Inge-

872 2263 992 2294 niosum
1017 2269 1121 2294 autem
1147 2262 1340 2303 figmentum,
1365 2272 1424 2302 quo
1446 2257 1534 2292 v‘ates

873 2314 1078 2343 mutationem
1104 2322 1190 2342 suam
1216 2310 1375 2353 praesentit
1398 2317 1428 2341 et
1454 2322 1532 2352 prae-

873 2362 962 2393 dicit.

918 2413 991 2443 657.
1017 2412 1210 2441 Praevertunt
1233 2421 1275 2440 me
1291 2409 1393 2449 satu]
1428 2409 1532 2439 Occu-

875 2469 949 2503 pant
974 2471 1024 2491 me
1045 2466 1076 2490 et
1098 2459 1292 2501 impediunt3
1317 2469 1389 2489 nam
1412 2458 1442 2488 in
1465 2457 1535 2488 fatis

874 2516 950 2546 erat,
979 2517 1014 2540 ut
1043 2515 1177 2540 verterer
1205 2508 1237 2538 in
1271 2519 1397 2549 equam.
1449 2508 1531 2548 Ergo

873 2558 1081 2594 transformor,
1098 2558 1277 2601 priusquam
1299 2557 1430 2587 finierim
1453 2556 1532 2586 vati-

874 2608 1002 2639 cinium.
1041 2609 1243 2643 Pmcludere,
1272 2607 1399 2637 solenne
1422 2606 1454 2636 in
1477 2606 1535 2636 hac

874 2669 919 2689 re.
958 2658 1082 2689 Phaedr.
1097 2658 1126 2688 I.
1143 2657 1205 2688 fab.
1221 2657 1252 2687 ii.
1268 2658 1328 2687 26:
1353 2667 1447 2687 vocem
1459 2667 1534 2694 prce-

875 2709 972 2737 cludit
987 2714 1103 2743 metus;
1120 2706 1143 2736 f.
1161 2705 1247 2736 xxiii.
1260 2708 1290 2737 5.
1307 2706 1443 2746 linguam
1456 2716 1532 2744 prae-

875 2758 1006 2785 cludere.
