1763 3181
236 197 319 238 164

635 196 682 236 P.
718 197 926 237 OVIDII
964 196 1241 238 NASONIS

237 311 504 358 Flumineae
529 312 753 358 volucres
776 311 939 359 medio
960 312 1155 359 caluere
1185 313 1417 374 Caystro.

234 389 380 435 Nilus
406 388 455 434 in
481 395 759 436 extremum
784 389 910 451 fugit
935 389 1224 452 perterritus
1245 390 1432 445 orbem,

1522 395 1616 438 254

234 464 570 527 Occuluitque
587 472 752 529 caput,
771 466 904 528 quod
922 466 1085 512 adhuc
1102 466 1250 513 latet:
1280 466 1409 513 ostia
1427 474 1619 530 septem

234 541 587 589 Pulverulenta
610 551 801 599 vacant,
831 552 1023 607 septem
1051 544 1155 591 sine
1180 543 1383 591 flumine
1408 545 1576 592 valles.

233 618 352 665 Fors
364 619 540 666 eadem
553 618 786 667 Ismarios
802 619 1026 667 Hebrum
1037 636 1151 667 cum
1166 620 1433 683 Strymone
1444 621 1616 676 siccat,

232 694 607 759 Hesperiosque
655 712 840 751 amneS,
894 696 1142 752 Rhenum,
1196 696 1617 761 Rhodanumque,

431 772 745 836 Padumque,

233 850 430 913 Cuique
455 850 547 897 fuit
571 867 734 898 rerum
760 850 1004 914 promissa
1028 851 1267 914 potentia,
1295 850 1540 914 Thybrin.

230 1031 311 1062 nist.
334 1031 354 1061 i.
374 1032 422 1061 14.
447 1041 488 1062 an
510 1031 601 1072 cycni
622 1036 751 1061 cantum
775 1029 889 1068 edant;

228 1080 283 1112 sed
321 1079 383 1111 vid.
411 1079 533 1110 Ernesti
570 1079 610 1110 ad
647 1079 889 1116 Callimachum,

229 1130 344 1171 hymno
358 1129 464 1171 Apoll.
480 1131 511 1160 5.
525 1129 578 1160 ubi
595 1128 763 1160 Vidalinus
776 1135 889 1165 narrat,

229 1190 260 1210 se
276 1179 308 1210 in
323 1178 463 1210 Islandia
479 1189 539 1209 non
554 1188 622 1208 raro
636 1184 764 1209 cantum
776 1188 888 1219 cycno—

231 1239 298 1259 rum
320 1229 411 1270 longe
437 1227 654 1259 suavissimum
678 1237 800 1258 summa
818 1238 889 1259 cum

228 1278 388 1320 voluptate
410 1277 585 1315 audivisse;
617 1277 696 1307 illud
721 1276 813 1308 modo
836 1288 889 1308 ne·

228 1333 293 1369 gat,
305 1338 357 1358 eos
371 1326 462 1358 morti
480 1326 596 1358 vicinos
611 1336 734 1358 canere.
760 1327 804 1358 At
819 1337 890 1358 vero

226 1378 312 1408 illam
335 1377 528 1418 voluptatem
543 1376 660 1407 reditus
675 1375 755 1406 veris
776 1376 890 1417 potius,

228 1437 323 1468 quam
349 1427 402 1467 qui
428 1425 548 1457 indicat
571 1435 740 1467 cycnorum
767 1424 889 1456 redien-

228 1475 308 1506 tium
323 1481 434 1506 cautus
448 1474 589 1517 inspirat.
615 1474 674 1505 Ed.

270 1525 345 1556 253.
374 1524 538 1555 Flumineae
568 1523 730 1563 volucres]
777 1522 890 1564 Cycni,

228 1574 281 1616 qui
296 1574 474 1615 frequentes
488 1573 521 1604 in
535 1579 600 1604 toto
619 1572 673 1603 illo
687 1571 772 1603 Asiae
788 1578 891 1603 tractu

228 1623 410 1654 commorari
422 1622 583 1653 solebant:
601 1621 695 1652 Hom.
705 1622 745 1652 Il.
761 1622 891 1660 B.460;

228 1673 317 1714 Virg.
333 1673 449 1713 Georg.
461 1671 481 1703 i.
496 1673 560 1703 383
577 1682 666 1713 sqq.;
690 1671 785 1702 Dion.
796 1671 891 1702 Alex.

227 1724 300 1754 833.
338 1722 416 1753 Inde
442 1721 562 1759 κύκνος
591 1723 779 1763 Καΰστρου,
806 1721 891 1763 apud

229 1772 418 1802 Anacreont.
432 1771 518 1812 hym.
533 1771 642 1812 Apoll.
656 1771 687 1802 8.
701 1770 821 1801 Amant
835 1781 889 1800 au-

227 1826 290 1851 tem
302 1820 546 1861 cycniflumina.
557 1820 640 1851 Vide
652 1820 727 1851 379.
755 1820 890 1860 Cayster,

227 1881 244 1901 e
260 1869 414 1901 Cilbianis
430 1869 516 1911 jugis
539 1870 647 1905 oritur,
665 1879 728 1899 non
746 1868 853 1910 procul
873 1878 892 1899 a

225 1918 336 1948 Tmolo
362 1924 478 1953 monte,
508 1917 640 1960 Lydiam
676 1918 795 1958 irrigat,
823 1924 890 1948 tum

227 1967 386 2009 Ephesum
409 1967 512 2003 alluit,
535 1967 661 1998 tandem
684 1967 715 1997 in
736 1977 819 1998 mare
842 1967 889 1997 in—

227 2015 375 2047 funditur.
414 2016 523 2047 Strabo
552 2016 618 2047 xiii.
646 2027 678 2058 p,
705 2016 778 2047 626.
806 2017 889 2047 Plin.

227 2065 311 2096 Hist.
325 2065 400 2096 Nat.
416 2076 445 2096 v.
460 2066 513 2096 29.

270 2116 343 2146 254.
378 2114 470 2145 Nilus
497 2117 529 2145 in
557 2114 887 2155 ervenium—orbem]

226 2164 384 2195 Brouckh.
411 2163 452 2194 ad
478 2164 618 2206 Propert.
642 2164 688 2195 ΙΙ.
716 2164 805 2205 Eleg.
825 2163 890 2194 xiii.

226 2215 278 2244 40.
298 2219 414 2249 monet,
430 2213 562 2244 Veteres
583 2223 636 2255 per
657 2220 818 2243 extremum
843 2224 890 2242 or-

226 2264 287 2293 hem
308 2261 500 2293 intellexisse
528 2263 716 2304 AEgyptum,
739 2272 834 2303 quarn
859 2262 890 2292 in

225 2322 289 2342 rem
318 2311 429 2342 laudat
459 2311 553 2341 etiarn
581 2311 664 2342 hunc
694 2311 754 2342 loc.
802 2310 890 2342 Male

226 2368 404 2402 utrumque.
451 2360 576 2391 Etenim
597 2371 704 2392 omnes
719 2367 816 2391 terras
836 2367 890 2391 aut

226 2409 457 2446 remotissimas,
465 2415 519 2440 aut
530 2411 659 2441 Oceano
670 2409 889 2446 conterminas,

226 2458 361 2489 Romani
379 2466 539 2489 extremum
562 2465 616 2489 aut
636 2460 779 2489 ultimum
794 2459 887 2489 orbem

226 2509 381 2543 dixerunt,
396 2520 425 2539 v.
439 2519 469 2539 c.
495 2508 632 2544 Indiam,
648 2509 756 2540 Amor.
772 2508 820 2538 ΙΙ.
846 2508 888 2539 vi.

226 2559 286 2595 38;
310 2560 457 2593 Pontum,
475 2558 503 2588 I.
525 2558 619 2589 Trist.
635 2558 657 2588 i.
678 2559 759 2596 127;
783 2558 848 2588 III.
866 2557 888 2588 i.

225 2608 286 2644 503
302 2607 498 2649 Hispaniam,
512 2608 632 2637 Lucan.
646 2607 698 2638 vii.
712 2608 787 2638 541.
824 2607 888 2638 Ne-

227 2667 287 2696 que
320 2656 376 2687 hoc
404 2655 470 2697 ipso
495 2657 563 2687 loco
589 2657 748 2699 AEgyptus
772 2656 889 2687 intelli-

227 2705 330 2746 genda
360 2712 419 2742 est,
448 2705 503 2736 sed
533 2705 708 2747 AEthiopia,
738 2707 821 2737 unde
858 2706 889 2736 in

231 2755 403 2796 AEgyptum
432 2755 523 2785 Nilus
546 2754 681 2795 profluit.
711 2755 813 2786 Etiam
831 2756 887 2785 AE-

958 1029 1059 1071 schyl.
1087 1031 1190 1060 Prom.
1214 1031 1286 1060 813.
1313 1029 1506 1072 AEthiopiam
1532 1036 1623 1061 vocat

958 1080 1120 1121 τηλουρὸν
1148 1082 1226 1121 γῆν,
1253 1079 1307 1110 ubi
1332 1090 1363 1110 v.
1394 1079 1531 1110 Schuetz.
1561 1079 1623 1111 Sed

960 1129 1126 1160 Veteribus
1155 1128 1252 1170 ignoti
1286 1135 1374 1159 erant
1403 1128 1502 1159 fontes
1534 1128 1623 1167 Nili;

959 1178 1054 1214 unde,
1078 1179 1211 1209 occuluit
1235 1184 1336 1217 caput,
1360 1180 1437 1218 quod
1457 1178 1555 1209 adhuc
1579 1179 1623 1209 la-

960 1234 1020 1264 tet‚·
1046 1226 1162 1269 quibus
1177 1227 1278 1257 verbis
1294 1226 1446 1268 expressit
1459 1226 1576 1258 Tibull.
1591 1227 1622 1258 Ι.

959 1277 1014 1308 vii.
1030 1279 1090 1308 23:
1119 1278 1191 1308 Nile
1209 1284 1306 1317 pater,
1323 1288 1452 1318 quanam
1465 1287 1578 1317 possum
1595 1284 1622 1308 te

957 1329 1056 1358 dicere
1074 1338 1174 1364 causa,
1192 1328 1255 1358 Aut
1275 1328 1380 1368 quibus
1402 1329 1434 1357 in
1455 1329 1553 1363 terris,
1573 1338 1621 1358 oc-

957 1378 1086 1407 culuisse
1100 1377 1215 1416 caput?
1254 1377 1385 1407 Fontem
1401 1375 1468 1406 Nili
1483 1385 1623 1417 quaerere

957 1425 1031 1456 olim
1046 1425 1127 1456 inter
1142 1436 1256 1466 magna
1270 1424 1464 1467 problemata
1478 1425 1622 1456 relatum.

959 1475 1082 1505 Nostris
1102 1475 1304 1516 temporibus,
1324 1474 1424 1505 Bruce
1447 1474 1624 1516 penetravit

959 1524 998 1555 ad
1013 1530 1075 1555 tres
1088 1524 1156 1566 ejus
1173 1524 1272 1554 fontes
1286 1524 1319 1554 in
1335 1523 1518 1565 Abyssinia.

1002 1574 1076 1604 255.
1103 1574 1202 1612 Caput
1224 1571 1311 1603 fluvii
1332 1578 1379 1603 est
1401 1573 1482 1608 fons,
1508 1582 1570 1603 non
1589 1582 1623 1603 0-

958 1622 1063 1659 stium,
1078 1628 1114 1653 ut
1129 1622 1258 1664 quidam
1269 1622 1429 1663 putarunt.
1454 1622 1505 1652 De
1517 1628 1624 1662 septem

958 1674 1049 1709 ostiis,
1065 1672 1132 1703 vid.
1148 1672 1251 1702 Strab.
1265 1671 1341 1702 xvii.
1356 1671 1426 1702 init.
1443 1671 1546 1702 Hodie
1561 1670 1624 1702 duo

958 1727 1080 1752 tantum
1109 1728 1229 1752 restant
1258 1720 1461 1762 navigabilia,
1490 1731 1622 1762 quorum

957 1769 1048 1801 alteri
1071 1770 1195 1812 adjacet
1217 1770 1348 1806 Rosette,
1370 1769 1445 1800 olim
1463 1769 1623 1811 Canopus,

959 1819 1048 1851 alteri
1071 1820 1233 1855 Damiette,
1250 1819 1325 1850 olim
1343 1818 1516 1850 Pelusium.
1565 1818 1623 1849 Va-

957 1876 1041 1905 cant,
1059 1879 1170 1904 vacua,
1186 1868 1336 1899 destituta
1348 1874 1422 1899 sunt
1437 1867 1537 1909 aquis.

1003 1919 1082 1949 257.
1108 1917 1243 1948 Hebrum
1257 1929 1324 1948 cum
1336 1917 1524 1958 Strymona]
1558 1916 1624 1947 He-

957 1967 1030 1998 brus
1054 1972 1086 1997 et
1105 1967 1251 2008 Strymon
1274 1966 1361 1996 fluvii
1386 1965 1540 2002 Thraciae,
1567 1966 1621 2007 qui

957 2014 989 2046 in
1009 2025 1094 2046 mare
1110 2016 1248 2056 AEgeum
1272 2014 1425 2050 defluunt,
1443 2013 1493 2045 hic
1509 2025 1527 2045 e
1542 2014 1624 2044 Pan-

957 2075 1016 2105 geo
1034 2070 1150 2100 monte,
1166 2063 1220 2095 ille
1241 2074 1279 2094 ex
1301 2064 1425 2094 Haemo.
1472 2062 1623 2100 Ismarios,

957 2113 989 2144 id
1011 2119 1058 2144 est
1075 2112 1243 2144 Thracicos
1254 2125 1263 2151 ;
1290 2122 1361 2143 nam
1385 2111 1518 2143 Ismarus
1536 2122 1625 2143 mons

956 2163 1110 2199 Thraciae,
1127 2164 1198 2194 vino
1215 2162 1343 2193 nobilis.

1000 2214 1075 2244 258.
1101 2212 1315 2252 Hesperiosque
1329 2212 1455 2252 amnes-J
1503 2212 1624 2254 Hespe·

958 2261 1047 2298 riam,
1064 2261 1096 2292 id
1111 2267 1158 2292 est
1174 2266 1286 2292 terram
1297 2260 1537 2296 occidentalem,
1554 2260 1622 2291 dix-

958 2316 1049 2341 erunt
1073 2310 1211 2341 Romani
1236 2320 1298 2340 non
1322 2309 1414 2340 modo
1434 2309 1622 2351 Hispaniam

957 2366 989 2390 et
1011 2360 1163 2396 Galliam,
1188 2359 1242 2390 sed
1268 2359 1373 2396 etiam,
1398 2358 1624 2390 consuetudine

959 2410 1153 2445 Graecorum,
1168 2404 1403 2451 ipsam-Italiam
1417 2421 1423 2439 :
1442 2408 1512 2440 vide
1522 2409 1622 2450 Span-

958 2459 1042 2490 hem.
1060 2459 1100 2490 ad
1123 2458 1311 2490 Callimach.
1328 2458 1359 2488 h.
1374 2458 1449 2489 Del.
1463 2468 1530 2489 ver.
1551 2458 1621 2488 174.

960 2508 1075 2539 Rerum
1099 2510 1245 2548 potentia,
1268 2507 1434 2549 imperium
1457 2507 1538 2538 orbis
1561 2513 1621 2538 ter-

959 2567 1073 2594 rarum,
1091 2558 1175 2600 quod
1193 2557 1377 2600 promissum
1392 2563 1440 2588 est
1455 2557 1565 2587 Romae
1582 2557 1622 2587 ad

961 2606 1088 2637 Tiberim
1105 2606 1171 2638 sitae
1186 2619 1193 2645 3
1216 2605 1271 2637 sed
1292 2610 1392 2648 poetae
1406 2605 1509 2636 fluviis
1524 2605 1623 2636 tribu-

959 2660 1025 2691 unt,
1041 2666 1111 2697 quae
1131 2655 1262 2687 urbibus
1281 2654 1499 2696 adjacentibus
1510 2665 1622 2686 conve-

959 2710 1060 2736 munt.
