<?xml version="1.0" encoding="UTF-8"?>
<!DOCTYPE html PUBLIC "-//W3C//DTD XHTML 1.0 Transitional//EN"
    "http://www.w3.org/TR/xhtml1/DTD/xhtml1-transitional.dtd">
<html xmlns="http://www.w3.org/1999/xhtml" xml:lang="en" lang="en">
 <head>
  <title>
</title>
<meta http-equiv="Content-Type" content="text/html;charset=utf-8" />
  <meta name='ocr-system' content='tesseract 3.04.00' />
  <meta name='ocr-capabilities' content='ocr_page ocr_carea ocr_par ocr_line ocrx_word'/>
</head>
<body>
  <div class='ocr_page' id='page_1' title='image "./povidiinasonisop03oviduoft_0436.png"; bbox 0 0 1763 3181; ppageno 0'>
   <div class='ocr_carea' id='block_1_1' title="bbox 253 162 338 203">
    <p class='ocr_par' dir='ltr' id='par_1_1' title="bbox 253 162 338 203">
     <span class='ocr_line' id='line_1_1' title="bbox 253 162 338 203; baseline 0 0"><span class='ocrx_word' id='word_1_1' title='bbox 253 162 338 203; x_wconf 73' lang='lat'>426</span> 
     </span>
    </p>
   </div>
   <div class='ocr_carea' id='block_1_2' title="bbox 640 161 1250 204">
    <p class='ocr_par' dir='ltr' id='par_1_2' title="bbox 640 161 1250 204">
     <span class='ocr_line' id='line_1_2' title="bbox 640 161 1250 204; baseline 0.003 -2"><span class='ocrx_word' id='word_1_2' title='bbox 640 162 691 202; x_wconf 93' lang='lat' dir='ltr'>P.</span> <span class='ocrx_word' id='word_1_3' title='bbox 726 161 939 203; x_wconf 92' lang='lat' dir='ltr'>OVIDII</span> <span class='ocrx_word' id='word_1_4' title='bbox 972 161 1250 204; x_wconf 93' lang='lat' dir='ltr'><strong>NASONIS</strong></span> 
     </span>
    </p>
   </div>
   <div class='ocr_carea' id='block_1_3' title="bbox 246 276 1611 417">
    <p class='ocr_par' dir='ltr' id='par_1_3' title="bbox 246 276 1611 417">
     <span class='ocr_line' id='line_1_3' title="bbox 249 276 1611 341; baseline 0 -17"><span class='ocrx_word' id='word_1_5' title='bbox 249 277 513 331; x_wconf 76' lang='lat' dir='ltr'>Saevitiam,</span> <span class='ocrx_word' id='word_1_6' title='bbox 535 283 585 322; x_wconf 93' lang='lat' dir='ltr'>et</span> <span class='ocrx_word' id='word_1_7' title='bbox 607 276 750 332; x_wconf 87' lang='lat' dir='ltr'>vires,</span> <span class='ocrx_word' id='word_1_8' title='bbox 779 276 1018 340; x_wconf 85' lang='lat' dir='ltr'>iramque,</span> <span class='ocrx_word' id='word_1_9' title='bbox 1047 278 1336 341; x_wconf 87' lang='lat' dir='ltr'>animosque</span> <span class='ocrx_word' id='word_1_10' title='bbox 1360 278 1611 326; x_wconf 80' lang='lat' dir='ltr'>minaces?</span> 
     </span>
     <span class='ocr_line' id='line_1_4' title="bbox 246 353 1522 417; baseline 0.001 -17"><span class='ocrx_word' id='word_1_11' title='bbox 246 353 557 416; x_wconf 85' lang='lat' dir='ltr'>Admovique</span> <span class='ocrx_word' id='word_1_12' title='bbox 581 369 770 417; x_wconf 82' lang='lat' dir='ltr'>preces,</span> <span class='ocrx_word' id='word_1_13' title='bbox 798 369 1007 416; x_wconf 90' lang='lat' dir='ltr'>quarum</span> <span class='ocrx_word' id='word_1_14' title='bbox 1032 370 1110 401; x_wconf 92' lang='lat' dir='ltr'>me</span> <span class='ocrx_word' id='word_1_15' title='bbox 1136 355 1346 402; x_wconf 81' lang='lat' dir='ltr'>dedecet</span> <span class='ocrx_word' id='word_1_16' title='bbox 1370 355 1522 403; x_wconf 79' lang='lat' dir='ltr'>usus?</span> 
     </span>
    </p>
   </div>
   <div class='ocr_carea' id='block_1_4' title="bbox 243 431 1386 496">
    <p class='ocr_par' dir='ltr' id='par_1_4' title="bbox 243 431 1386 496">
     <span class='ocr_line' id='line_1_5' title="bbox 243 431 1386 496; baseline 0.002 -18"><span class='ocrx_word' id='word_1_17' title='bbox 243 431 379 495; x_wconf 88' lang='lat' dir='ltr'>Apta</span> <span class='ocrx_word' id='word_1_18' title='bbox 401 431 516 477; x_wconf 87' lang='lat' dir='ltr'>mihi</span> <span class='ocrx_word' id='word_1_19' title='bbox 544 431 614 477; x_wconf 91' lang='lat' dir='ltr'>vis</span> <span class='ocrx_word' id='word_1_20' title='bbox 640 438 743 478; x_wconf 86' lang='lat' dir='ltr'>est:</span> <span class='ocrx_word' id='word_1_21' title='bbox 781 431 827 477; x_wconf 91' lang='lat' dir='ltr'>vi</span> <span class='ocrx_word' id='word_1_22' title='bbox 852 431 1013 478; x_wconf 89' lang='lat' dir='ltr'>tristia</span> <span class='ocrx_word' id='word_1_23' title='bbox 1035 431 1206 478; x_wconf 85' lang='lat' dir='ltr'>nubila</span> <span class='ocrx_word' id='word_1_24' title='bbox 1229 433 1386 496; x_wconf 89' lang='lat' dir='ltr'>pello;</span> 
     </span>
    </p>
   </div>
   <div class='ocr_carea' id='block_1_5' title="bbox 1532 434 1626 479">
    <p class='ocr_par' dir='ltr' id='par_1_5' title="bbox 1532 434 1626 479">
     <span class='ocr_line' id='line_1_6' title="bbox 1532 434 1626 479; baseline -0.021 0"><span class='ocrx_word' id='word_1_25' title='bbox 1532 434 1626 479; x_wconf 87' lang='lat'>690</span> 
     </span>
    </p>
   </div>
   <div class='ocr_carea' id='block_1_6' title="bbox 245 508 1583 876">
    <p class='ocr_par' dir='ltr' id='par_1_6' title="bbox 245 508 1583 876">
     <span class='ocr_line' id='line_1_7' title="bbox 246 508 1416 571; baseline 0.003 -18"><span class='ocrx_word' id='word_1_26' title='bbox 246 508 307 555; x_wconf 92' lang='lat' dir='ltr'>Vi</span> <span class='ocrx_word' id='word_1_27' title='bbox 333 508 456 556; x_wconf 86' lang='lat' dir='ltr'>freta</span> <span class='ocrx_word' id='word_1_28' title='bbox 480 508 725 563; x_wconf 85' lang='lat' dir='ltr'>concutio,</span> <span class='ocrx_word' id='word_1_29' title='bbox 753 508 1039 571; x_wconf 83' lang='lat' dir='ltr'>nodosaque</span> <span class='ocrx_word' id='word_1_30' title='bbox 1065 509 1241 556; x_wconf 90' lang='lat' dir='ltr'>robora</span> <span class='ocrx_word' id='word_1_31' title='bbox 1264 517 1416 565; x_wconf 89' lang='lat' dir='ltr'>verto,</span> 
     </span>
     <span class='ocr_line' id='line_1_8' title="bbox 247 585 1417 649; baseline 0.001 -17"><span class='ocrx_word' id='word_1_32' title='bbox 247 585 533 649; x_wconf 87' lang='lat' dir='ltr'>Induroque</span> <span class='ocrx_word' id='word_1_33' title='bbox 560 586 713 640; x_wconf 84' lang='lat' dir='ltr'>nives,</span> <span class='ocrx_word' id='word_1_34' title='bbox 741 592 791 632; x_wconf 90' lang='lat' dir='ltr'>et</span> <span class='ocrx_word' id='word_1_35' title='bbox 814 592 969 632; x_wconf 90' lang='lat' dir='ltr'>terras</span> <span class='ocrx_word' id='word_1_36' title='bbox 995 585 1232 648; x_wconf 83' lang='lat' dir='ltr'>grandine</span> <span class='ocrx_word' id='word_1_37' title='bbox 1258 586 1417 649; x_wconf 90' lang='lat' dir='ltr'>pulso.</span> 
     </span>
     <span class='ocr_line' id='line_1_9' title="bbox 247 662 1583 728; baseline 0.001 -19"><span class='ocrx_word' id='word_1_38' title='bbox 247 662 388 710; x_wconf 90' lang='lat' dir='ltr'>Idem</span> <span class='ocrx_word' id='word_1_39' title='bbox 414 679 506 725; x_wconf 84' lang='lat' dir='ltr'>ego</span> <span class='ocrx_word' id='word_1_40' title='bbox 532 679 686 726; x_wconf 90' lang='lat' dir='ltr'>quum</span> <span class='ocrx_word' id='word_1_41' title='bbox 711 662 886 710; x_wconf 84' lang='lat' dir='ltr'>fratres</span> <span class='ocrx_word' id='word_1_42' title='bbox 912 664 1036 710; x_wconf 90' lang='lat' dir='ltr'>coelo</span> <span class='ocrx_word' id='word_1_43' title='bbox 1063 679 1171 710; x_wconf 91' lang='lat' dir='ltr'>sum</span> <span class='ocrx_word' id='word_1_44' title='bbox 1197 671 1371 710; x_wconf 89' lang='lat' dir='ltr'>nactus</span> <span class='ocrx_word' id='word_1_45' title='bbox 1397 670 1583 728; x_wconf 87' lang='lat' dir='ltr'>aperto,</span> 
     </span>
     <span class='ocr_line' id='line_1_10' title="bbox 246 739 1572 803; baseline -0.001 -16"><span class='ocrx_word' id='word_1_46' title='bbox 246 739 377 787; x_wconf 93' lang='lat' dir='ltr'>Nam</span> <span class='ocrx_word' id='word_1_47' title='bbox 402 740 521 786; x_wconf 91' lang='lat' dir='ltr'>mihi</span> <span class='ocrx_word' id='word_1_48' title='bbox 545 755 750 803; x_wconf 92' lang='lat' dir='ltr'>campus</span> <span class='ocrx_word' id='word_1_49' title='bbox 776 740 816 786; x_wconf 92' lang='lat' dir='ltr'>is</span> <span class='ocrx_word' id='word_1_50' title='bbox 843 747 935 796; x_wconf 90' lang='lat' dir='ltr'>est,</span> <span class='ocrx_word' id='word_1_51' title='bbox 963 746 1099 787; x_wconf 87' lang='lat' dir='ltr'>tanto</span> <span class='ocrx_word' id='word_1_52' title='bbox 1124 741 1375 788; x_wconf 88' lang='lat' dir='ltr'>molimine</span> <span class='ocrx_word' id='word_1_53' title='bbox 1398 742 1572 795; x_wconf 88' lang='lat' dir='ltr'>luctor,</span> 
     </span>
     <span class='ocr_line' id='line_1_11' title="bbox 245 817 1503 876; baseline 0.001 -12"><span class='ocrx_word' id='word_1_54' title='bbox 245 818 316 864; x_wconf 87' lang='lat' dir='ltr'>Ut</span> <span class='ocrx_word' id='word_1_55' title='bbox 340 817 532 865; x_wconf 91' lang='lat' dir='ltr'>medius</span> <span class='ocrx_word' id='word_1_56' title='bbox 558 817 736 864; x_wconf 85' lang='lat' dir='ltr'>nostris</span> <span class='ocrx_word' id='word_1_57' title='bbox 762 817 1084 864; x_wconf 84' lang='lat' dir='ltr'>concursibus</span> <span class='ocrx_word' id='word_1_58' title='bbox 1110 817 1301 865; x_wconf 85' lang='lat' dir='ltr'>intonet</span> <span class='ocrx_word' id='word_1_59' title='bbox 1325 818 1503 876; x_wconf 83' lang='lat' dir='ltr'>aether3</span> 
     </span>
    </p>
   </div>
   <div class='ocr_carea' id='block_1_7' title="bbox 241 894 1275 958">
    <p class='ocr_par' dir='ltr' id='par_1_7' title="bbox 241 894 1275 958">
     <span class='ocr_line' id='line_1_12' title="bbox 241 894 1275 958; baseline 0.001 -16"><span class='ocrx_word' id='word_1_60' title='bbox 241 895 566 958; x_wconf 81' lang='lat' dir='ltr'>Exiliantque</span> <span class='ocrx_word' id='word_1_61' title='bbox 593 894 726 942; x_wconf 87' lang='lat' dir='ltr'>cavis</span> <span class='ocrx_word' id='word_1_62' title='bbox 748 895 854 942; x_wconf 89' lang='lat' dir='ltr'>elisi</span> <span class='ocrx_word' id='word_1_63' title='bbox 880 895 1093 942; x_wconf 90' lang='lat' dir='ltr'>nubibus</span> <span class='ocrx_word' id='word_1_64' title='bbox 1119 895 1275 958; x_wconf 81' lang='lat' dir='ltr'>ignes.</span> 
     </span>
    </p>
   </div>
   <div class='ocr_carea' id='block_1_8' title="bbox 1530 898 1625 943">
    <p class='ocr_par' dir='ltr' id='par_1_8' title="bbox 1530 898 1625 943">
     <span class='ocr_line' id='line_1_13' title="bbox 1530 898 1625 943; baseline 0 0"><span class='ocrx_word' id='word_1_65' title='bbox 1530 898 1625 943; x_wconf 83' lang='lat'>696</span> 
     </span>
    </p>
   </div>
   <div class='ocr_carea' id='block_1_9' title="bbox 239 971 1607 1337">
    <p class='ocr_par' dir='ltr' id='par_1_9' title="bbox 239 971 1607 1337">
     <span class='ocr_line' id='line_1_14' title="bbox 243 971 1543 1035; baseline -0.002 -15"><span class='ocrx_word' id='word_1_66' title='bbox 243 972 386 1020; x_wconf 89' lang='lat' dir='ltr'>Idem</span> <span class='ocrx_word' id='word_1_67' title='bbox 411 989 519 1035; x_wconf 85' lang='lat' dir='ltr'>ego,</span> <span class='ocrx_word' id='word_1_68' title='bbox 546 987 701 1035; x_wconf 90' lang='lat' dir='ltr'>quum</span> <span class='ocrx_word' id='word_1_69' title='bbox 725 971 853 1018; x_wconf 91' lang='lat' dir='ltr'>subii</span> <span class='ocrx_word' id='word_1_70' title='bbox 878 987 1101 1019; x_wconf 83' lang='lat' dir='ltr'>convexa</span> <span class='ocrx_word' id='word_1_71' title='bbox 1123 972 1362 1020; x_wconf 82' lang='lat' dir='ltr'>foramina</span> <span class='ocrx_word' id='word_1_72' title='bbox 1384 979 1543 1028; x_wconf 77' lang='lat' dir='ltr'>terrae,</span> 
     </span>
     <span class='ocr_line' id='line_1_15' title="bbox 244 1048 1467 1114; baseline -0.002 -16"><span class='ocrx_word' id='word_1_73' title='bbox 244 1050 597 1114; x_wconf 89' lang='lat' dir='ltr'>Supposuique</span> <span class='ocrx_word' id='word_1_74' title='bbox 621 1049 759 1096; x_wconf 87' lang='lat' dir='ltr'>ferox</span> <span class='ocrx_word' id='word_1_75' title='bbox 783 1048 895 1096; x_wconf 90' lang='lat' dir='ltr'>imis</span> <span class='ocrx_word' id='word_1_76' title='bbox 920 1065 1031 1096; x_wconf 89' lang='lat' dir='ltr'>mea</span> <span class='ocrx_word' id='word_1_77' title='bbox 1054 1056 1194 1111; x_wconf 82' lang='lat' dir='ltr'>terga</span> <span class='ocrx_word' id='word_1_78' title='bbox 1218 1050 1467 1107; x_wconf 89' lang='lat' dir='ltr'>cavernis;</span> 
     </span>
     <span class='ocr_line' id='line_1_16' title="bbox 243 1127 1493 1190; baseline 0 -16"><span class='ocrx_word' id='word_1_79' title='bbox 243 1127 465 1175; x_wconf 87' lang='lat' dir='ltr'>Sollicito</span> <span class='ocrx_word' id='word_1_80' title='bbox 489 1143 675 1182; x_wconf 89' lang='lat' dir='ltr'>manes,</span> <span class='ocrx_word' id='word_1_81' title='bbox 703 1133 964 1190; x_wconf 89' lang='lat' dir='ltr'>totumque</span> <span class='ocrx_word' id='word_1_82' title='bbox 988 1128 1283 1174; x_wconf 87' lang='lat' dir='ltr'>tremoribus</span> <span class='ocrx_word' id='word_1_83' title='bbox 1308 1128 1493 1175; x_wconf 89' lang='lat' dir='ltr'>orbem.</span> 
     </span>
     <span class='ocr_line' id='line_1_17' title="bbox 239 1204 1567 1268; baseline -0.002 -16"><span class='ocrx_word' id='word_1_84' title='bbox 239 1204 350 1252; x_wconf 86' lang='lat' dir='ltr'>Hac</span> <span class='ocrx_word' id='word_1_85' title='bbox 375 1221 469 1268; x_wconf 87' lang='lat' dir='ltr'>ope</span> <span class='ocrx_word' id='word_1_86' title='bbox 494 1204 764 1251; x_wconf 89' lang='lat' dir='ltr'>debueram</span> <span class='ocrx_word' id='word_1_87' title='bbox 783 1204 1027 1251; x_wconf 90' lang='lat' dir='ltr'>thalamos</span> <span class='ocrx_word' id='word_1_88' title='bbox 1054 1205 1287 1268; x_wconf 81' lang='lat' dir='ltr'>petiisse3</span> <span class='ocrx_word' id='word_1_89' title='bbox 1329 1219 1567 1268; x_wconf 90' lang='lat' dir='ltr'>socerque</span> 
     </span>
     <span class='ocr_line' id='line_1_18' title="bbox 241 1280 1607 1337; baseline -0.001 -8"><span class='ocrx_word' id='word_1_90' title='bbox 241 1282 356 1329; x_wconf 89' lang='lat' dir='ltr'>Non</span> <span class='ocrx_word' id='word_1_91' title='bbox 374 1282 587 1329; x_wconf 89' lang='lat' dir='ltr'>orandus</span> <span class='ocrx_word' id='word_1_92' title='bbox 613 1288 734 1337; x_wconf 87' lang='lat' dir='ltr'>erat,</span> <span class='ocrx_word' id='word_1_93' title='bbox 762 1281 850 1328; x_wconf 89' lang='lat' dir='ltr'>sed</span> <span class='ocrx_word' id='word_1_94' title='bbox 873 1281 919 1327; x_wconf 90' lang='lat' dir='ltr'>vi</span> <span class='ocrx_word' id='word_1_95' title='bbox 943 1280 1217 1337; x_wconf 86' lang='lat' dir='ltr'>faciendus,</span> <span class='ocrx_word' id='word_1_96' title='bbox 1246 1281 1607 1331; x_wconf 85' lang='lat' dir='ltr'>Erechtheus.&#39;’</span> 
     </span>
    </p>
   </div>
   <div class='ocr_carea' id='block_1_10' title="bbox 239 1356 1455 1422">
    <p class='ocr_par' dir='ltr' id='par_1_10' title="bbox 239 1356 1455 1422">
     <span class='ocr_line' id='line_1_19' title="bbox 239 1356 1455 1422; baseline 0.002 -19"><span class='ocrx_word' id='word_1_97' title='bbox 239 1356 362 1405; x_wconf 85' lang='lat' dir='ltr'>Haec</span> <span class='ocrx_word' id='word_1_98' title='bbox 391 1358 593 1413; x_wconf 81' lang='lat' dir='ltr'>BoreaS,</span> <span class='ocrx_word' id='word_1_99' title='bbox 621 1365 706 1405; x_wconf 90' lang='lat' dir='ltr'>aut</span> <span class='ocrx_word' id='word_1_100' title='bbox 729 1358 804 1405; x_wconf 91' lang='lat' dir='ltr'>his</span> <span class='ocrx_word' id='word_1_101' title='bbox 831 1374 928 1404; x_wconf 92' lang='lat' dir='ltr'>non</span> <span class='ocrx_word' id='word_1_102' title='bbox 952 1357 1180 1405; x_wconf 89' lang='lat' dir='ltr'>inferiora</span> <span class='ocrx_word' id='word_1_103' title='bbox 1203 1359 1455 1422; x_wconf 87' lang='lat' dir='ltr'>loquutus,</span> 
     </span>
    </p>
   </div>
   <div class='ocr_carea' id='block_1_11' title="bbox 1528 1361 1623 1405">
    <p class='ocr_par' dir='ltr' id='par_1_11' title="bbox 1528 1361 1623 1405">
     <span class='ocr_line' id='line_1_20' title="bbox 1528 1361 1623 1405; baseline -0.011 0"><span class='ocrx_word' id='word_1_104' title='bbox 1528 1361 1623 1405; x_wconf 82' lang='lat'>702</span> 
     </span>
    </p>
   </div>
   <div class='ocr_carea' id='block_1_12' title="bbox 245 1435 1450 1500">
    <p class='ocr_par' dir='ltr' id='par_1_12' title="bbox 245 1435 1450 1500">
     <span class='ocr_line' id='line_1_21' title="bbox 245 1435 1450 1500; baseline -0.001 -17"><span class='ocrx_word' id='word_1_105' title='bbox 245 1435 485 1483; x_wconf 84' lang='lat' dir='ltr'>Excussit</span> <span class='ocrx_word' id='word_1_106' title='bbox 507 1452 725 1500; x_wconf 80' lang='lat' dir='ltr'>pennas3</span> <span class='ocrx_word' id='word_1_107' title='bbox 767 1451 976 1498; x_wconf 88' lang='lat' dir='ltr'>quarum</span> <span class='ocrx_word' id='word_1_108' title='bbox 995 1436 1266 1499; x_wconf 88' lang='lat' dir='ltr'>jactatibus</span> <span class='ocrx_word' id='word_1_109' title='bbox 1292 1437 1450 1484; x_wconf 87' lang='lat' dir='ltr'>omnis</span> 
     </span>
    </p>
   </div>
   <div class='ocr_carea' id='block_1_13' title="bbox 238 1585 903 2766">
    <p class='ocr_par' dir='ltr' id='par_1_13' title="bbox 238 1585 903 2766">
     <span class='ocr_line' id='line_1_22' title="bbox 243 1585 900 1628; baseline -0.003 -9"><span class='ocrx_word' id='word_1_110' title='bbox 243 1597 433 1619; x_wconf 87' lang='lat' dir='ltr'>commoveo.</span> <span class='ocrx_word' id='word_1_111' title='bbox 459 1587 588 1623; x_wconf 82' lang='lat' dir='ltr'>Boreas,</span> <span class='ocrx_word' id='word_1_112' title='bbox 599 1585 681 1628; x_wconf 82' lang='grc' dir='ltr'>μέγα</span> <span class='ocrx_word' id='word_1_113' title='bbox 693 1587 778 1627; x_wconf 83' lang='grc' dir='ltr'>κῦμα</span> <span class='ocrx_word' id='word_1_114' title='bbox 790 1586 900 1617; x_wconf 79' lang='grc' dir='ltr'>κυλίν-</span> 
     </span>
     <span class='ocr_line' id='line_1_23' title="bbox 243 1636 902 1677; baseline -0.005 -8"><span class='ocrx_word' id='word_1_115' title='bbox 243 1637 297 1669; x_wconf 81' lang='grc' dir='ltr'><strong><em>δει.</em></strong></span> <span class='ocrx_word' id='word_1_116' title='bbox 344 1638 446 1673; x_wconf 78' lang='lat' dir='ltr'>Pulso,</span> <span class='ocrx_word' id='word_1_117' title='bbox 457 1636 547 1672; x_wconf 80' lang='lat' dir='ltr'>facio,</span> <span class='ocrx_word' id='word_1_118' title='bbox 560 1641 594 1667; x_wconf 89' lang='lat' dir='ltr'>ut</span> <span class='ocrx_word' id='word_1_119' title='bbox 608 1636 726 1677; x_wconf 84' lang='lat' dir='ltr'>grando</span> <span class='ocrx_word' id='word_1_120' title='bbox 742 1636 774 1665; x_wconf 93' lang='lat' dir='ltr'>in</span> <span class='ocrx_word' id='word_1_121' title='bbox 789 1641 902 1666; x_wconf 87' lang='lat' dir='ltr'>terram</span> 
     </span>
     <span class='ocr_line' id='line_1_24' title="bbox 242 1685 903 1719; baseline -0.005 -1"><span class='ocrx_word' id='word_1_122' title='bbox 242 1687 380 1719; x_wconf 81' lang='lat' dir='ltr'>decidat.</span> <span class='ocrx_word' id='word_1_123' title='bbox 424 1686 476 1717; x_wconf 89' lang='lat' dir='ltr'>Sic</span> <span class='ocrx_word' id='word_1_124' title='bbox 496 1685 594 1716; x_wconf 84' lang='lat' dir='ltr'>imber</span> <span class='ocrx_word' id='word_1_125' title='bbox 614 1685 727 1716; x_wconf 84' lang='lat' dir='ltr'>dieitur</span> <span class='ocrx_word' id='word_1_126' title='bbox 748 1687 903 1716; x_wconf 78' lang='lat' dir='ltr'>verberare</span> 
     </span>
     <span class='ocr_line' id='line_1_25' title="bbox 244 1735 900 1775; baseline -0.005 -7"><span class='ocrx_word' id='word_1_127' title='bbox 244 1739 378 1773; x_wconf 82' lang='lat' dir='ltr'>humum,</span> <span class='ocrx_word' id='word_1_128' title='bbox 391 1737 466 1767; x_wconf 85' lang='lat' dir='ltr'>AEn.</span> <span class='ocrx_word' id='word_1_129' title='bbox 480 1735 525 1766; x_wconf 85' lang='lat' dir='ltr'>ix.</span> <span class='ocrx_word' id='word_1_130' title='bbox 540 1736 621 1774; x_wconf 76' lang='lat'>6693</span> <span class='ocrx_word' id='word_1_131' title='bbox 640 1737 900 1775; x_wconf 72' lang='lat' dir='ltr'>verberarejanu-</span> 
     </span>
     <span class='ocr_line' id='line_1_26' title="bbox 244 1784 903 1824; baseline -0.003 -6"><span class='ocrx_word' id='word_1_132' title='bbox 244 1799 304 1824; x_wconf 84' lang='lat' dir='ltr'>am,</span> <span class='ocrx_word' id='word_1_133' title='bbox 318 1786 390 1817; x_wconf 90' lang='lat' dir='ltr'>Tib.</span> <span class='ocrx_word' id='word_1_134' title='bbox 403 1786 429 1816; x_wconf 91' lang='lat' dir='ltr'>I.</span> <span class='ocrx_word' id='word_1_135' title='bbox 447 1785 480 1817; x_wconf 92' lang='lat' dir='ltr'>ii.</span> <span class='ocrx_word' id='word_1_136' title='bbox 496 1786 527 1816; x_wconf 90' lang='lat'>7.</span> <span class='ocrx_word' id='word_1_137' title='bbox 550 1785 698 1816; x_wconf 84' lang='lat' dir='ltr'>Similiter</span> <span class='ocrx_word' id='word_1_138' title='bbox 712 1784 849 1816; x_wconf 81' lang='grc' dir='ltr'>τύπτειν</span> <span class='ocrx_word' id='word_1_139' title='bbox 865 1785 903 1816; x_wconf 85' lang='lat' dir='ltr'>de</span> 
     </span>
     <span class='ocr_line' id='line_1_27' title="bbox 242 1834 903 1871; baseline -0.005 -3"><span class='ocrx_word' id='word_1_140' title='bbox 242 1842 336 1868; x_wconf 85' lang='lat' dir='ltr'>vento</span> <span class='ocrx_word' id='word_1_141' title='bbox 358 1836 523 1871; x_wconf 82' lang='lat' dir='ltr'>Homerus,</span> <span class='ocrx_word' id='word_1_142' title='bbox 538 1835 579 1865; x_wconf 88' lang='lat'>11.</span> <span class='ocrx_word' id='word_1_143' title='bbox 600 1838 640 1866; x_wconf 86' lang='lat' dir='ltr'>A.</span> <span class='ocrx_word' id='word_1_144' title='bbox 661 1836 734 1865; x_wconf 87' lang='lat'>306.</span> <span class='ocrx_word' id='word_1_145' title='bbox 778 1835 839 1865; x_wconf 88' lang='lat' dir='ltr'>Sed</span> <span class='ocrx_word' id='word_1_146' title='bbox 864 1834 903 1865; x_wconf 88' lang='lat' dir='ltr'>de</span> 
     </span>
     <span class='ocr_line' id='line_1_28' title="bbox 241 1883 901 1917; baseline -0.003 0"><span class='ocrx_word' id='word_1_147' title='bbox 241 1887 344 1917; x_wconf 84' lang='lat' dir='ltr'>Borea</span> <span class='ocrx_word' id='word_1_148' title='bbox 366 1884 471 1916; x_wconf 86' lang='lat' dir='ltr'>confer</span> <span class='ocrx_word' id='word_1_149' title='bbox 495 1883 661 1915; x_wconf 86' lang='lat' dir='ltr'>Claudian.</span> <span class='ocrx_word' id='word_1_150' title='bbox 682 1883 724 1914; x_wconf 87' lang='lat' dir='ltr'>R.</span> <span class='ocrx_word' id='word_1_151' title='bbox 744 1884 782 1915; x_wconf 91' lang='lat' dir='ltr'>P.</span> <span class='ocrx_word' id='word_1_152' title='bbox 804 1883 823 1914; x_wconf 92' lang='lat' dir='ltr'>i.</span> <span class='ocrx_word' id='word_1_153' title='bbox 840 1884 901 1915; x_wconf 89' lang='lat'>69:</span> 
     </span>
     <span class='ocr_line' id='line_1_29' title="bbox 245 1934 903 1974; baseline -0.005 -8"><span class='ocrx_word' id='word_1_154' title='bbox 245 1936 378 1966; x_wconf 81' lang='lat' dir='ltr'>Turbine</span> <span class='ocrx_word' id='word_1_155' title='bbox 400 1945 493 1964; x_wconf 76' lang='lat' dir='ltr'>rauco</span> <span class='ocrx_word' id='word_1_156' title='bbox 518 1934 619 1968; x_wconf 77' lang='lat' dir='ltr'>Quum</span> <span class='ocrx_word' id='word_1_157' title='bbox 640 1935 743 1974; x_wconf 79' lang='lat' dir='ltr'>gravis</span> <span class='ocrx_word' id='word_1_158' title='bbox 766 1940 903 1964; x_wconf 78' lang='lat' dir='ltr'>armatur</span> 
     </span>
     <span class='ocr_line' id='line_1_30' title="bbox 244 1983 903 2026; baseline -0.005 -10"><span class='ocrx_word' id='word_1_159' title='bbox 244 1985 367 2020; x_wconf 84' lang='lat' dir='ltr'>Boreas,</span> <span class='ocrx_word' id='word_1_160' title='bbox 390 1985 547 2026; x_wconf 81' lang='lat' dir='ltr'>glacieque</span> <span class='ocrx_word' id='word_1_161' title='bbox 577 1984 673 2013; x_wconf 79' lang='lat' dir='ltr'>nivali</span> <span class='ocrx_word' id='word_1_162' title='bbox 701 1983 847 2022; x_wconf 75' lang='lat' dir='ltr'>Hispirlus</span> <span class='ocrx_word' id='word_1_163' title='bbox 875 1989 903 2013; x_wconf 84' lang='lat' dir='ltr'>et</span> 
     </span>
     <span class='ocr_line' id='line_1_31' title="bbox 245 2032 902 2075; baseline -0.003 -10"><span class='ocrx_word' id='word_1_164' title='bbox 245 2035 351 2066; x_wconf 85' lang='lat' dir='ltr'>Getica</span> <span class='ocrx_word' id='word_1_165' title='bbox 364 2039 517 2064; x_wconf 78' lang='lat' dir='ltr'>concretus</span> <span class='ocrx_word' id='word_1_166' title='bbox 526 2034 677 2075; x_wconf 80' lang='lat' dir='ltr'>grandine</span> <span class='ocrx_word' id='word_1_167' title='bbox 687 2043 800 2071; x_wconf 76' lang='lat' dir='ltr'>pennas</span> <span class='ocrx_word' id='word_1_168' title='bbox 814 2032 902 2063; x_wconf 83' lang='lat' dir='ltr'>Bella</span> 
     </span>
     <span class='ocr_line' id='line_1_32' title="bbox 242 2083 900 2124; baseline -0.005 -9"><span class='ocrx_word' id='word_1_169' title='bbox 242 2086 338 2124; x_wconf 77' lang='lat' dir='ltr'>cupit,</span> <span class='ocrx_word' id='word_1_170' title='bbox 354 2084 488 2124; x_wconf 83' lang='lat' dir='ltr'>pelagus,</span> <span class='ocrx_word' id='word_1_171' title='bbox 503 2083 601 2118; x_wconf 78' lang='lat' dir='ltr'>silvas,</span> <span class='ocrx_word' id='word_1_172' title='bbox 617 2092 786 2122; x_wconf 74' lang='lat' dir='ltr'>camposque</span> <span class='ocrx_word' id='word_1_173' title='bbox 801 2093 900 2112; x_wconf 83' lang='lat' dir='ltr'>sonoro</span> 
     </span>
     <span class='ocr_line' id='line_1_33' title="bbox 243 2131 900 2172; baseline -0.005 -8"><span class='ocrx_word' id='word_1_174' title='bbox 243 2134 380 2165; x_wconf 75' lang='lat' dir='ltr'>Flumine</span> <span class='ocrx_word' id='word_1_175' title='bbox 412 2139 568 2172; x_wconf 73' lang='lat' dir='ltr'>rapturus.</span> <span class='ocrx_word' id='word_1_176' title='bbox 615 2131 728 2162; x_wconf 79' lang='lat' dir='ltr'>Coelmn</span> <span class='ocrx_word' id='word_1_177' title='bbox 763 2138 900 2170; x_wconf 79' lang='lat' dir='ltr'>apertum</span> 
     </span>
     <span class='ocr_line' id='line_1_34' title="bbox 243 2180 897 2224; baseline -0.008 -9"><span class='ocrx_word' id='word_1_178' title='bbox 243 2183 320 2215; x_wconf 85' lang='lat' dir='ltr'>alias</span> <span class='ocrx_word' id='word_1_179' title='bbox 335 2188 381 2213; x_wconf 78' lang='lat' dir='ltr'>est</span> <span class='ocrx_word' id='word_1_180' title='bbox 399 2192 521 2224; x_wconf 87' lang='lat' dir='ltr'>purum,</span> <span class='ocrx_word' id='word_1_181' title='bbox 537 2192 598 2212; x_wconf 91' lang='lat' dir='ltr'>non</span> <span class='ocrx_word' id='word_1_182' title='bbox 622 2181 792 2211; x_wconf 89' lang='lat' dir='ltr'>obductum</span> <span class='ocrx_word' id='word_1_183' title='bbox 807 2180 897 2211; x_wconf 86' lang='lat' dir='ltr'>nubi-</span> 
     </span>
     <span class='ocr_line' id='line_1_35' title="bbox 241 2230 897 2271; baseline -0.005 -8"><span class='ocrx_word' id='word_1_184' title='bbox 241 2233 313 2269; x_wconf 91' lang='lat' dir='ltr'>bus,</span> <span class='ocrx_word' id='word_1_185' title='bbox 328 2231 382 2263; x_wconf 89' lang='lat' dir='ltr'>sed</span> <span class='ocrx_word' id='word_1_186' title='bbox 398 2231 428 2261; x_wconf 86' lang='lat' dir='ltr'>h.</span> <span class='ocrx_word' id='word_1_187' title='bbox 444 2232 465 2262; x_wconf 95' lang='lat'>1.</span> <span class='ocrx_word' id='word_1_188' title='bbox 481 2230 535 2261; x_wconf 90' lang='lat' dir='ltr'>ubi</span> <span class='ocrx_word' id='word_1_189' title='bbox 551 2230 595 2261; x_wconf 90' lang='lat' dir='ltr'>nil</span> <span class='ocrx_word' id='word_1_190' title='bbox 610 2235 745 2261; x_wconf 85' lang='lat' dir='ltr'>moratur</span> <span class='ocrx_word' id='word_1_191' title='bbox 760 2230 827 2271; x_wconf 87' lang='lat' dir='ltr'>ejus</span> <span class='ocrx_word' id='word_1_192' title='bbox 841 2230 897 2261; x_wconf 89' lang='lat' dir='ltr'>im-</span> 
     </span>
     <span class='ocr_line' id='line_1_36' title="bbox 241 2279 898 2323; baseline -0.003 -10"><span class='ocrx_word' id='word_1_193' title='bbox 241 2287 360 2323; x_wconf 82' lang='lat' dir='ltr'>petum,</span> <span class='ocrx_word' id='word_1_194' title='bbox 376 2281 419 2310; x_wconf 91' lang='lat' dir='ltr'>nil</span> <span class='ocrx_word' id='word_1_195' title='bbox 441 2280 554 2321; x_wconf 80' lang='lat' dir='ltr'>frangit</span> <span class='ocrx_word' id='word_1_196' title='bbox 576 2280 642 2321; x_wconf 82' lang='lat' dir='ltr'>ejus</span> <span class='ocrx_word' id='word_1_197' title='bbox 657 2279 731 2310; x_wconf 88' lang='lat' dir='ltr'>vim.</span> <span class='ocrx_word' id='word_1_198' title='bbox 776 2280 898 2322; x_wconf 87' lang='lat' dir='ltr'>Nempe</span> 
     </span>
     <span class='ocr_line' id='line_1_37' title="bbox 238 2329 898 2371; baseline -0.002 -10"><span class='ocrx_word' id='word_1_199' title='bbox 238 2337 359 2371; x_wconf 84' lang='lat' dir='ltr'>apertus</span> <span class='ocrx_word' id='word_1_200' title='bbox 373 2330 498 2361; x_wconf 86' lang='lat' dir='ltr'>solenne</span> <span class='ocrx_word' id='word_1_201' title='bbox 513 2329 673 2371; x_wconf 85' lang='lat' dir='ltr'>epitheton</span> <span class='ocrx_word' id='word_1_202' title='bbox 683 2329 796 2371; x_wconf 87' lang='lat' dir='ltr'>campi.</span> <span class='ocrx_word' id='word_1_203' title='bbox 825 2329 898 2360; x_wconf 84' lang='lat' dir='ltr'>Coe-</span> 
     </span>
     <span class='ocr_line' id='line_1_38' title="bbox 241 2378 899 2420; baseline -0.002 -9"><span class='ocrx_word' id='word_1_204' title='bbox 241 2381 307 2411; x_wconf 91' lang='lat' dir='ltr'>lum</span> <span class='ocrx_word' id='word_1_205' title='bbox 331 2385 434 2410; x_wconf 86' lang='lat' dir='ltr'>autem</span> <span class='ocrx_word' id='word_1_206' title='bbox 458 2385 506 2409; x_wconf 88' lang='lat' dir='ltr'>est</span> <span class='ocrx_word' id='word_1_207' title='bbox 531 2389 668 2420; x_wconf 86' lang='lat' dir='ltr'>campus,</span> <span class='ocrx_word' id='word_1_208' title='bbox 684 2378 716 2408; x_wconf 91' lang='lat' dir='ltr'>in</span> <span class='ocrx_word' id='word_1_209' title='bbox 739 2389 800 2420; x_wconf 89' lang='lat' dir='ltr'>quo</span> <span class='ocrx_word' id='word_1_210' title='bbox 814 2379 899 2410; x_wconf 89' lang='lat' dir='ltr'>venti</span> 
     </span>
     <span class='ocr_line' id='line_1_39' title="bbox 240 2427 898 2472; baseline 0 -13"><span class='ocrx_word' id='word_1_211' title='bbox 240 2434 392 2472; x_wconf 83' lang='lat' dir='ltr'>pugnant.</span> <span class='ocrx_word' id='word_1_212' title='bbox 437 2428 525 2469; x_wconf 86' lang='lat' dir='ltr'>Virg.</span> <span class='ocrx_word' id='word_1_213' title='bbox 554 2428 670 2468; x_wconf 84' lang='lat' dir='ltr'>Georg.</span> <span class='ocrx_word' id='word_1_214' title='bbox 698 2427 738 2458; x_wconf 92' lang='lat' dir='ltr'>iv.</span> <span class='ocrx_word' id='word_1_215' title='bbox 769 2428 822 2458; x_wconf 90' lang='lat'>77.</span> <span class='ocrx_word' id='word_1_216' title='bbox 859 2429 898 2459; x_wconf 90' lang='lat' dir='ltr'>de</span> 
     </span>
     <span class='ocr_line' id='line_1_40' title="bbox 241 2478 898 2522; baseline -0.002 -12"><span class='ocrx_word' id='word_1_217' title='bbox 241 2479 352 2522; x_wconf 85' lang='lat' dir='ltr'>apibus</span> <span class='ocrx_word' id='word_1_218' title='bbox 381 2478 603 2520; x_wconf 80' lang='lat' dir='ltr'>praeliantibus,</span> <span class='ocrx_word' id='word_1_219' title='bbox 632 2480 683 2509; x_wconf 74' lang='lat' dir='ltr'>nbi</span> <span class='ocrx_word' id='word_1_220' title='bbox 720 2489 770 2508; x_wconf 78' lang='lat' dir='ltr'>rer</span> <span class='ocrx_word' id='word_1_221' title='bbox 798 2485 898 2509; x_wconf 78' lang='lat' dir='ltr'>nactae</span> 
     </span>
     <span class='ocr_line' id='line_1_41' title="bbox 240 2531 898 2570; baseline 0 -10"><span class='ocrx_word' id='word_1_222' title='bbox 240 2531 349 2560; x_wconf 76' lang='lat' dir='ltr'>sudum</span> <span class='ocrx_word' id='word_1_223' title='bbox 369 2539 536 2569; x_wconf 75' lang='lat' dir='ltr'>camposque</span> <span class='ocrx_word' id='word_1_224' title='bbox 555 2535 700 2568; x_wconf 80' lang='lat' dir='ltr'>patentes,</span> <span class='ocrx_word' id='word_1_225' title='bbox 716 2538 817 2559; x_wconf 86' lang='lat' dir='ltr'>aerem</span> <span class='ocrx_word' id='word_1_226' title='bbox 841 2540 898 2570; x_wconf 88' lang='lat' dir='ltr'>pu-</span> 
     </span>
     <span class='ocr_line' id='line_1_42' title="bbox 239 2577 898 2619; baseline -0.003 -9"><span class='ocrx_word' id='word_1_227' title='bbox 239 2589 307 2610; x_wconf 90' lang='lat' dir='ltr'>rum</span> <span class='ocrx_word' id='word_1_228' title='bbox 330 2584 466 2619; x_wconf 83' lang='lat' dir='ltr'>ternpore</span> <span class='ocrx_word' id='word_1_229' title='bbox 488 2588 592 2608; x_wconf 91' lang='lat' dir='ltr'>verno.</span> <span class='ocrx_word' id='word_1_230' title='bbox 638 2577 718 2608; x_wconf 85' lang='lat' dir='ltr'>Cum</span> <span class='ocrx_word' id='word_1_231' title='bbox 741 2578 898 2619; x_wconf 86' lang='lat' dir='ltr'>sequenti-</span> 
     </span>
     <span class='ocr_line' id='line_1_43' title="bbox 240 2626 897 2668; baseline -0.002 -10"><span class='ocrx_word' id='word_1_232' title='bbox 240 2629 300 2658; x_wconf 91' lang='lat' dir='ltr'>bus</span> <span class='ocrx_word' id='word_1_233' title='bbox 334 2626 440 2658; x_wconf 87' lang='lat' dir='ltr'>confer</span> <span class='ocrx_word' id='word_1_234' title='bbox 466 2626 509 2657; x_wconf 84' lang='lat' dir='ltr'>xi.</span> <span class='ocrx_word' id='word_1_235' title='bbox 537 2627 611 2657; x_wconf 86' lang='lat'>435.</span> <span class='ocrx_word' id='word_1_236' title='bbox 638 2626 744 2668; x_wconf 88' lang='lat' dir='ltr'>ibique</span> <span class='ocrx_word' id='word_1_237' title='bbox 780 2632 897 2658; x_wconf 87' lang='lat' dir='ltr'>notam.</span> 
     </span>
     <span class='ocr_line' id='line_1_44' title="bbox 244 2676 898 2718; baseline 0 -11"><span class='ocrx_word' id='word_1_238' title='bbox 244 2677 452 2712; x_wconf 76' lang='lat' dir='ltr'>concursibus,</span> <span class='ocrx_word' id='word_1_239' title='bbox 485 2676 610 2718; x_wconf 77' lang='lat' dir='ltr'>praeliiS,</span> <span class='ocrx_word' id='word_1_240' title='bbox 643 2686 713 2717; x_wconf 88' lang='lat' dir='ltr'>quae</span> <span class='ocrx_word' id='word_1_241' title='bbox 741 2676 787 2707; x_wconf 86' lang='lat' dir='ltr'>vis</span> <span class='ocrx_word' id='word_1_242' title='bbox 813 2676 898 2707; x_wconf 85' lang='lat' dir='ltr'>verbi</span> 
     </span>
     <span class='ocr_line' id='line_1_45' title="bbox 241 2725 898 2766; baseline 0 -10"><span class='ocrx_word' id='word_1_243' title='bbox 241 2736 416 2756; x_wconf 81' lang='lat' dir='ltr'>concurrere</span> <span class='ocrx_word' id='word_1_244' title='bbox 437 2730 509 2755; x_wconf 86' lang='lat' dir='ltr'>nota</span> <span class='ocrx_word' id='word_1_245' title='bbox 523 2730 580 2755; x_wconf 86' lang='lat' dir='ltr'>est.</span> <span class='ocrx_word' id='word_1_246' title='bbox 625 2725 675 2756; x_wconf 88' lang='lat' dir='ltr'>De</span> <span class='ocrx_word' id='word_1_247' title='bbox 697 2727 817 2766; x_wconf 75' lang='lat' dir='ltr'>ignibus</span> <span class='ocrx_word' id='word_1_248' title='bbox 837 2725 898 2756; x_wconf 92' lang='lat' dir='ltr'>illis</span> 
     </span>
    </p>
   </div>
   <div class='ocr_carea' id='block_1_14' title="bbox 963 1585 1630 2763">
    <p class='ocr_par' dir='ltr' id='par_1_14' title="bbox 966 1585 1630 2211">
     <span class='ocr_line' id='line_1_46' title="bbox 970 1585 1628 1629; baseline 0 -13"><span class='ocrx_word' id='word_1_249' title='bbox 970 1585 1031 1617; x_wconf 91' lang='lat' dir='ltr'>vid.</span> <span class='ocrx_word' id='word_1_250' title='bbox 1047 1587 1220 1623; x_wconf 89' lang='lat' dir='ltr'>Lucretius,</span> <span class='ocrx_word' id='word_1_251' title='bbox 1238 1587 1278 1618; x_wconf 88' lang='lat' dir='ltr'>vi.</span> <span class='ocrx_word' id='word_1_252' title='bbox 1295 1588 1354 1619; x_wconf 89' lang='lat'>199</span> <span class='ocrx_word' id='word_1_253' title='bbox 1378 1598 1450 1629; x_wconf 88' lang='lat' dir='ltr'>sqq.</span> <span class='ocrx_word' id='word_1_254' title='bbox 1471 1593 1628 1627; x_wconf 82' lang='lat' dir='ltr'>rotantque</span> 
     </span>
     <span class='ocr_line' id='line_1_47' title="bbox 969 1636 1629 1678; baseline 0 -12"><span class='ocrx_word' id='word_1_255' title='bbox 969 1637 1210 1678; x_wconf 77' lang='lat' dir='ltr'>cavisflammam</span> <span class='ocrx_word' id='word_1_256' title='bbox 1221 1637 1404 1678; x_wconf 78' lang='lat' dir='ltr'>fornacibus</span> <span class='ocrx_word' id='word_1_257' title='bbox 1419 1639 1511 1672; x_wconf 84' lang='lat' dir='ltr'>intus,</span> <span class='ocrx_word' id='word_1_258' title='bbox 1528 1636 1629 1666; x_wconf 85' lang='lat' dir='ltr'>Donec</span> 
     </span>
     <span class='ocr_line' id='line_1_48' title="bbox 969 1685 1628 1728; baseline 0 -12"><span class='ocrx_word' id='word_1_259' title='bbox 969 1687 1249 1728; x_wconf 70' lang='lat' dir='ltr'>divolsafidserunt</span> <span class='ocrx_word' id='word_1_260' title='bbox 1269 1687 1345 1716; x_wconf 80' lang='lat' dir='ltr'>nube</span> <span class='ocrx_word' id='word_1_261' title='bbox 1365 1689 1490 1717; x_wconf 79' lang='lat' dir='ltr'>corusci.</span> <span class='ocrx_word' id='word_1_262' title='bbox 1534 1685 1628 1717; x_wconf 84' lang='lat' dir='ltr'>Adde</span> 
     </span>
     <span class='ocr_line' id='line_1_49' title="bbox 970 1735 1630 1766; baseline 0.002 -1"><span class='ocrx_word' id='word_1_263' title='bbox 970 1735 1050 1766; x_wconf 90' lang='lat' dir='ltr'>Plin.</span> <span class='ocrx_word' id='word_1_264' title='bbox 1062 1735 1094 1766; x_wconf 90' lang='lat' dir='ltr'>ii.</span> <span class='ocrx_word' id='word_1_265' title='bbox 1106 1736 1146 1766; x_wconf 87' lang='grc'>48</span> <span class='ocrx_word' id='word_1_266' title='bbox 1159 1741 1190 1766; x_wconf 89' lang='lat' dir='ltr'>et</span> <span class='ocrx_word' id='word_1_267' title='bbox 1206 1736 1258 1766; x_wconf 81' lang='lat'>49.</span> <span class='ocrx_word' id='word_1_268' title='bbox 1304 1735 1408 1766; x_wconf 86' lang='lat' dir='ltr'>Etiam</span> <span class='ocrx_word' id='word_1_269' title='bbox 1423 1741 1510 1766; x_wconf 87' lang='lat' dir='ltr'>terrae</span> <span class='ocrx_word' id='word_1_270' title='bbox 1527 1740 1630 1766; x_wconf 85' lang='lat' dir='ltr'>motus</span> 
     </span>
     <span class='ocr_line' id='line_1_50' title="bbox 969 1784 1628 1826; baseline 0 -12"><span class='ocrx_word' id='word_1_271' title='bbox 969 1784 1094 1826; x_wconf 90' lang='lat' dir='ltr'>plurimi</span> <span class='ocrx_word' id='word_1_272' title='bbox 1123 1786 1272 1816; x_wconf 84' lang='lat' dir='ltr'>Veterum</span> <span class='ocrx_word' id='word_1_273' title='bbox 1301 1785 1402 1815; x_wconf 83' lang='lat' dir='ltr'>ventis</span> <span class='ocrx_word' id='word_1_274' title='bbox 1438 1784 1628 1815; x_wconf 82' lang='lat' dir='ltr'>tribuebant.</span> 
     </span>
     <span class='ocr_line' id='line_1_51' title="bbox 970 1833 1627 1871; baseline 0.002 -7"><span class='ocrx_word' id='word_1_275' title='bbox 970 1834 1144 1870; x_wconf 78' lang='lat' dir='ltr'>Lucretius,</span> <span class='ocrx_word' id='word_1_276' title='bbox 1155 1833 1186 1864; x_wconf 86' lang='lat' dir='ltr'>vi</span> <span class='ocrx_word' id='word_1_277' title='bbox 1201 1834 1264 1865; x_wconf 90' lang='lat'>556</span> <span class='ocrx_word' id='word_1_278' title='bbox 1279 1846 1284 1863; x_wconf 92' lang='lat'>:</span> <span class='ocrx_word' id='word_1_279' title='bbox 1310 1834 1421 1865; x_wconf 89' lang='lat' dir='ltr'>Senec.</span> <span class='ocrx_word' id='word_1_280' title='bbox 1432 1833 1474 1864; x_wconf 89' lang='lat' dir='ltr'>N.</span> <span class='ocrx_word' id='word_1_281' title='bbox 1486 1835 1526 1871; x_wconf 89' lang='lat' dir='ltr'>Q.</span> <span class='ocrx_word' id='word_1_282' title='bbox 1538 1833 1579 1864; x_wconf 91' lang='lat' dir='ltr'>vi.</span> <span class='ocrx_word' id='word_1_283' title='bbox 1595 1834 1627 1865; x_wconf 92' lang='lat'>3.</span> 
     </span>
     <span class='ocr_line' id='line_1_52' title="bbox 972 1883 1629 1925; baseline 0.002 -12"><span class='ocrx_word' id='word_1_284' title='bbox 972 1884 1106 1914; x_wconf 66' lang='lat' dir='ltr'>Converti</span> <span class='ocrx_word' id='word_1_285' title='bbox 1123 1884 1284 1925; x_wconf 76' lang='lat' dir='ltr'>jbramina</span> <span class='ocrx_word' id='word_1_286' title='bbox 1312 1889 1429 1919; x_wconf 87' lang='lat' dir='ltr'>ornate,</span> <span class='ocrx_word' id='word_1_287' title='bbox 1453 1883 1629 1925; x_wconf 77' lang='lat' dir='ltr'>speluncas,</span> 
     </span>
     <span class='ocr_line' id='line_1_53' title="bbox 969 1932 1628 1975; baseline 0 -12"><span class='ocrx_word' id='word_1_288' title='bbox 969 1934 1114 1973; x_wconf 76' lang='lat' dir='ltr'>Supposui</span> <span class='ocrx_word' id='word_1_289' title='bbox 1135 1945 1198 1964; x_wconf 78' lang='lat' dir='ltr'>mea</span> <span class='ocrx_word' id='word_1_290' title='bbox 1222 1941 1307 1975; x_wconf 84' lang='lat' dir='ltr'>terga</span> <span class='ocrx_word' id='word_1_291' title='bbox 1330 1933 1521 1974; x_wconf 86' lang='lat' dir='ltr'>gravissime,</span> <span class='ocrx_word' id='word_1_292' title='bbox 1534 1932 1628 1974; x_wconf 88' lang='lat' dir='ltr'>spiro.</span> 
     </span>
     <span class='ocr_line' id='line_1_54' title="bbox 969 1981 1628 2019; baseline -0.002 -6"><span class='ocrx_word' id='word_1_293' title='bbox 969 1982 1159 2013; x_wconf 81' lang='lat' dir='ltr'>Gravissime</span> <span class='ocrx_word' id='word_1_294' title='bbox 1187 1982 1281 2014; x_wconf 85' lang='lat' dir='ltr'>etiam</span> <span class='ocrx_word' id='word_1_295' title='bbox 1317 1983 1461 2019; x_wconf 77' lang='lat' dir='ltr'>Sollicito,</span> <span class='ocrx_word' id='word_1_296' title='bbox 1490 1988 1550 2013; x_wconf 89' lang='lat' dir='ltr'>etc.</span> <span class='ocrx_word' id='word_1_297' title='bbox 1578 1981 1628 2012; x_wconf 85' lang='lat' dir='ltr'>vel</span> 
     </span>
     <span class='ocr_line' id='line_1_55' title="bbox 968 2031 1629 2074; baseline -0.002 -12"><span class='ocrx_word' id='word_1_298' title='bbox 968 2038 1053 2063; x_wconf 89' lang='lat' dir='ltr'>metu</span> <span class='ocrx_word' id='word_1_299' title='bbox 1082 2032 1211 2074; x_wconf 86' lang='lat' dir='ltr'>impello</span> <span class='ocrx_word' id='word_1_300' title='bbox 1242 2032 1424 2063; x_wconf 84' lang='lat' dir='ltr'>tremoribus</span> <span class='ocrx_word' id='word_1_301' title='bbox 1456 2031 1570 2062; x_wconf 83' lang='lat' dir='ltr'>inferos</span> <span class='ocrx_word' id='word_1_302' title='bbox 1597 2036 1629 2061; x_wconf 86' lang='lat' dir='ltr'>et</span> 
     </span>
     <span class='ocr_line' id='line_1_56' title="bbox 968 2081 1626 2123; baseline -0.003 -12"><span class='ocrx_word' id='word_1_303' title='bbox 968 2091 1103 2123; x_wconf 89' lang='lat' dir='ltr'>superos,</span> <span class='ocrx_word' id='word_1_304' title='bbox 1127 2081 1177 2111; x_wconf 89' lang='lat' dir='ltr'>vel</span> <span class='ocrx_word' id='word_1_305' title='bbox 1201 2081 1344 2112; x_wconf 90' lang='lat' dir='ltr'>concutio</span> <span class='ocrx_word' id='word_1_306' title='bbox 1370 2081 1571 2111; x_wconf 80' lang='lat' dir='ltr'>subterranea</span> <span class='ocrx_word' id='word_1_307' title='bbox 1595 2085 1626 2110; x_wconf 87' lang='lat' dir='ltr'>et</span> 
     </span>
     <span class='ocr_line' id='line_1_57' title="bbox 966 2128 1623 2172; baseline -0.002 -12"><span class='ocrx_word' id='word_1_308' title='bbox 966 2141 1097 2172; x_wconf 78' lang='lat' dir='ltr'>supera3</span> <span class='ocrx_word' id='word_1_309' title='bbox 1125 2136 1286 2171; x_wconf 83' lang='lat' dir='ltr'>utramque</span> <span class='ocrx_word' id='word_1_310' title='bbox 1311 2130 1397 2161; x_wconf 85' lang='lat' dir='ltr'>enim</span> <span class='ocrx_word' id='word_1_311' title='bbox 1422 2128 1623 2171; x_wconf 85' lang='lat' dir='ltr'>significatio-</span> 
     </span>
     <span class='ocr_line' id='line_1_58' title="bbox 967 2180 1360 2211; baseline 0 -1"><span class='ocrx_word' id='word_1_312' title='bbox 967 2189 1036 2210; x_wconf 86' lang='lat' dir='ltr'>nem</span> <span class='ocrx_word' id='word_1_313' title='bbox 1052 2180 1148 2210; x_wconf 84' lang='lat' dir='ltr'>habet</span> <span class='ocrx_word' id='word_1_314' title='bbox 1160 2181 1195 2211; x_wconf 88' lang='grc' dir='ltr'>τὸ</span> <span class='ocrx_word' id='word_1_315' title='bbox 1212 2180 1360 2210; x_wconf 75' lang='lat' dir='ltr'>Sollicito.</span> 
     </span>
    </p>

    <p class='ocr_par' dir='ltr' id='par_1_15' title="bbox 963 2229 1628 2763">
     <span class='ocr_line' id='line_1_59' title="bbox 1009 2229 1624 2271; baseline -0.003 -11"><span class='ocrx_word' id='word_1_316' title='bbox 1009 2231 1082 2260; x_wconf 89' lang='lat'>703.</span> <span class='ocrx_word' id='word_1_317' title='bbox 1094 2230 1241 2266; x_wconf 72' lang='lat' dir='ltr'>Excussit,</span> <span class='ocrx_word' id='word_1_318' title='bbox 1251 2230 1392 2271; x_wconf 84' lang='lat' dir='ltr'>jactavit.</span> <span class='ocrx_word' id='word_1_319' title='bbox 1404 2229 1511 2260; x_wconf 86' lang='lat' dir='ltr'>movit.</span> <span class='ocrx_word' id='word_1_320' title='bbox 1535 2229 1624 2259; x_wconf 87' lang='lat' dir='ltr'>Mare</span> 
     </span>
     <span class='ocr_line' id='line_1_60' title="bbox 963 2280 1626 2321; baseline -0.002 -12"><span class='ocrx_word' id='word_1_321' title='bbox 963 2280 1171 2320; x_wconf 75' lang='lat' dir='ltr'>perhorrescit,</span> <span class='ocrx_word' id='word_1_322' title='bbox 1206 2290 1302 2321; x_wconf 87' lang='lat' dir='ltr'>quum</span> <span class='ocrx_word' id='word_1_323' title='bbox 1337 2284 1558 2314; x_wconf 86' lang='lat' dir='ltr'>commovetur,</span> <span class='ocrx_word' id='word_1_324' title='bbox 1590 2284 1626 2309; x_wconf 83' lang='lat' dir='ltr'>ut</span> 
     </span>
     <span class='ocr_line' id='line_1_61' title="bbox 966 2326 1628 2370; baseline -0.003 -11"><span class='ocrx_word' id='word_1_325' title='bbox 966 2329 1078 2359; x_wconf 86' lang='lat' dir='ltr'>fluctus</span> <span class='ocrx_word' id='word_1_326' title='bbox 1117 2329 1199 2359; x_wconf 89' lang='lat' dir='ltr'>edat.</span> <span class='ocrx_word' id='word_1_327' title='bbox 1253 2328 1400 2370; x_wconf 84' lang='lat' dir='ltr'>Sequitur</span> <span class='ocrx_word' id='word_1_328' title='bbox 1436 2326 1628 2358; x_wconf 84' lang='lat' dir='ltr'>admirabilis</span> 
     </span>
     <span class='ocr_line' id='line_1_62' title="bbox 967 2376 1623 2420; baseline -0.005 -12"><span class='ocrx_word' id='word_1_329' title='bbox 967 2377 1143 2420; x_wconf 77' lang='lat' dir='ltr'>phantasia.</span> <span class='ocrx_word' id='word_1_330' title='bbox 1188 2377 1305 2412; x_wconf 86' lang='lat' dir='ltr'>Pulvis,</span> <span class='ocrx_word' id='word_1_331' title='bbox 1325 2387 1416 2418; x_wconf 86' lang='lat' dir='ltr'>quern</span> <span class='ocrx_word' id='word_1_332' title='bbox 1439 2382 1542 2406; x_wconf 89' lang='lat' dir='ltr'>movet</span> <span class='ocrx_word' id='word_1_333' title='bbox 1562 2376 1623 2405; x_wconf 93' lang='lat' dir='ltr'>Bo-</span> 
     </span>
     <span class='ocr_line' id='line_1_63' title="bbox 966 2425 1623 2468; baseline -0.005 -11"><span class='ocrx_word' id='word_1_334' title='bbox 966 2437 1043 2462; x_wconf 87' lang='lat' dir='ltr'>reas,</span> <span class='ocrx_word' id='word_1_335' title='bbox 1069 2433 1116 2457; x_wconf 89' lang='lat' dir='ltr'>est</span> <span class='ocrx_word' id='word_1_336' title='bbox 1139 2427 1206 2468; x_wconf 85' lang='lat' dir='ltr'>ejus</span> <span class='ocrx_word' id='word_1_337' title='bbox 1224 2427 1319 2466; x_wconf 80' lang='lat' dir='ltr'>palla,</span> <span class='ocrx_word' id='word_1_338' title='bbox 1339 2435 1432 2467; x_wconf 89' lang='lat' dir='ltr'>quam</span> <span class='ocrx_word' id='word_1_339' title='bbox 1458 2425 1564 2459; x_wconf 80' lang='lat' dir='ltr'>trahit,</span> <span class='ocrx_word' id='word_1_340' title='bbox 1589 2430 1623 2454; x_wconf 86' lang='lat' dir='ltr'>ut</span> 
     </span>
     <span class='ocr_line' id='line_1_64' title="bbox 966 2474 1624 2518; baseline -0.005 -11"><span class='ocrx_word' id='word_1_341' title='bbox 966 2475 1046 2507; x_wconf 87' lang='lat' dir='ltr'>solet</span> <span class='ocrx_word' id='word_1_342' title='bbox 1059 2487 1162 2518; x_wconf 87' lang='lat' dir='ltr'>syrma</span> <span class='ocrx_word' id='word_1_343' title='bbox 1177 2476 1271 2506; x_wconf 83' lang='lat' dir='ltr'>vestis</span> <span class='ocrx_word' id='word_1_344' title='bbox 1287 2475 1377 2506; x_wconf 86' lang='lat' dir='ltr'>trahi.</span> <span class='ocrx_word' id='word_1_345' title='bbox 1424 2474 1548 2504; x_wconf 73' lang='lat' dir='ltr'>Ver-rere</span> <span class='ocrx_word' id='word_1_346' title='bbox 1563 2480 1624 2504; x_wconf 88' lang='lat' dir='ltr'>ter-</span> 
     </span>
     <span class='ocr_line' id='line_1_65' title="bbox 965 2522 1625 2566; baseline -0.003 -10"><span class='ocrx_word' id='word_1_347' title='bbox 965 2536 1029 2556; x_wconf 74' lang='lat' dir='ltr'>rani</span> <span class='ocrx_word' id='word_1_348' title='bbox 1045 2532 1076 2556; x_wconf 87' lang='lat' dir='ltr'>et</span> <span class='ocrx_word' id='word_1_349' title='bbox 1089 2536 1184 2561; x_wconf 83' lang='lat' dir='ltr'>mare,</span> <span class='ocrx_word' id='word_1_350' title='bbox 1201 2525 1326 2555; x_wconf 87' lang='lat' dir='ltr'>solenne</span> <span class='ocrx_word' id='word_1_351' title='bbox 1346 2523 1447 2566; x_wconf 83' lang='lat' dir='ltr'>poetis</span> <span class='ocrx_word' id='word_1_352' title='bbox 1469 2523 1508 2553; x_wconf 91' lang='lat' dir='ltr'>de</span> <span class='ocrx_word' id='word_1_353' title='bbox 1524 2522 1625 2554; x_wconf 88' lang='lat' dir='ltr'>ventis</span> 
     </span>
     <span class='ocr_line' id='line_1_66' title="bbox 965 2571 1623 2617; baseline -0.009 -11"><span class='ocrx_word' id='word_1_354' title='bbox 965 2575 1091 2617; x_wconf 87' lang='lat' dir='ltr'>rapidis,</span> <span class='ocrx_word' id='word_1_355' title='bbox 1115 2574 1308 2617; x_wconf 84' lang='lat' dir='ltr'>superficiem</span> <span class='ocrx_word' id='word_1_356' title='bbox 1335 2580 1422 2604; x_wconf 79' lang='lat' dir='ltr'>terrae</span> <span class='ocrx_word' id='word_1_357' title='bbox 1446 2571 1623 2612; x_wconf 79' lang='lat' dir='ltr'>stringenti-</span> 
     </span>
     <span class='ocr_line' id='line_1_67' title="bbox 965 2620 1623 2666; baseline -0.009 -10"><span class='ocrx_word' id='word_1_358' title='bbox 965 2625 1034 2662; x_wconf 83' lang='lat' dir='ltr'>bus,</span> <span class='ocrx_word' id='word_1_359' title='bbox 1042 2625 1170 2666; x_wconf 86' lang='lat' dir='ltr'>ejusque</span> <span class='ocrx_word' id='word_1_360' title='bbox 1182 2624 1342 2666; x_wconf 87' lang='lat' dir='ltr'>pulverem</span> <span class='ocrx_word' id='word_1_361' title='bbox 1353 2631 1460 2653; x_wconf 87' lang='lat' dir='ltr'>secum</span> <span class='ocrx_word' id='word_1_362' title='bbox 1471 2620 1623 2652; x_wconf 83' lang='lat' dir='ltr'>auferenti</span> 
     </span>
     <span class='ocr_line' id='line_1_68' title="bbox 964 2669 1624 2709; baseline -0.011 -4"><span class='ocrx_word' id='word_1_363' title='bbox 964 2674 1034 2705; x_wconf 90' lang='lat' dir='ltr'>bus.</span> <span class='ocrx_word' id='word_1_364' title='bbox 1062 2673 1235 2708; x_wconf 82' lang='lat' dir='ltr'>Lucretius,</span> <span class='ocrx_word' id='word_1_365' title='bbox 1256 2672 1277 2702; x_wconf 92' lang='lat' dir='ltr'>i.</span> <span class='ocrx_word' id='word_1_366' title='bbox 1292 2672 1375 2709; x_wconf 77' lang='lat'><strong>2793</strong></span> <span class='ocrx_word' id='word_1_367' title='bbox 1391 2670 1434 2701; x_wconf 91' lang='lat' dir='ltr'>vi.</span> <span class='ocrx_word' id='word_1_368' title='bbox 1450 2670 1512 2701; x_wconf 80' lang='lat'>624</span> <span class='ocrx_word' id='word_1_369' title='bbox 1526 2681 1535 2707; x_wconf 80' lang='lat'>3</span> <span class='ocrx_word' id='word_1_370' title='bbox 1549 2669 1624 2699; x_wconf 85' lang='lat' dir='ltr'>AEn.</span> 
     </span>
     <span class='ocr_line' id='line_1_69' title="bbox 967 2719 1625 2763; baseline -0.009 -9"><span class='ocrx_word' id='word_1_371' title='bbox 967 2723 987 2754; x_wconf 91' lang='lat' dir='ltr'>i.</span> <span class='ocrx_word' id='word_1_372' title='bbox 1002 2725 1053 2754; x_wconf 87' lang='lat'>63.</span> <span class='ocrx_word' id='word_1_373' title='bbox 1098 2723 1158 2754; x_wconf 83' lang='lat' dir='ltr'>Sed</span> <span class='ocrx_word' id='word_1_374' title='bbox 1174 2722 1205 2753; x_wconf 88' lang='lat' dir='ltr'>h.</span> <span class='ocrx_word' id='word_1_375' title='bbox 1217 2722 1238 2752; x_wconf 88' lang='lat' dir='ltr'>l.</span> <span class='ocrx_word' id='word_1_376' title='bbox 1253 2720 1415 2763; x_wconf 78' lang='lat' dir='ltr'>respicitur</span> <span class='ocrx_word' id='word_1_377' title='bbox 1433 2719 1472 2751; x_wconf 88' lang='lat' dir='ltr'>ad</span> <span class='ocrx_word' id='word_1_378' title='bbox 1497 2719 1625 2761; x_wconf 88' lang='lat' dir='ltr'>pallam,</span> 
     </span>
    </p>
   </div>
  </div>
 </body>
</html>
