<?xml version="1.0" encoding="UTF-8"?>
<!DOCTYPE html PUBLIC "-//W3C//DTD XHTML 1.0 Transitional//EN"
    "http://www.w3.org/TR/xhtml1/DTD/xhtml1-transitional.dtd">
<html xmlns="http://www.w3.org/1999/xhtml" xml:lang="en" lang="en">
 <head>
  <title>
</title>
<meta http-equiv="Content-Type" content="text/html;charset=utf-8" />
  <meta name='ocr-system' content='tesseract 3.04.00' />
  <meta name='ocr-capabilities' content='ocr_page ocr_carea ocr_par ocr_line ocrx_word'/>
</head>
<body>
  <div class='ocr_page' id='page_1' title='image "./povidiinasonisop03oviduoft_0467.png"; bbox 0 0 1763 3181; ppageno 0'>
   <div class='ocr_carea' id='block_1_1' title="bbox 403 171 1320 215">
    <p class='ocr_par' dir='ltr' id='par_1_1' title="bbox 403 171 1320 215">
     <span class='ocr_line' id='line_1_1' title="bbox 403 171 1320 215; baseline 0.003 -3"><span class='ocrx_word' id='word_1_1' title='bbox 403 171 1024 215; x_wconf 88' lang='lat' dir='ltr'>METAMORPHOSEON</span> <span class='ocrx_word' id='word_1_2' title='bbox 1058 173 1177 215; x_wconf 89' lang='lat' dir='ltr'>LIB.</span> <span class='ocrx_word' id='word_1_3' title='bbox 1211 175 1320 215; x_wconf 90' lang='lat' dir='ltr'>VII.</span> 
     </span>
    </p>
   </div>
   <div class='ocr_carea' id='block_1_2' title="bbox 1466 177 1549 217">
    <p class='ocr_par' dir='ltr' id='par_1_2' title="bbox 1466 177 1549 217">
     <span class='ocr_line' id='line_1_2' title="bbox 1466 177 1549 217; baseline 0.012 -1"><span class='ocrx_word' id='word_1_4' title='bbox 1466 177 1549 217; x_wconf 77' lang='lat'>457</span> 
     </span>
    </p>
   </div>
   <div class='ocr_carea' id='block_1_3' title="bbox 161 286 1551 887">
    <p class='ocr_par' dir='ltr' id='par_1_3' title="bbox 162 286 1551 656">
     <span class='ocr_line' id='line_1_3' title="bbox 164 286 1310 350; baseline 0.003 -17"><span class='ocrx_word' id='word_1_5' title='bbox 164 286 230 333; x_wconf 86' lang='lat' dir='ltr'>Et</span> <span class='ocrx_word' id='word_1_6' title='bbox 254 302 379 349; x_wconf 87' lang='lat' dir='ltr'>quos</span> <span class='ocrx_word' id='word_1_7' title='bbox 406 286 564 333; x_wconf 84' lang='lat' dir='ltr'>Maera</span> <span class='ocrx_word' id='word_1_8' title='bbox 587 303 712 334; x_wconf 90' lang='lat' dir='ltr'>novo</span> <span class='ocrx_word' id='word_1_9' title='bbox 737 287 915 334; x_wconf 87' lang='lat' dir='ltr'>latratu</span> <span class='ocrx_word' id='word_1_10' title='bbox 941 289 1115 335; x_wconf 86' lang='lat' dir='ltr'>terruit</span> <span class='ocrx_word' id='word_1_11' title='bbox 1139 305 1310 350; x_wconf 82' lang='lat' dir='ltr'>agros3</span> 
     </span>
     <span class='ocr_line' id='line_1_4' title="bbox 163 362 1413 426; baseline 0.004 -17"><span class='ocrx_word' id='word_1_12' title='bbox 163 362 510 426; x_wconf 82' lang='lat' dir='ltr'>Eurypylique</span> <span class='ocrx_word' id='word_1_13' title='bbox 535 364 724 418; x_wconf 90' lang='lat' dir='ltr'>urbem,</span> <span class='ocrx_word' id='word_1_14' title='bbox 751 380 852 426; x_wconf 85' lang='lat' dir='ltr'>qua</span> <span class='ocrx_word' id='word_1_15' title='bbox 878 363 996 410; x_wconf 82' lang='lat' dir='ltr'>Coae</span> <span class='ocrx_word' id='word_1_16' title='bbox 1022 381 1207 412; x_wconf 87' lang='lat' dir='ltr'>cornua</span> <span class='ocrx_word' id='word_1_17' title='bbox 1231 374 1413 414; x_wconf 89' lang='lat' dir='ltr'>matres</span> 
     </span>
     <span class='ocr_line' id='line_1_5' title="bbox 163 439 1548 504; baseline 0.003 -19"><span class='ocrx_word' id='word_1_18' title='bbox 163 439 458 495; x_wconf 86' lang='lat' dir='ltr'>Gesserunt,</span> <span class='ocrx_word' id='word_1_19' title='bbox 475 446 580 486; x_wconf 89' lang='lat' dir='ltr'>tum</span> <span class='ocrx_word' id='word_1_20' title='bbox 601 456 756 501; x_wconf 89' lang='lat' dir='ltr'>quum</span> <span class='ocrx_word' id='word_1_21' title='bbox 782 439 1063 487; x_wconf 87' lang='lat' dir='ltr'>discederet</span> <span class='ocrx_word' id='word_1_22' title='bbox 1084 439 1315 488; x_wconf 88' lang='lat' dir='ltr'>Herculis</span> <span class='ocrx_word' id='word_1_23' title='bbox 1342 458 1520 504; x_wconf 83' lang='lat' dir='ltr'>agmen</span> <span class='ocrx_word' id='word_1_24' title='bbox 1538 461 1548 499; x_wconf 88' lang='lat'>;</span> 
     </span>
     <span class='ocr_line' id='line_1_6' title="bbox 162 515 1551 580; baseline 0.003 -18"><span class='ocrx_word' id='word_1_25' title='bbox 162 515 540 579; x_wconf 79' lang='lat' dir='ltr'>Phoebeamque</span> <span class='ocrx_word' id='word_1_26' title='bbox 567 517 799 571; x_wconf 84' lang='lat' dir='ltr'>Rhodon,</span> <span class='ocrx_word' id='word_1_27' title='bbox 827 523 877 563; x_wconf 91' lang='lat' dir='ltr'>et</span> <span class='ocrx_word' id='word_1_28' title='bbox 903 516 1114 580; x_wconf 81' lang='lat' dir='ltr'>Ialysios</span> <span class='ocrx_word' id='word_1_29' title='bbox 1135 517 1417 574; x_wconf 82' lang='lat' dir='ltr'>Telchinas,</span> <span class='ocrx_word' id='word_1_30' title='bbox 1455 521 1551 566; x_wconf 89' lang='lat'>365</span> 
     </span>
     <span class='ocr_line' id='line_1_7' title="bbox 162 591 1287 656; baseline 0.003 -18"><span class='ocrx_word' id='word_1_31' title='bbox 162 591 384 646; x_wconf 83' lang='lat' dir='ltr'>Quorum</span> <span class='ocrx_word' id='word_1_32' title='bbox 410 592 580 640; x_wconf 89' lang='lat' dir='ltr'>oculos</span> <span class='ocrx_word' id='word_1_33' title='bbox 606 593 714 656; x_wconf 89' lang='lat' dir='ltr'>ipso</span> <span class='ocrx_word' id='word_1_34' title='bbox 735 592 965 640; x_wconf 87' lang='lat' dir='ltr'>vitiantes</span> <span class='ocrx_word' id='word_1_35' title='bbox 992 593 1156 640; x_wconf 91' lang='lat' dir='ltr'>omnia</span> <span class='ocrx_word' id='word_1_36' title='bbox 1179 595 1287 641; x_wconf 87' lang='lat' dir='ltr'>visu</span> 
     </span>
    </p>

    <p class='ocr_par' dir='ltr' id='par_1_4' title="bbox 161 659 1275 732">
     <span class='ocr_line' id='line_1_8' title="bbox 161 659 1275 732; baseline 0.003 -18"><span class='ocrx_word' id='word_1_37' title='bbox 161 668 361 732; x_wconf 86' lang='lat' dir='ltr'>Jupiter</span> <span class='ocrx_word' id='word_1_38' title='bbox 385 685 584 724; x_wconf 84' lang='lat' dir='ltr'>exosus,</span> <span class='ocrx_word' id='word_1_39' title='bbox 611 669 838 716; x_wconf 83' lang='lat' dir='ltr'>fraternis</span> <span class='ocrx_word' id='word_1_40' title='bbox 865 659 1087 716; x_wconf 80' lang='lat' dir='ltr'>subdidit</span> <span class='ocrx_word' id='word_1_41' title='bbox 1112 671 1275 717; x_wconf 90' lang='lat' dir='ltr'>undis.</span> 
     </span>
    </p>

    <p class='ocr_par' dir='ltr' id='par_1_5' title="bbox 161 745 1306 808">
     <span class='ocr_line' id='line_1_9' title="bbox 161 745 1306 808; baseline 0.003 -18"><span class='ocrx_word' id='word_1_42' title='bbox 161 745 360 792; x_wconf 86' lang='lat' dir='ltr'>Transit</span> <span class='ocrx_word' id='word_1_43' title='bbox 384 753 433 792; x_wconf 89' lang='lat' dir='ltr'>et</span> <span class='ocrx_word' id='word_1_44' title='bbox 458 746 676 808; x_wconf 80' lang='lat' dir='ltr'>antiquae</span> <span class='ocrx_word' id='word_1_45' title='bbox 705 746 940 794; x_wconf 78' lang='lat' dir='ltr'>Cartheia</span> <span class='ocrx_word' id='word_1_46' title='bbox 965 747 1146 794; x_wconf 87' lang='lat' dir='ltr'>moenia</span> <span class='ocrx_word' id='word_1_47' title='bbox 1172 748 1306 802; x_wconf 80' lang='lat' dir='ltr'>Ceae,</span> 
     </span>
    </p>

    <p class='ocr_par' dir='ltr' id='par_1_6' title="bbox 162 821 1495 887">
     <span class='ocr_line' id='line_1_10' title="bbox 162 821 1495 887; baseline 0.003 -20"><span class='ocrx_word' id='word_1_48' title='bbox 162 821 276 875; x_wconf 87' lang='lat' dir='ltr'>Qua</span> <span class='ocrx_word' id='word_1_49' title='bbox 300 829 439 884; x_wconf 89' lang='lat' dir='ltr'>pater</span> <span class='ocrx_word' id='word_1_50' title='bbox 463 822 750 869; x_wconf 81' lang='lat' dir='ltr'>Alcidamas</span> <span class='ocrx_word' id='word_1_51' title='bbox 776 823 1024 886; x_wconf 80' lang='lat' dir='ltr'>placidam</span> <span class='ocrx_word' id='word_1_52' title='bbox 1049 824 1111 870; x_wconf 88' lang='lat' dir='ltr'>de</span> <span class='ocrx_word' id='word_1_53' title='bbox 1137 840 1341 887; x_wconf 90' lang='lat' dir='ltr'>corpore</span> <span class='ocrx_word' id='word_1_54' title='bbox 1367 831 1495 871; x_wconf 84' lang='lat' dir='ltr'>natae</span> 
     </span>
    </p>
   </div>
   <div class='ocr_carea' id='block_1_4' title="bbox 162 897 1295 962">
    <p class='ocr_par' dir='ltr' id='par_1_7' title="bbox 162 897 1295 962">
     <span class='ocr_line' id='line_1_11' title="bbox 162 897 1295 962; baseline 0.002 -18"><span class='ocrx_word' id='word_1_55' title='bbox 162 897 434 945; x_wconf 88' lang='lat' dir='ltr'>Miraturus</span> <span class='ocrx_word' id='word_1_56' title='bbox 461 905 565 945; x_wconf 92' lang='lat' dir='ltr'>erat</span> <span class='ocrx_word' id='word_1_57' title='bbox 589 899 724 945; x_wconf 90' lang='lat' dir='ltr'>nasci</span> <span class='ocrx_word' id='word_1_58' title='bbox 750 899 971 962; x_wconf 86' lang='lat' dir='ltr'>potuisse</span> <span class='ocrx_word' id='word_1_59' title='bbox 997 899 1295 947; x_wconf 85' lang='lat' dir='ltr'>columbam.</span> 
     </span>
    </p>
   </div>
   <div class='ocr_carea' id='block_1_5' title="bbox 1455 904 1553 948">
    <p class='ocr_par' dir='ltr' id='par_1_8' title="bbox 1455 904 1553 948">
     <span class='ocr_line' id='line_1_12' title="bbox 1455 904 1553 948; baseline 0.01 -1"><span class='ocrx_word' id='word_1_60' title='bbox 1455 904 1553 948; x_wconf 85' lang='lat'>370</span> 
     </span>
    </p>
   </div>
   <div class='ocr_carea' id='block_1_6' title="bbox 161 973 1550 1269">
    <p class='ocr_par' dir='ltr' id='par_1_9' title="bbox 161 973 1393 1040">
     <span class='ocr_line' id='line_1_13' title="bbox 161 973 1393 1040; baseline 0.002 -20"><span class='ocrx_word' id='word_1_61' title='bbox 161 973 286 1021; x_wconf 91' lang='lat' dir='ltr'>Inde</span> <span class='ocrx_word' id='word_1_62' title='bbox 310 975 449 1022; x_wconf 86' lang='lat' dir='ltr'>lacus</span> <span class='ocrx_word' id='word_1_63' title='bbox 477 974 660 1038; x_wconf 87' lang='lat' dir='ltr'>Hyries</span> <span class='ocrx_word' id='word_1_64' title='bbox 687 975 834 1030; x_wconf 87' lang='lat' dir='ltr'>videt,</span> <span class='ocrx_word' id='word_1_65' title='bbox 863 982 914 1022; x_wconf 91' lang='lat' dir='ltr'>et</span> <span class='ocrx_word' id='word_1_66' title='bbox 941 975 1164 1039; x_wconf 80' lang='lat' dir='ltr'>Cycneia</span> <span class='ocrx_word' id='word_1_67' title='bbox 1188 976 1393 1040; x_wconf 88' lang='lat' dir='ltr'>Tempe,</span> 
     </span>
    </p>

    <p class='ocr_par' dir='ltr' id='par_1_10' title="bbox 163 1050 1550 1269">
     <span class='ocr_line' id='line_1_14' title="bbox 163 1050 1493 1116; baseline 0.002 -19"><span class='ocrx_word' id='word_1_68' title='bbox 163 1050 287 1104; x_wconf 84' lang='lat' dir='ltr'>Quae</span> <span class='ocrx_word' id='word_1_69' title='bbox 313 1051 506 1098; x_wconf 88' lang='lat' dir='ltr'>subitus</span> <span class='ocrx_word' id='word_1_70' title='bbox 532 1051 801 1099; x_wconf 87' lang='lat' dir='ltr'>celebravit</span> <span class='ocrx_word' id='word_1_71' title='bbox 825 1052 954 1108; x_wconf 83' lang='lat' dir='ltr'>olor3</span> <span class='ocrx_word' id='word_1_72' title='bbox 996 1068 1110 1098; x_wconf 91' lang='lat' dir='ltr'>nam</span> <span class='ocrx_word' id='word_1_73' title='bbox 1138 1052 1367 1116; x_wconf 81' lang='lat' dir='ltr'>Phyllius</span> <span class='ocrx_word' id='word_1_74' title='bbox 1393 1053 1493 1100; x_wconf 90' lang='lat' dir='ltr'>illic</span> 
     </span>
     <span class='ocr_line' id='line_1_15' title="bbox 163 1127 1397 1191; baseline 0.002 -17"><span class='ocrx_word' id='word_1_75' title='bbox 163 1127 379 1191; x_wconf 89' lang='lat' dir='ltr'>Imperio</span> <span class='ocrx_word' id='word_1_76' title='bbox 404 1129 543 1191; x_wconf 87' lang='lat' dir='ltr'>pueri</span> <span class='ocrx_word' id='word_1_77' title='bbox 567 1129 894 1190; x_wconf 89' lang='lat' dir='ltr'>volucresque</span> <span class='ocrx_word' id='word_1_78' title='bbox 919 1127 1177 1191; x_wconf 87' lang='lat' dir='ltr'>ferumque</span> <span class='ocrx_word' id='word_1_79' title='bbox 1203 1130 1397 1176; x_wconf 88' lang='lat' dir='ltr'>leonem</span> 
     </span>
     <span class='ocr_line' id='line_1_16' title="bbox 163 1204 1550 1269; baseline 0.002 -18"><span class='ocrx_word' id='word_1_80' title='bbox 163 1204 459 1253; x_wconf 87' lang='lat' dir='ltr'>Tradiderat</span> <span class='ocrx_word' id='word_1_81' title='bbox 477 1205 691 1252; x_wconf 87' lang='lat' dir='ltr'>domitos</span> <span class='ocrx_word' id='word_1_82' title='bbox 711 1223 719 1253; x_wconf 95' lang='lat'><strong>:</strong></span> <span class='ocrx_word' id='word_1_83' title='bbox 744 1213 939 1252; x_wconf 88' lang='lat' dir='ltr'>taurum</span> <span class='ocrx_word' id='word_1_84' title='bbox 959 1222 1158 1268; x_wconf 91' lang='lat' dir='ltr'>quoque</span> <span class='ocrx_word' id='word_1_85' title='bbox 1173 1206 1370 1254; x_wconf 87' lang='lat' dir='ltr'>vincere</span> <span class='ocrx_word' id='word_1_86' title='bbox 1380 1208 1550 1269; x_wconf 86' lang='lat' dir='ltr'>jussus</span> 
     </span>
    </p>
   </div>
   <div class='ocr_carea' id='block_1_7' title="bbox 163 1380 827 2743">
    <p class='ocr_par' dir='ltr' id='par_1_11' title="bbox 163 1380 826 1658">
     <span class='ocr_line' id='line_1_17' title="bbox 163 1380 826 1423; baseline 0.005 -12"><span class='ocrx_word' id='word_1_87' title='bbox 163 1381 363 1411; x_wconf 84' lang='lat' dir='ltr'>Burmannus</span> <span class='ocrx_word' id='word_1_88' title='bbox 379 1380 564 1423; x_wconf 81' lang='lat' dir='ltr'>suspicatur,</span> <span class='ocrx_word' id='word_1_89' title='bbox 575 1381 625 1412; x_wconf 90' lang='lat' dir='ltr'>hic</span> <span class='ocrx_word' id='word_1_90' title='bbox 641 1381 680 1412; x_wconf 90' lang='lat' dir='ltr'>de</span> <span class='ocrx_word' id='word_1_91' title='bbox 692 1383 826 1414; x_wconf 84' lang='lat' dir='ltr'>Hecuba</span> 
     </span>
     <span class='ocr_line' id='line_1_18' title="bbox 163 1429 823 1473; baseline 0.005 -13"><span class='ocrx_word' id='word_1_92' title='bbox 163 1429 225 1471; x_wconf 83' lang='lat' dir='ltr'>agi,</span> <span class='ocrx_word' id='word_1_93' title='bbox 249 1437 373 1473; x_wconf 86' lang='lat' dir='ltr'>propter</span> <span class='ocrx_word' id='word_1_94' title='bbox 397 1431 462 1461; x_wconf 88' lang='lat' dir='ltr'>xiii.</span> <span class='ocrx_word' id='word_1_95' title='bbox 484 1432 567 1470; x_wconf 77' lang='lat'><strong>4063</strong></span> <span class='ocrx_word' id='word_1_96' title='bbox 593 1431 693 1462; x_wconf 74' lang='lat' dir='ltr'>Maerae</span> <span class='ocrx_word' id='word_1_97' title='bbox 720 1439 823 1463; x_wconf 89' lang='lat' dir='ltr'>autem</span> 
     </span>
     <span class='ocr_line' id='line_1_19' title="bbox 163 1480 825 1523; baseline 0.002 -13"><span class='ocrx_word' id='word_1_98' title='bbox 163 1490 276 1510; x_wconf 91' lang='lat' dir='ltr'>nomen</span> <span class='ocrx_word' id='word_1_99' title='bbox 305 1480 457 1511; x_wconf 87' lang='lat' dir='ltr'>intrusum</span> <span class='ocrx_word' id='word_1_100' title='bbox 486 1491 553 1511; x_wconf 87' lang='lat' dir='ltr'>esse</span> <span class='ocrx_word' id='word_1_101' title='bbox 583 1492 636 1523; x_wconf 91' lang='lat' dir='ltr'>pro</span> <span class='ocrx_word' id='word_1_102' title='bbox 665 1480 737 1516; x_wconf 90' lang='lat' dir='ltr'>alio,</span> <span class='ocrx_word' id='word_1_103' title='bbox 763 1492 825 1522; x_wconf 87' lang='lat' dir='ltr'>quo</span> 
     </span>
     <span class='ocr_line' id='line_1_20' title="bbox 163 1529 823 1570; baseline 0.002 -11"><span class='ocrx_word' id='word_1_104' title='bbox 163 1529 296 1559; x_wconf 90' lang='lat' dir='ltr'>Hecuba</span> <span class='ocrx_word' id='word_1_105' title='bbox 318 1529 566 1570; x_wconf 82' lang='lat' dir='ltr'>signifiearetur3</span> <span class='ocrx_word' id='word_1_106' title='bbox 594 1530 712 1560; x_wconf 86' lang='lat' dir='ltr'>variare</span> <span class='ocrx_word' id='word_1_107' title='bbox 741 1530 823 1560; x_wconf 88' lang='lat' dir='ltr'>enim</span> 
     </span>
     <span class='ocr_line' id='line_1_21' title="bbox 164 1578 823 1615; baseline 0.005 -8"><span class='ocrx_word' id='word_1_108' title='bbox 164 1578 257 1609; x_wconf 85' lang='lat' dir='ltr'>MSS.</span> <span class='ocrx_word' id='word_1_109' title='bbox 292 1578 558 1615; x_wconf 56' lang='lat' dir='ltr'>Noominusitato.</span> <span class='ocrx_word' id='word_1_110' title='bbox 582 1579 716 1610; x_wconf 77' lang='lat' dir='ltr'>Terruit.</span> <span class='ocrx_word' id='word_1_111' title='bbox 742 1580 823 1611; x_wconf 74' lang='lat' dir='ltr'>Vide</span> 
     </span>
     <span class='ocr_line' id='line_1_22' title="bbox 166 1626 373 1658; baseline 0 0"><span class='ocrx_word' id='word_1_112' title='bbox 166 1626 206 1658; x_wconf 86' lang='lat' dir='ltr'>ad</span> <span class='ocrx_word' id='word_1_113' title='bbox 220 1626 285 1658; x_wconf 83' lang='lat' dir='ltr'>xiii.</span> <span class='ocrx_word' id='word_1_114' title='bbox 300 1628 373 1658; x_wconf 89' lang='grc'><strong>406.</strong></span> 
     </span>
    </p>

    <p class='ocr_par' dir='ltr' id='par_1_12' title="bbox 163 1676 826 2062">
     <span class='ocr_line' id='line_1_23' title="bbox 207 1676 824 1718; baseline 0.003 -12"><span class='ocrx_word' id='word_1_115' title='bbox 207 1676 281 1707; x_wconf 86' lang='grc'><strong>363.</strong></span> <span class='ocrx_word' id='word_1_116' title='bbox 307 1677 462 1718; x_wconf 73' lang='lat' dir='ltr'>Eurypylz&#39;</span> <span class='ocrx_word' id='word_1_117' title='bbox 486 1678 609 1714; x_wconf 74' lang='lat' dir='ltr'>urbem5</span> <span class='ocrx_word' id='word_1_118' title='bbox 639 1677 735 1708; x_wconf 91' lang='lat' dir='ltr'>Coon.</span> <span class='ocrx_word' id='word_1_119' title='bbox 760 1678 824 1708; x_wconf 85' lang='lat' dir='ltr'>Ho-</span> 
     </span>
     <span class='ocr_line' id='line_1_24' title="bbox 164 1726 824 1767; baseline 0.003 -12"><span class='ocrx_word' id='word_1_120' title='bbox 164 1736 240 1756; x_wconf 91' lang='lat' dir='ltr'>mer.</span> <span class='ocrx_word' id='word_1_121' title='bbox 270 1726 309 1756; x_wconf 89' lang='lat' dir='ltr'>Il.</span> <span class='ocrx_word' id='word_1_122' title='bbox 340 1729 377 1757; x_wconf 89' lang='lat' dir='ltr'>B.</span> <span class='ocrx_word' id='word_1_123' title='bbox 406 1726 480 1757; x_wconf 89' lang='grc'><strong>677.</strong></span> <span class='ocrx_word' id='word_1_124' title='bbox 498 1729 588 1762; x_wconf 81' lang='grc' dir='ltr'><em>Κῶν,</em></span> <span class='ocrx_word' id='word_1_125' title='bbox 620 1726 824 1767; x_wconf 79' lang='grc' dir='ltr'>Εὐρυπύλοιο</span> 
     </span>
     <span class='ocr_line' id='line_1_25' title="bbox 163 1774 826 1817; baseline 0.002 -12"><span class='ocrx_word' id='word_1_126' title='bbox 163 1774 276 1806; x_wconf 84' lang='grc' dir='ltr'><strong>πόλιν.</strong></span> <span class='ocrx_word' id='word_1_127' title='bbox 321 1775 394 1805; x_wconf 90' lang='lat' dir='ltr'>Fuit</span> <span class='ocrx_word' id='word_1_128' title='bbox 418 1775 468 1806; x_wconf 83' lang='lat' dir='ltr'>hic</span> <span class='ocrx_word' id='word_1_129' title='bbox 487 1776 666 1817; x_wconf 86' lang='lat' dir='ltr'>Eurypylus</span> <span class='ocrx_word' id='word_1_130' title='bbox 682 1776 826 1807; x_wconf 89' lang='lat' dir='ltr'>Herculis</span> 
     </span>
     <span class='ocr_line' id='line_1_26' title="bbox 165 1824 825 1866; baseline 0.003 -12"><span class='ocrx_word' id='word_1_131' title='bbox 165 1824 256 1860; x_wconf 86' lang='lat' dir='ltr'>filius,</span> <span class='ocrx_word' id='word_1_132' title='bbox 273 1824 338 1866; x_wconf 90' lang='lat' dir='ltr'>qui,</span> <span class='ocrx_word' id='word_1_133' title='bbox 353 1831 446 1866; x_wconf 85' lang='lat' dir='ltr'>capta</span> <span class='ocrx_word' id='word_1_134' title='bbox 467 1824 523 1855; x_wconf 84' lang='lat' dir='ltr'>illa</span> <span class='ocrx_word' id='word_1_135' title='bbox 544 1826 631 1861; x_wconf 92' lang='lat' dir='ltr'>urbe,</span> <span class='ocrx_word' id='word_1_136' title='bbox 648 1825 690 1855; x_wconf 89' lang='lat' dir='ltr'>ibi</span> <span class='ocrx_word' id='word_1_137' title='bbox 716 1836 825 1866; x_wconf 76' lang='lat' dir='ltr'>regna-</span> 
     </span>
     <span class='ocr_line' id='line_1_27' title="bbox 164 1873 825 1916; baseline 0.002 -12"><span class='ocrx_word' id='word_1_138' title='bbox 164 1873 220 1904; x_wconf 90' lang='lat' dir='ltr'>vit.</span> <span class='ocrx_word' id='word_1_139' title='bbox 267 1875 332 1904; x_wconf 80' lang='lat' dir='ltr'>Coae</span> <span class='ocrx_word' id='word_1_140' title='bbox 354 1880 458 1905; x_wconf 88' lang='lat' dir='ltr'>autem</span> <span class='ocrx_word' id='word_1_141' title='bbox 480 1874 626 1905; x_wconf 85' lang='lat' dir='ltr'>mulieres</span> <span class='ocrx_word' id='word_1_142' title='bbox 643 1886 739 1916; x_wconf 89' lang='lat' dir='ltr'>quum</span> <span class='ocrx_word' id='word_1_143' title='bbox 766 1875 825 1905; x_wconf 89' lang='lat' dir='ltr'>for-</span> 
     </span>
     <span class='ocr_line' id='line_1_28' title="bbox 166 1923 826 1965; baseline 0.002 -12"><span class='ocrx_word' id='word_1_144' title='bbox 166 1933 251 1953; x_wconf 87' lang='lat' dir='ltr'>mam</span> <span class='ocrx_word' id='word_1_145' title='bbox 280 1934 369 1954; x_wconf 90' lang='lat' dir='ltr'>suam</span> <span class='ocrx_word' id='word_1_146' title='bbox 398 1923 608 1965; x_wconf 67' lang='lat' dir='ltr'>praetulissent</span> <span class='ocrx_word' id='word_1_147' title='bbox 636 1923 765 1960; x_wconf 88' lang='lat' dir='ltr'>Veneri,</span> <span class='ocrx_word' id='word_1_148' title='bbox 795 1923 826 1954; x_wconf 88' lang='lat' dir='ltr'>in</span> 
     </span>
     <span class='ocr_line' id='line_1_29' title="bbox 165 1971 826 2008; baseline 0 -6"><span class='ocrx_word' id='word_1_149' title='bbox 165 1982 278 2002; x_wconf 90' lang='lat' dir='ltr'>vaccas</span> <span class='ocrx_word' id='word_1_150' title='bbox 302 1977 430 2002; x_wconf 86' lang='lat' dir='ltr'>mutatae</span> <span class='ocrx_word' id='word_1_151' title='bbox 456 1978 548 2003; x_wconf 88' lang='lat' dir='ltr'>sunt:</span> <span class='ocrx_word' id='word_1_152' title='bbox 574 1973 770 2008; x_wconf 76' lang='lat' dir='ltr'>Lactantius,</span> <span class='ocrx_word' id='word_1_153' title='bbox 794 1971 826 2002; x_wconf 89' lang='lat' dir='ltr'>in</span> 
     </span>
     <span class='ocr_line' id='line_1_30' title="bbox 166 2020 372 2062; baseline 0.005 -12"><span class='ocrx_word' id='word_1_154' title='bbox 166 2020 372 2062; x_wconf 86' lang='lat' dir='ltr'>Argumento.</span> 
     </span>
    </p>

    <p class='ocr_par' dir='ltr' id='par_1_13' title="bbox 166 2068 827 2743">
     <span class='ocr_line' id='line_1_31' title="bbox 210 2068 826 2111; baseline -0.003 -10"><span class='ocrx_word' id='word_1_155' title='bbox 210 2071 284 2101; x_wconf 87' lang='lat'>365.</span> <span class='ocrx_word' id='word_1_156' title='bbox 308 2071 476 2105; x_wconf 69' lang='lat' dir='ltr'>Phoebeum,</span> <span class='ocrx_word' id='word_1_157' title='bbox 502 2069 577 2111; x_wconf 84' lang='lat' dir='ltr'>quia</span> <span class='ocrx_word' id='word_1_158' title='bbox 602 2068 734 2100; x_wconf 83' lang='lat' dir='ltr'>Rhodus</span> <span class='ocrx_word' id='word_1_159' title='bbox 763 2069 826 2099; x_wconf 80' lang='lat' dir='ltr'>Soli</span> 
     </span>
     <span class='ocr_line' id='line_1_32' title="bbox 167 2118 825 2161; baseline -0.002 -12"><span class='ocrx_word' id='word_1_160' title='bbox 167 2129 267 2155; x_wconf 87' lang='lat' dir='ltr'>saera,</span> <span class='ocrx_word' id='word_1_161' title='bbox 291 2119 380 2161; x_wconf 88' lang='lat' dir='ltr'>cujus</span> <span class='ocrx_word' id='word_1_162' title='bbox 405 2118 500 2149; x_wconf 88' lang='lat' dir='ltr'>radiis</span> <span class='ocrx_word' id='word_1_163' title='bbox 531 2128 691 2159; x_wconf 88' lang='lat' dir='ltr'>nunquam</span> <span class='ocrx_word' id='word_1_164' title='bbox 720 2128 825 2148; x_wconf 83' lang='lat' dir='ltr'>carere</span> 
     </span>
     <span class='ocr_line' id='line_1_33' title="bbox 166 2167 826 2204; baseline -0.003 -5"><span class='ocrx_word' id='word_1_165' title='bbox 166 2168 349 2199; x_wconf 88' lang='lat' dir='ltr'>dicebatur:</span> <span class='ocrx_word' id='word_1_166' title='bbox 374 2168 437 2199; x_wconf 91' lang='lat' dir='ltr'>vid.</span> <span class='ocrx_word' id='word_1_167' title='bbox 458 2167 640 2204; x_wconf 86' lang='lat' dir='ltr'>Lambinus,</span> <span class='ocrx_word' id='word_1_168' title='bbox 663 2167 702 2198; x_wconf 84' lang='lat' dir='ltr'>ad</span> <span class='ocrx_word' id='word_1_169' title='bbox 727 2168 826 2198; x_wconf 85' lang='lat' dir='ltr'>Hora-</span> 
     </span>
     <span class='ocr_line' id='line_1_34' title="bbox 167 2216 825 2256; baseline -0.002 -9"><span class='ocrx_word' id='word_1_170' title='bbox 167 2217 256 2253; x_wconf 83' lang='lat' dir='ltr'>tium,</span> <span class='ocrx_word' id='word_1_171' title='bbox 274 2217 302 2247; x_wconf 93' lang='lat' dir='ltr'>I.</span> <span class='ocrx_word' id='word_1_172' title='bbox 323 2216 386 2248; x_wconf 88' lang='lat' dir='ltr'>Od.</span> <span class='ocrx_word' id='word_1_173' title='bbox 400 2216 453 2247; x_wconf 86' lang='lat' dir='ltr'>vii.</span> <span class='ocrx_word' id='word_1_174' title='bbox 473 2218 500 2247; x_wconf 91' lang='lat' dir='ltr'>l.</span> <span class='ocrx_word' id='word_1_175' title='bbox 547 2217 680 2256; x_wconf 71' lang='lat' dir='ltr'>Ialysus,</span> <span class='ocrx_word' id='word_1_176' title='bbox 704 2226 767 2246; x_wconf 88' lang='lat' dir='ltr'>una</span> <span class='ocrx_word' id='word_1_177' title='bbox 788 2226 825 2246; x_wconf 88' lang='lat' dir='ltr'>ex</span> 
     </span>
     <span class='ocr_line' id='line_1_35' title="bbox 166 2265 826 2307; baseline -0.003 -10"><span class='ocrx_word' id='word_1_178' title='bbox 166 2267 265 2297; x_wconf 90' lang='lat' dir='ltr'>tribus</span> <span class='ocrx_word' id='word_1_179' title='bbox 281 2265 503 2307; x_wconf 78' lang='lat' dir='ltr'>antiquissimis</span> <span class='ocrx_word' id='word_1_180' title='bbox 518 2265 624 2296; x_wconf 84' lang='lat' dir='ltr'>Rhodi</span> <span class='ocrx_word' id='word_1_181' title='bbox 642 2266 826 2301; x_wconf 86' lang='lat' dir='ltr'>urbibus,ab</span> 
     </span>
     <span class='ocr_line' id='line_1_36' title="bbox 166 2314 824 2356; baseline -0.003 -10"><span class='ocrx_word' id='word_1_182' title='bbox 166 2315 283 2356; x_wconf 84' lang='lat' dir='ltr'>Ialyso,</span> <span class='ocrx_word' id='word_1_183' title='bbox 293 2315 372 2345; x_wconf 87' lang='lat' dir='ltr'>Solis</span> <span class='ocrx_word' id='word_1_184' title='bbox 387 2320 509 2356; x_wconf 85' lang='lat' dir='ltr'>nepote,</span> <span class='ocrx_word' id='word_1_185' title='bbox 521 2314 564 2345; x_wconf 87' lang='lat' dir='ltr'>sic</span> <span class='ocrx_word' id='word_1_186' title='bbox 579 2314 665 2345; x_wconf 90' lang='lat' dir='ltr'>dicta</span> <span class='ocrx_word' id='word_1_187' title='bbox 679 2327 684 2344; x_wconf 75' lang='grc' dir='ltr'><strong><em>ι</em></strong></span> <span class='ocrx_word' id='word_1_188' title='bbox 702 2315 824 2350; x_wconf 77' lang='lat' dir='ltr'>Strabo,</span> 
     </span>
     <span class='ocr_line' id='line_1_37' title="bbox 167 2363 826 2406; baseline -0.003 -11"><span class='ocrx_word' id='word_1_189' title='bbox 167 2365 230 2395; x_wconf 91' lang='lat' dir='ltr'>xiv.</span> <span class='ocrx_word' id='word_1_190' title='bbox 251 2375 282 2406; x_wconf 91' lang='lat' dir='ltr'>p.</span> <span class='ocrx_word' id='word_1_191' title='bbox 301 2365 376 2395; x_wconf 88' lang='lat'><em>655.</em></span> <span class='ocrx_word' id='word_1_192' title='bbox 426 2364 582 2394; x_wconf 80' lang='lat' dir='ltr'>Telchinas</span> <span class='ocrx_word' id='word_1_193' title='bbox 606 2363 756 2394; x_wconf 82' lang='lat' dir='ltr'>Rhodum</span> <span class='ocrx_word' id='word_1_194' title='bbox 780 2363 826 2393; x_wconf 91' lang='lat' dir='ltr'>in-</span> 
     </span>
     <span class='ocr_line' id='line_1_38' title="bbox 168 2413 826 2454; baseline -0.003 -10"><span class='ocrx_word' id='word_1_195' title='bbox 168 2413 300 2444; x_wconf 89' lang='lat' dir='ltr'>coluisse</span> <span class='ocrx_word' id='word_1_196' title='bbox 328 2418 447 2444; x_wconf 88' lang='lat' dir='ltr'>certum</span> <span class='ocrx_word' id='word_1_197' title='bbox 476 2417 534 2449; x_wconf 88' lang='lat' dir='ltr'>est,</span> <span class='ocrx_word' id='word_1_198' title='bbox 560 2423 739 2454; x_wconf 85' lang='lat' dir='ltr'>quanquam</span> <span class='ocrx_word' id='word_1_199' title='bbox 765 2423 826 2442; x_wconf 89' lang='lat' dir='ltr'>non</span> 
     </span>
     <span class='ocr_line' id='line_1_39' title="bbox 168 2461 827 2501; baseline -0.003 -9"><span class='ocrx_word' id='word_1_200' title='bbox 168 2462 243 2493; x_wconf 89' lang='lat' dir='ltr'>satis</span> <span class='ocrx_word' id='word_1_201' title='bbox 259 2467 390 2497; x_wconf 87' lang='lat' dir='ltr'>constat,</span> <span class='ocrx_word' id='word_1_202' title='bbox 405 2462 486 2493; x_wconf 84' lang='lat' dir='ltr'>unde</span> <span class='ocrx_word' id='word_1_203' title='bbox 501 2461 654 2497; x_wconf 78' lang='lat' dir='ltr'>veneiint,</span> <span class='ocrx_word' id='word_1_204' title='bbox 667 2466 722 2491; x_wconf 90' lang='lat' dir='ltr'>aut</span> <span class='ocrx_word' id='word_1_205' title='bbox 735 2471 827 2501; x_wconf 89' lang='lat' dir='ltr'>quor-</span> 
     </span>
     <span class='ocr_line' id='line_1_40' title="bbox 168 2508 826 2551; baseline -0.002 -10"><span class='ocrx_word' id='word_1_206' title='bbox 168 2521 250 2546; x_wconf 89' lang='lat' dir='ltr'>sum,</span> <span class='ocrx_word' id='word_1_207' title='bbox 286 2510 401 2541; x_wconf 84' lang='lat' dir='ltr'>Rhodo</span> <span class='ocrx_word' id='word_1_208' title='bbox 445 2510 566 2547; x_wconf 84' lang='lat' dir='ltr'>relicta,</span> <span class='ocrx_word' id='word_1_209' title='bbox 616 2508 826 2551; x_wconf 84' lang='lat' dir='ltr'>migraverint.</span> 
     </span>
     <span class='ocr_line' id='line_1_41' title="bbox 169 2558 824 2590; baseline -0.003 -1"><span class='ocrx_word' id='word_1_210' title='bbox 169 2559 252 2589; x_wconf 87' lang='lat' dir='ltr'>Vide</span> <span class='ocrx_word' id='word_1_211' title='bbox 267 2558 399 2589; x_wconf 89' lang='lat' dir='ltr'>Meursii</span> <span class='ocrx_word' id='word_1_212' title='bbox 413 2558 521 2589; x_wconf 89' lang='lat' dir='ltr'>Rhod.</span> <span class='ocrx_word' id='word_1_213' title='bbox 538 2559 558 2590; x_wconf 86' lang='lat' dir='ltr'>i.</span> <span class='ocrx_word' id='word_1_214' title='bbox 574 2560 606 2590; x_wconf 91' lang='lat'>9.</span> <span class='ocrx_word' id='word_1_215' title='bbox 653 2559 750 2588; x_wconf 85' lang='lat' dir='ltr'>Erant</span> <span class='ocrx_word' id='word_1_216' title='bbox 772 2568 824 2588; x_wconf 90' lang='lat' dir='ltr'>au-</span> 
     </span>
     <span class='ocr_line' id='line_1_42' title="bbox 168 2608 826 2651; baseline -0.002 -12"><span class='ocrx_word' id='word_1_217' title='bbox 168 2615 232 2639; x_wconf 92' lang='lat' dir='ltr'>tem</span> <span class='ocrx_word' id='word_1_218' title='bbox 254 2614 286 2639; x_wconf 91' lang='lat' dir='ltr'>et</span> <span class='ocrx_word' id='word_1_219' title='bbox 309 2609 445 2650; x_wconf 80' lang='lat' dir='ltr'>insignes</span> <span class='ocrx_word' id='word_1_220' title='bbox 462 2609 703 2651; x_wconf 71' lang='lat' dir='ltr'>praestigiatores</span> <span class='ocrx_word' id='word_1_221' title='bbox 725 2614 756 2638; x_wconf 85' lang='lat' dir='ltr'>et</span> <span class='ocrx_word' id='word_1_222' title='bbox 780 2608 826 2638; x_wconf 93' lang='lat' dir='ltr'>in-</span> 
     </span>
     <span class='ocr_line' id='line_1_43' title="bbox 168 2656 826 2700; baseline -0.003 -12"><span class='ocrx_word' id='word_1_223' title='bbox 168 2657 234 2688; x_wconf 89' lang='lat' dir='ltr'>vidi</span> <span class='ocrx_word' id='word_1_224' title='bbox 249 2657 497 2689; x_wconf 86' lang='lat' dir='ltr'>calumniatores.</span> <span class='ocrx_word' id='word_1_225' title='bbox 513 2658 685 2700; x_wconf 86' lang='lat' dir='ltr'>Spanhem.</span> <span class='ocrx_word' id='word_1_226' title='bbox 703 2656 742 2687; x_wconf 90' lang='lat' dir='ltr'>ad</span> <span class='ocrx_word' id='word_1_227' title='bbox 753 2656 826 2687; x_wconf 90' lang='lat' dir='ltr'>Cal-</span> 
     </span>
     <span class='ocr_line' id='line_1_44' title="bbox 170 2705 827 2743; baseline 0 -7"><span class='ocrx_word' id='word_1_228' title='bbox 170 2705 352 2743; x_wconf 88' lang='lat' dir='ltr'>limachum,</span> <span class='ocrx_word' id='word_1_229' title='bbox 369 2706 399 2738; x_wconf 80' lang='lat' dir='ltr'>h.</span> <span class='ocrx_word' id='word_1_230' title='bbox 420 2707 493 2738; x_wconf 89' lang='lat' dir='ltr'>Del.</span> <span class='ocrx_word' id='word_1_231' title='bbox 509 2708 563 2738; x_wconf 88' lang='lat'>31.</span> <span class='ocrx_word' id='word_1_232' title='bbox 579 2713 610 2738; x_wconf 88' lang='lat' dir='ltr'>et</span> <span class='ocrx_word' id='word_1_233' title='bbox 626 2707 772 2737; x_wconf 84' lang='lat' dir='ltr'>Munker.</span> <span class='ocrx_word' id='word_1_234' title='bbox 788 2705 827 2736; x_wconf 77' lang='lat' dir='ltr'>ad</span> 
     </span>
    </p>
   </div>
   <div class='ocr_carea' id='block_1_8' title="bbox 891 1381 1556 2736">
    <p class='ocr_par' dir='ltr' id='par_1_14' title="bbox 891 1381 1556 1863">
     <span class='ocr_line' id='line_1_45' title="bbox 892 1381 1552 1422; baseline 0.003 -10"><span class='ocrx_word' id='word_1_235' title='bbox 892 1383 1037 1412; x_wconf 86' lang='lat' dir='ltr'>Lactant.</span> <span class='ocrx_word' id='word_1_236' title='bbox 1059 1381 1190 1422; x_wconf 87' lang='lat' dir='ltr'>Argum.</span> <span class='ocrx_word' id='word_1_237' title='bbox 1233 1382 1359 1417; x_wconf 73' lang='lat' dir='ltr'>Vitiare,</span> <span class='ocrx_word' id='word_1_238' title='bbox 1388 1382 1552 1415; x_wconf 81' lang='lat' dir='ltr'>fascinare.</span> 
     </span>
     <span class='ocr_line' id='line_1_46' title="bbox 893 1430 1553 1474; baseline 0.006 -15"><span class='ocrx_word' id='word_1_239' title='bbox 893 1430 1070 1460; x_wconf 87' lang='lat' dir='ltr'>Fascinatio</span> <span class='ocrx_word' id='word_1_240' title='bbox 1101 1431 1197 1461; x_wconf 88' lang='lat' dir='ltr'>fiebat</span> <span class='ocrx_word' id='word_1_241' title='bbox 1227 1437 1258 1461; x_wconf 89' lang='lat' dir='ltr'>et</span> <span class='ocrx_word' id='word_1_242' title='bbox 1286 1431 1395 1462; x_wconf 86' lang='lat' dir='ltr'>oculis.</span> <span class='ocrx_word' id='word_1_243' title='bbox 1448 1433 1553 1474; x_wconf 81' lang='lat' dir='ltr'>Virgi-</span> 
     </span>
     <span class='ocr_line' id='line_1_47' title="bbox 892 1478 1556 1521; baseline 0.006 -13"><span class='ocrx_word' id='word_1_244' title='bbox 892 1479 962 1515; x_wconf 90' lang='lat' dir='ltr'>lius,</span> <span class='ocrx_word' id='word_1_245' title='bbox 976 1479 1044 1509; x_wconf 86' lang='lat' dir='ltr'>Ecl.</span> <span class='ocrx_word' id='word_1_246' title='bbox 1060 1478 1106 1509; x_wconf 84' lang='lat' dir='ltr'>iii.</span> <span class='ocrx_word' id='word_1_247' title='bbox 1126 1481 1186 1510; x_wconf 88' lang='grc'>103</span> <span class='ocrx_word' id='word_1_248' title='bbox 1205 1492 1210 1509; x_wconf 85' lang='grc'>;</span> <span class='ocrx_word' id='word_1_249' title='bbox 1233 1481 1349 1517; x_wconf 76' lang='lat' dir='ltr'>Nescio,</span> <span class='ocrx_word' id='word_1_250' title='bbox 1363 1483 1427 1521; x_wconf 83' lang='lat' dir='ltr'>quis</span> <span class='ocrx_word' id='word_1_251' title='bbox 1444 1489 1556 1513; x_wconf 79' lang='lat' dir='ltr'>teneros</span> 
     </span>
     <span class='ocr_line' id='line_1_48' title="bbox 891 1528 1553 1570; baseline 0.008 -13"><span class='ocrx_word' id='word_1_252' title='bbox 891 1530 995 1558; x_wconf 75' lang='lat' dir='ltr'>oculus</span> <span class='ocrx_word' id='word_1_253' title='bbox 1009 1528 1225 1569; x_wconf 76' lang='lat' dir='ltr'>mihisascz&#39;nat</span> <span class='ocrx_word' id='word_1_254' title='bbox 1240 1541 1341 1570; x_wconf 79' lang='lat' dir='ltr'>agnos.</span> <span class='ocrx_word' id='word_1_255' title='bbox 1374 1530 1459 1567; x_wconf 84' lang='lat' dir='ltr'>Quin</span> <span class='ocrx_word' id='word_1_256' title='bbox 1475 1531 1553 1562; x_wconf 85' lang='lat' dir='ltr'>adeo</span> 
     </span>
     <span class='ocr_line' id='line_1_49' title="bbox 892 1577 1553 1620; baseline 0.006 -13"><span class='ocrx_word' id='word_1_257' title='bbox 892 1577 989 1608; x_wconf 89' lang='lat' dir='ltr'>invidi</span> <span class='ocrx_word' id='word_1_258' title='bbox 1012 1577 1094 1608; x_wconf 91' lang='lat' dir='ltr'>oculi</span> <span class='ocrx_word' id='word_1_259' title='bbox 1118 1578 1182 1608; x_wconf 92' lang='lat' dir='ltr'>solo</span> <span class='ocrx_word' id='word_1_260' title='bbox 1201 1585 1328 1620; x_wconf 84' lang='lat' dir='ltr'>aspectu</span> <span class='ocrx_word' id='word_1_261' title='bbox 1345 1579 1553 1611; x_wconf 86' lang='lat' dir='ltr'>credebantur</span> 
     </span>
     <span class='ocr_line' id='line_1_50' title="bbox 891 1626 1551 1670; baseline 0.006 -13"><span class='ocrx_word' id='word_1_262' title='bbox 891 1638 993 1658; x_wconf 88' lang='lat' dir='ltr'>rerum</span> <span class='ocrx_word' id='word_1_263' title='bbox 1030 1626 1297 1668; x_wconf 89' lang='lat' dir='ltr'>pulchritudinem</span> <span class='ocrx_word' id='word_1_264' title='bbox 1334 1639 1551 1670; x_wconf 83' lang='lat' dir='ltr'>corrumpere:</span> 
     </span>
     <span class='ocr_line' id='line_1_51' title="bbox 892 1675 1552 1717; baseline 0.005 -11"><span class='ocrx_word' id='word_1_265' title='bbox 892 1675 1052 1711; x_wconf 88' lang='lat' dir='ltr'>Horatius,</span> <span class='ocrx_word' id='word_1_266' title='bbox 1074 1676 1102 1706; x_wconf 89' lang='lat' dir='ltr'>I.</span> <span class='ocrx_word' id='word_1_267' title='bbox 1127 1676 1186 1717; x_wconf 84' lang='lat' dir='ltr'>Ep.</span> <span class='ocrx_word' id='word_1_268' title='bbox 1208 1677 1271 1707; x_wconf 83' lang='lat' dir='ltr'>xiv.</span> <span class='ocrx_word' id='word_1_269' title='bbox 1295 1678 1347 1708; x_wconf 87' lang='lat'>37.</span> <span class='ocrx_word' id='word_1_270' title='bbox 1374 1678 1425 1708; x_wconf 90' lang='lat' dir='ltr'>ubi</span> <span class='ocrx_word' id='word_1_271' title='bbox 1449 1678 1493 1709; x_wconf 91' lang='lat' dir='ltr'>sic</span> <span class='ocrx_word' id='word_1_272' title='bbox 1515 1680 1552 1709; x_wconf 83' lang='lat' dir='ltr'>li-</span> 
     </span>
     <span class='ocr_line' id='line_1_52' title="bbox 894 1726 1551 1758; baseline 0.008 -5"><span class='ocrx_word' id='word_1_273' title='bbox 894 1735 974 1755; x_wconf 81' lang='lat' dir='ltr'>mare</span> <span class='ocrx_word' id='word_1_274' title='bbox 1002 1730 1034 1755; x_wconf 85' lang='lat' dir='ltr'>et</span> <span class='ocrx_word' id='word_1_275' title='bbox 1063 1735 1222 1755; x_wconf 70' lang='lat' dir='ltr'>venenare.</span> <span class='ocrx_word' id='word_1_276' title='bbox 1268 1726 1331 1756; x_wconf 79' lang='lat' dir='ltr'>Sed</span> <span class='ocrx_word' id='word_1_277' title='bbox 1362 1728 1468 1757; x_wconf 74' lang='lat' dir='ltr'>vitiare</span> <span class='ocrx_word' id='word_1_278' title='bbox 1493 1727 1551 1758; x_wconf 88' lang='lat' dir='ltr'>hoc</span> 
     </span>
     <span class='ocr_line' id='line_1_53' title="bbox 892 1773 1553 1816; baseline 0.006 -12"><span class='ocrx_word' id='word_1_279' title='bbox 892 1784 985 1804; x_wconf 83' lang='lat' dir='ltr'>sensu</span> <span class='ocrx_word' id='word_1_280' title='bbox 1013 1773 1108 1804; x_wconf 86' lang='lat' dir='ltr'>etiam</span> <span class='ocrx_word' id='word_1_281' title='bbox 1130 1774 1214 1816; x_wconf 88' lang='lat' dir='ltr'>apud</span> <span class='ocrx_word' id='word_1_282' title='bbox 1228 1774 1324 1806; x_wconf 89' lang='lat' dir='ltr'>Solin.</span> <span class='ocrx_word' id='word_1_283' title='bbox 1340 1774 1390 1806; x_wconf 85' lang='lat' dir='ltr'>iv:</span> <span class='ocrx_word' id='word_1_284' title='bbox 1414 1776 1553 1807; x_wconf 76' lang='lat' dir='ltr'>Foemime</span> 
     </span>
     <span class='ocr_line' id='line_1_54' title="bbox 895 1825 1289 1863; baseline 0.005 -10"><span class='ocrx_word' id='word_1_285' title='bbox 895 1830 1016 1863; x_wconf 68' lang='lat' dir='ltr'>aspecta</span> <span class='ocrx_word' id='word_1_286' title='bbox 1029 1825 1148 1863; x_wconf 73' lang='lat' dir='ltr'>spicula</span> <span class='ocrx_word' id='word_1_287' title='bbox 1164 1826 1289 1855; x_wconf 75' lang='lat' dir='ltr'>vitiant.</span> 
     </span>
    </p>

    <p class='ocr_par' dir='ltr' id='par_1_15' title="bbox 893 1873 1553 2305">
     <span class='ocr_line' id='line_1_55' title="bbox 937 1873 1551 1910; baseline 0.005 -8"><span class='ocrx_word' id='word_1_288' title='bbox 937 1874 1010 1903; x_wconf 88' lang='lat'><strong>368.</strong></span> <span class='ocrx_word' id='word_1_289' title='bbox 1030 1873 1100 1908; x_wconf 82' lang='lat' dir='ltr'>Cea,</span> <span class='ocrx_word' id='word_1_290' title='bbox 1121 1873 1186 1903; x_wconf 90' lang='lat' dir='ltr'>sive</span> <span class='ocrx_word' id='word_1_291' title='bbox 1213 1873 1292 1910; x_wconf 85' lang='lat' dir='ltr'>Ceos,</span> <span class='ocrx_word' id='word_1_292' title='bbox 1318 1874 1437 1904; x_wconf 88' lang='lat' dir='ltr'>Graecis</span> <span class='ocrx_word' id='word_1_293' title='bbox 1456 1874 1551 1905; x_wconf 86' lang='lat' dir='ltr'>etiam</span> 
     </span>
     <span class='ocr_line' id='line_1_56' title="bbox 893 1921 1551 1962; baseline 0.005 -12"><span class='ocrx_word' id='word_1_294' title='bbox 893 1921 1075 1962; x_wconf 83' lang='lat' dir='ltr'>Hydrussa:</span> <span class='ocrx_word' id='word_1_295' title='bbox 1112 1921 1196 1952; x_wconf 88' lang='lat' dir='ltr'>Plin.</span> <span class='ocrx_word' id='word_1_296' title='bbox 1220 1921 1262 1952; x_wconf 91' lang='lat' dir='ltr'>iv.</span> <span class='ocrx_word' id='word_1_297' title='bbox 1290 1924 1342 1953; x_wconf 80' lang='lat'>20.</span> <span class='ocrx_word' id='word_1_298' title='bbox 1397 1922 1447 1953; x_wconf 87' lang='lat' dir='ltr'>Ibi</span> <span class='ocrx_word' id='word_1_299' title='bbox 1478 1924 1551 1957; x_wconf 85' lang='lat' dir='ltr'>urbs</span> 
     </span>
     <span class='ocr_line' id='line_1_57' title="bbox 895 1970 1553 2012; baseline 0.005 -13"><span class='ocrx_word' id='word_1_300' title='bbox 895 1970 1044 2000; x_wconf 65' lang='lat' dir='ltr'>Carthaea.</span> <span class='ocrx_word' id='word_1_301' title='bbox 1067 1971 1230 2006; x_wconf 87' lang='lat' dir='ltr'>Fabulam,</span> <span class='ocrx_word' id='word_1_302' title='bbox 1251 1982 1344 2012; x_wconf 87' lang='lat' dir='ltr'>quam</span> <span class='ocrx_word' id='word_1_303' title='bbox 1369 1972 1484 2002; x_wconf 82' lang='lat' dir='ltr'>Noster</span> <span class='ocrx_word' id='word_1_304' title='bbox 1506 1978 1553 2002; x_wconf 87' lang='lat' dir='ltr'>at-</span> 
     </span>
     <span class='ocr_line' id='line_1_58' title="bbox 893 2018 1553 2060; baseline 0.003 -11"><span class='ocrx_word' id='word_1_305' title='bbox 893 2018 995 2060; x_wconf 83' lang='lat' dir='ltr'>tingit,</span> <span class='ocrx_word' id='word_1_306' title='bbox 1011 2019 1106 2049; x_wconf 89' lang='lat' dir='ltr'>latius</span> <span class='ocrx_word' id='word_1_307' title='bbox 1130 2024 1245 2050; x_wconf 87' lang='lat' dir='ltr'>tractat</span> <span class='ocrx_word' id='word_1_308' title='bbox 1259 2019 1437 2051; x_wconf 86' lang='lat' dir='ltr'>Antoninus</span> <span class='ocrx_word' id='word_1_309' title='bbox 1449 2021 1553 2051; x_wconf 86' lang='lat' dir='ltr'>Liber.</span> 
     </span>
     <span class='ocr_line' id='line_1_59' title="bbox 893 2067 1553 2110; baseline 0.003 -12"><span class='ocrx_word' id='word_1_310' title='bbox 893 2077 963 2109; x_wconf 88' lang='lat' dir='ltr'>cap.</span> <span class='ocrx_word' id='word_1_311' title='bbox 979 2067 999 2097; x_wconf 90' lang='lat' dir='ltr'>i.</span> <span class='ocrx_word' id='word_1_312' title='bbox 1047 2069 1198 2108; x_wconf 72' lang='lat' dir='ltr'>Antiquoe,</span> <span class='ocrx_word' id='word_1_313' title='bbox 1214 2068 1350 2109; x_wconf 86' lang='lat' dir='ltr'>antiquis</span> <span class='ocrx_word' id='word_1_314' title='bbox 1363 2070 1553 2110; x_wconf 82' lang='lat' dir='ltr'>temporibus</span> 
     </span>
     <span class='ocr_line' id='line_1_60' title="bbox 893 2117 1551 2148; baseline 0.003 -2"><span class='ocrx_word' id='word_1_315' title='bbox 893 2124 985 2148; x_wconf 79' lang='lat' dir='ltr'>notae.</span> <span class='ocrx_word' id='word_1_316' title='bbox 1009 2119 1179 2148; x_wconf 75' lang='lat' dir='ltr'>Alcidamas</span> <span class='ocrx_word' id='word_1_317' title='bbox 1194 2117 1247 2147; x_wconf 91' lang='lat' dir='ltr'>illo</span> <span class='ocrx_word' id='word_1_318' title='bbox 1261 2123 1385 2148; x_wconf 84' lang='lat' dir='ltr'>auctore</span> <span class='ocrx_word' id='word_1_319' title='bbox 1401 2129 1463 2148; x_wconf 92' lang='lat' dir='ltr'>non</span> <span class='ocrx_word' id='word_1_320' title='bbox 1476 2120 1551 2148; x_wconf 79' lang='lat' dir='ltr'>Car-</span> 
     </span>
     <span class='ocr_line' id='line_1_61' title="bbox 896 2166 1553 2203; baseline 0.003 -7"><span class='ocrx_word' id='word_1_321' title='bbox 896 2166 965 2196; x_wconf 79' lang='lat' dir='ltr'>theae</span> <span class='ocrx_word' id='word_1_322' title='bbox 994 2166 1171 2202; x_wconf 85' lang='lat' dir='ltr'>habitabat,</span> <span class='ocrx_word' id='word_1_323' title='bbox 1203 2166 1258 2197; x_wconf 89' lang='lat' dir='ltr'>sed</span> <span class='ocrx_word' id='word_1_324' title='bbox 1286 2167 1401 2203; x_wconf 83' lang='lat' dir='ltr'>Iulide,</span> <span class='ocrx_word' id='word_1_325' title='bbox 1429 2168 1461 2198; x_wconf 92' lang='lat' dir='ltr'>in</span> <span class='ocrx_word' id='word_1_326' title='bbox 1491 2167 1553 2199; x_wconf 72' lang='lat' dir='ltr'>alia</span> 
     </span>
     <span class='ocr_line' id='line_1_62' title="bbox 895 2215 1552 2248; baseline 0.005 -3"><span class='ocrx_word' id='word_1_327' title='bbox 895 2215 967 2245; x_wconf 89' lang='lat' dir='ltr'>Ceae</span> <span class='ocrx_word' id='word_1_328' title='bbox 991 2216 1078 2246; x_wconf 89' lang='lat' dir='ltr'>urbe.</span> <span class='ocrx_word' id='word_1_329' title='bbox 1122 2215 1246 2245; x_wconf 87' lang='lat' dir='ltr'>Ibidem</span> <span class='ocrx_word' id='word_1_330' title='bbox 1271 2222 1301 2246; x_wconf 85' lang='lat' dir='ltr'>et</span> <span class='ocrx_word' id='word_1_331' title='bbox 1323 2225 1395 2246; x_wconf 83' lang='lat' dir='ltr'>nata</span> <span class='ocrx_word' id='word_1_332' title='bbox 1414 2222 1461 2247; x_wconf 88' lang='lat' dir='ltr'>est</span> <span class='ocrx_word' id='word_1_333' title='bbox 1478 2217 1552 2248; x_wconf 88' lang='lat' dir='ltr'>Cte-</span> 
     </span>
     <span class='ocr_line' id='line_1_63' title="bbox 894 2264 1367 2305; baseline 0.004 -12"><span class='ocrx_word' id='word_1_334' title='bbox 894 2264 985 2304; x_wconf 87' lang='lat' dir='ltr'>sylla,</span> <span class='ocrx_word' id='word_1_335' title='bbox 1002 2274 1071 2305; x_wconf 84' lang='lat' dir='ltr'>quae</span> <span class='ocrx_word' id='word_1_336' title='bbox 1087 2264 1221 2294; x_wconf 83' lang='lat' dir='ltr'>Athenis</span> <span class='ocrx_word' id='word_1_337' title='bbox 1236 2270 1367 2295; x_wconf 84' lang='lat' dir='ltr'>mutata.</span> 
     </span>
    </p>

    <p class='ocr_par' dir='ltr' id='par_1_16' title="bbox 892 2313 1554 2736">
     <span class='ocr_line' id='line_1_64' title="bbox 938 2313 1552 2352; baseline 0.002 -8"><span class='ocrx_word' id='word_1_338' title='bbox 938 2314 1012 2344; x_wconf 84' lang='lat'>371.</span> <span class='ocrx_word' id='word_1_339' title='bbox 1040 2313 1166 2352; x_wconf 74' lang='lat' dir='ltr'>Tempe5</span> <span class='ocrx_word' id='word_1_340' title='bbox 1192 2324 1253 2343; x_wconf 89' lang='lat' dir='ltr'>non</span> <span class='ocrx_word' id='word_1_341' title='bbox 1277 2313 1459 2344; x_wconf 84' lang='lat' dir='ltr'>Thessalica</span> <span class='ocrx_word' id='word_1_342' title='bbox 1486 2314 1552 2352; x_wconf 90' lang='lat' dir='ltr'>illa,</span> 
     </span>
     <span class='ocr_line' id='line_1_65' title="bbox 893 2361 1552 2399; baseline 0.005 -7"><span class='ocrx_word' id='word_1_343' title='bbox 893 2362 947 2392; x_wconf 88' lang='lat' dir='ltr'>sed</span> <span class='ocrx_word' id='word_1_344' title='bbox 964 2362 1128 2392; x_wconf 85' lang='lat' dir='ltr'>Teumesia</span> <span class='ocrx_word' id='word_1_345' title='bbox 1145 2361 1184 2392; x_wconf 88' lang='lat' dir='ltr'>ad</span> <span class='ocrx_word' id='word_1_346' title='bbox 1203 2363 1401 2399; x_wconf 87' lang='lat' dir='ltr'>Teumesum,</span> <span class='ocrx_word' id='word_1_347' title='bbox 1417 2370 1552 2395; x_wconf 84' lang='lat' dir='ltr'>montem</span> 
     </span>
     <span class='ocr_line' id='line_1_66' title="bbox 894 2409 1552 2454; baseline 0.005 -14"><span class='ocrx_word' id='word_1_348' title='bbox 894 2409 1041 2441; x_wconf 83' lang='lat' dir='ltr'>Boeotiae.</span> <span class='ocrx_word' id='word_1_349' title='bbox 1088 2411 1159 2441; x_wconf 86' lang='lat' dir='ltr'>Fuit</span> <span class='ocrx_word' id='word_1_350' title='bbox 1184 2411 1270 2441; x_wconf 76' lang='lat' dir='ltr'>dicta</span> <span class='ocrx_word' id='word_1_351' title='bbox 1296 2412 1436 2451; x_wconf 73' lang='lat' dir='ltr'>Cycneia,</span> <span class='ocrx_word' id='word_1_352' title='bbox 1462 2424 1552 2454; x_wconf 89' lang='lat' dir='ltr'>prop-</span> 
     </span>
     <span class='ocr_line' id='line_1_67' title="bbox 894 2460 1554 2501; baseline 0.003 -10"><span class='ocrx_word' id='word_1_353' title='bbox 894 2467 939 2491; x_wconf 90' lang='lat' dir='ltr'>ter</span> <span class='ocrx_word' id='word_1_354' title='bbox 963 2461 1108 2501; x_wconf 83' lang='lat' dir='ltr'>Cycnum</span> <span class='ocrx_word' id='word_1_355' title='bbox 1132 2460 1228 2490; x_wconf 85' lang='lat' dir='ltr'>filium</span> <span class='ocrx_word' id='word_1_356' title='bbox 1252 2461 1375 2501; x_wconf 76' lang='lat' dir='ltr'>Hyries,</span> <span class='ocrx_word' id='word_1_357' title='bbox 1398 2467 1554 2493; x_wconf 86' lang='lat' dir='ltr'>mutatum</span> 
     </span>
     <span class='ocr_line' id='line_1_68' title="bbox 893 2509 1553 2550; baseline 0.003 -11"><span class='ocrx_word' id='word_1_358' title='bbox 893 2510 925 2540; x_wconf 88' lang='lat' dir='ltr'>in</span> <span class='ocrx_word' id='word_1_359' title='bbox 945 2509 1071 2540; x_wconf 86' lang='lat' dir='ltr'>olorem.</span> <span class='ocrx_word' id='word_1_360' title='bbox 1116 2510 1155 2539; x_wconf 91' lang='lat' dir='ltr'>In</span> <span class='ocrx_word' id='word_1_361' title='bbox 1175 2509 1236 2539; x_wconf 86' lang='lat' dir='ltr'>illis</span> <span class='ocrx_word' id='word_1_362' title='bbox 1259 2510 1334 2540; x_wconf 87' lang='lat' dir='ltr'>locis</span> <span class='ocrx_word' id='word_1_363' title='bbox 1351 2511 1462 2550; x_wconf 75' lang='lat' dir='ltr'>Hyrie,</span> <span class='ocrx_word' id='word_1_364' title='bbox 1475 2511 1553 2541; x_wconf 89' lang='lat' dir='ltr'>flens</span> 
     </span>
     <span class='ocr_line' id='line_1_69' title="bbox 892 2559 1553 2598; baseline 0.005 -10"><span class='ocrx_word' id='word_1_365' title='bbox 892 2570 1032 2598; x_wconf 78' lang='lat' dir='ltr'>puerum,</span> <span class='ocrx_word' id='word_1_366' title='bbox 1049 2559 1159 2594; x_wconf 80' lang='lat' dir='ltr'>tilium,</span> <span class='ocrx_word' id='word_1_367' title='bbox 1175 2559 1206 2588; x_wconf 89' lang='lat' dir='ltr'>in</span> <span class='ocrx_word' id='word_1_368' title='bbox 1223 2560 1321 2589; x_wconf 79' lang='lat' dir='ltr'>lacum</span> <span class='ocrx_word' id='word_1_369' title='bbox 1335 2570 1481 2590; x_wconf 85' lang='lat' dir='ltr'>conversa</span> <span class='ocrx_word' id='word_1_370' title='bbox 1496 2568 1553 2591; x_wconf 87' lang='lat' dir='ltr'>est.</span> 
     </span>
     <span class='ocr_line' id='line_1_70' title="bbox 895 2607 1553 2644; baseline 0.003 -6"><span class='ocrx_word' id='word_1_371' title='bbox 895 2608 1010 2638; x_wconf 89' lang='lat' dir='ltr'>Confer</span> <span class='ocrx_word' id='word_1_372' title='bbox 1043 2607 1195 2638; x_wconf 89' lang='lat' dir='ltr'>Antonin.</span> <span class='ocrx_word' id='word_1_373' title='bbox 1230 2607 1416 2644; x_wconf 89' lang='lat' dir='ltr'>Liberalem,</span> <span class='ocrx_word' id='word_1_374' title='bbox 1444 2619 1472 2639; x_wconf 92' lang='lat' dir='ltr'>c.</span> <span class='ocrx_word' id='word_1_375' title='bbox 1503 2610 1553 2641; x_wconf 81' lang='lat'>12.</span> 
     </span>
     <span class='ocr_line' id='line_1_71' title="bbox 899 2657 1552 2698; baseline 0.005 -12"><span class='ocrx_word' id='word_1_376' title='bbox 899 2657 1048 2692; x_wconf 72' lang='lat' dir='ltr'>Votum-es,</span> <span class='ocrx_word' id='word_1_377' title='bbox 1064 2657 1203 2688; x_wconf 85' lang='lat' dir='ltr'>vultures</span> <span class='ocrx_word' id='word_1_378' title='bbox 1219 2657 1302 2687; x_wconf 87' lang='lat' dir='ltr'>mirae</span> <span class='ocrx_word' id='word_1_379' title='bbox 1319 2657 1552 2698; x_wconf 86' lang='lat' dir='ltr'>magnitudinis,</span> 
     </span>
     <span class='ocr_line' id='line_1_72' title="bbox 896 2705 1154 2736; baseline -0.004 0"><span class='ocrx_word' id='word_1_380' title='bbox 896 2711 1020 2736; x_wconf 84' lang='lat' dir='ltr'>auctore</span> <span class='ocrx_word' id='word_1_381' title='bbox 1038 2705 1154 2736; x_wconf 82' lang='lat' dir='ltr'>Anton.</span> 
     </span>
    </p>
   </div>
  </div>
 </body>
</html>
