1729 3207
219 199 345 239 xxxvi
743 193 1080 236 PRAEFATlo

280 313 347 353 De
355 311 577 366 facilitate
596 324 678 350 non
700 317 778 356 est,
801 308 915 362 quod
941 307 1065 361 plura
1085 307 1236 355 dicam,
1259 315 1306 347 ut
1327 322 1422 360 quae
1449 320 1531 347 non
1559 307 1599 346 in

221 390 393 446 singulis
415 390 531 437 locis,
550 388 624 429 sed
645 389 687 428 in
709 396 854 428 tenore
876 388 1005 428 totius
1026 386 1220 427 carminis
1242 394 1451 426 cernatur.
1506 386 1602 426 Ma-

219 469 334 511 culas
369 469 510 523 potius
545 466 765 508 nonnullas
796 465 1148 513 commemorabo,
1179 479 1283 519 quas
1316 465 1497 518 impetus
1530 463 1601 505 ille

220 548 390 603 ingenii,
424 547 491 587 cui
518 545 695 586 facilitas
727 545 923 594 debetur,
956 544 1081 593 fudit,
1115 559 1192 585 nec
1222 551 1371 597 postea
1403 544 1602 584 abstersit

219 633 358 681 poetae
374 639 488 666 cura.
536 623 585 664 In
601 623 650 663 iis
671 623 914 677 tautologiae
935 630 976 662 et
997 621 1263 676 loquacitatis
1280 622 1434 675 ineptae
1455 621 1601 661 vitium

219 705 400 759 primum
420 702 583 743 obtinet
603 701 757 749 locum,
776 708 903 755 atque
925 701 966 741 in
987 700 1161 755 singulis
1181 715 1315 754 prope
1335 699 1452 740 libris
1468 699 1600 740 offen-

218 782 294 823 dit.
347 781 396 821 In
426 779 535 821 libro
567 780 593 819 i.
621 779 766 827 89-93,
796 779 849 819 ad
881 779 1054 820 taedium
1086 793 1220 834 usque
1245 779 1380 828 nobis,
1403 777 1600 826 inculcat,

218 874 346 901 aurea
376 866 500 899 aetate
528 858 715 898 nondum
742 856 857 912 leges
888 857 1032 905 fuisse,
1061 872 1138 898 nec
1165 857 1340 911 judicia.
1401 856 1600 904 Temere,

218 938 361 986 2205-7,
384 936 513 976 verba
536 934 763 975 cumulavit
791 935 844 974 de
869 934 1032 975 silentio
1059 935 1085 974 J
1091 936 1178 975 ovis
1200 936 1452 976 auctoritate
1472 935 1597 975 facto.

218 1016 298 1056 Cui
317 1029 401 1055 non
423 1012 598 1054 molesta
619 1020 716 1052 sunt
735 1011 818 1060 illa,
841 1027 927 1053 ver.
951 1014 1028 1053 291
1055 1016 1175 1067 sqq?

316 1123 480 1174 Jamque
498 1136 600 1160 mare
619 1130 658 1160 et
677 1122 792 1160 tellus
811 1122 960 1159 nullum
981 1122 1181 1160 discrimen
1200 1123 1411 1160 habebant:

318 1186 458 1224 Omnia
475 1193 612 1236 pontus
632 1192 761 1229 erant3
792 1185 947 1223 deerant
967 1198 1114 1235 quoque
1132 1185 1243 1222 litora
1262 1192 1396 1235 ponto:

219 1294 374 1349 quibus
394 1307 507 1341 mox,
530 1307 615 1332 ver.
633 1291 732 1340 3111,
756 1292 809 1332 de
832 1291 1022 1332 Phocide
1045 1292 1282 1346 subjicitur,

318 1383 436 1420 Terra
455 1383 572 1426 ferax,
593 1382 684 1418 dum
702 1389 802 1419 terra
821 1381 920 1426 fuit,·
949 1381 1014 1418 sed
1034 1389 1198 1431 tempore
1217 1381 1256 1417 in
1276 1381 1340 1417 illo

320 1446 411 1483 Pars
429 1446 542 1482 maris
561 1451 599 1482 et
619 1444 720 1481 latus
739 1444 950 1481 subitarum
971 1457 1124 1494 campus
1143 1456 1335 1493 aquarum.

215 1540 257 1574 et
278 1546 422 1572 rursus
444 1530 571 1585 paulo
592 1537 703 1584 post,

574 1620 676 1657 Nam
696 1627 829 1657 caetera
847 1626 995 1656 texerat
1015 1633 1148 1669 aequor.

216 1718 264 1758 ln
285 1732 481 1758 saxorum
503 1715 776 1757 Deucalionis
800 1722 842 1755 et
865 1714 1043 1768 Pyrrhae
1070 1715 1263 1755 manibus
1279 1715 1489 1769 jactorum
1509 1730 1598 1756 mu-

213 1796 371 1836 tatione
399 1794 692 1842 describenda‚
715 1807 823 1833 vers.
847 1793 1049 1841 400-406‚
1067 1793 1141 1833 diu
1167 1793 1210 1833 in
1237 1793 1431 1834 eumdem
1452 1794 1598 1834 orbem

215 1872 622 1926 circumagitur.——ii.
662 1872 733 1912 161
775 1885 866 1925 sqq.
904 1879 968 1912 ter
1001 1871 1117 1919 dicit,
1152 1870 1286 1912 levem
1321 1871 1450 1912 fuisse
1487 1870 1596 1912 Solis

214 1966 397 1999 currum,
420 1957 477 2000 et,
499 1951 619 2005 quasi
645 1950 726 1991 hoc
755 1950 944 1990 nondum
973 1951 1072 1990 satis
1101 1949 1264 1999 fuisset,
1292 1951 1369 1992 165
1397 1950 1509 1991 idem
1529 1951 1595 1991 bis

213 2030 500 2084 repetit.—iii.
535 2030 680 2078 87-89,
709 2036 861 2083 quater
895 2043 1063 2070 causam
1098 2028 1310 2082 exprimit,
1343 2043 1475 2082 quare
1504 2028 1596 2069 leve

214 2108 340 2148 fuerit
361 2107 569 2161 serpentis
590 2105 756 2156 vulnus,

676 2196 778 2242 Quia
796 2208 835 2233 se
853 2195 1068 2233 retrahebat
1087 2196 1133 2233 ab
1151 2196 1231 2232 ictu
1244 2211 1255 2240 ‚-

313 2260 495 2309 Laesaque
513 2258 606 2296 colla
624 2258 737 2296 dabat
756 2266 868 2301 retro,
887 2257 1112 2308 plagamque
1131 2258 1260 2296 sedere

315 2320 493 2359 cedendo
511 2321 671 2364 arcebat,
688 2334 757 2358 nec
774 2320 923 2370 longius
942 2320 995 2356 ire
1014 2320 1170 2357 sinebat.

216 2430 319 2472 Ver.
351 2431 432 2471 418
463 2446 554 2486 sqq.
589 2433 631 2472 in
661 2431 854 2473 Narcissi
882 2431 1027 2473 fabula
1059 2432 1313 2474 intolerabili
1340 2433 1596 2488 loquacitate

212 2508 266 2549 ad
297 2508 487 2549 eamdem
514 2510 668 2563 saepius
704 2510 917 2551 notionem
947 2510 1190 2560 revolvitur,
1217 2520 1259 2552 et
1286 2527 1382 2565 quae
1412 2513 1503 2567 ipse
1535 2514 1593 2555 sic

212 2587 393 2636 dixerat,
415 2588 562 2628 eadem
584 2587 712 2642 paulo
730 2598 826 2643 post
846 2589 1094 2631 Narcissum
1116 2599 1379 2645 repetentem
1395 2591 1593 2647 fingit.—

210 2664 263 2704 vi.
292 2665 370 2705 192
391 2680 482 2719 sqq.
506 2665 648 2707 Niobe
668 2667 854 2722 quinque
885 2667 1073 2709 formulis
1097 2675 1223 2723 urget
1248 2669 1345 2718 hoc,
1368 2683 1412 2710 se
1439 2668 1592 2711 libero-

210 2756 301 2783 rum
330 2758 503 2785 numero
535 2744 711 2786 Latonae
740 2748 1085 2800 praestare.—vii.
1116 2748 1192 2788 179
1216 2763 1307 2803 sqq.
1337 2747 1472 2789 Lunae
1502 2763 1592 2789 eor-
