1729 3207
210 208 266 248 '74
571 205 651 247 .P.
686 203 896 246 OV1D11
931 203 1207 245 NASONIS

214 321 327 367 Non
352 320 522 383 galeae,
550 336 646 366 non
672 319 820 374 ensis,
848 326 1018 366 erant:
1059 318 1167 366 sine
1191 317 1360 365 militis
1386 334 1477 364 usu

213 396 386 443 Mollia
412 412 597 443 securae
622 395 931 459 peragebant
954 394 1055 442 otia
1078 402 1268 457 gentes.

1500 395 1590 440 100

212 475 331 538 Ipsa
356 490 555 537 quoque
581 473 828 529 immunis,
857 479 1114 535 rastroque
1136 472 1337 528 intacta,
1359 487 1450 519 nec
1476 471 1590 518 ullis

211 551 394 598 Saucia
416 550 712 606 vomeribus,
741 565 828 613 per
853 564 906 596 se
930 549 1085 597 dabat
1107 549 1274 596 omnia
1297 548 1473 604 tellus;

210 627 548 691 Contentique
572 626 713 683 cibis,
740 626 874 673 nullo
898 633 1126 689 cogente,
1149 625 1345 682 creatis,

207 695 455 753 Arbuteos
479 704 644 760 foetus,
670 710 1006 767 montanaque
1029 702 1167 767 fraga
1189 703 1439 766 legebant,

207 892 289 917 verat
314 896 381 916 aere.
427 885 511 915 Tuba
535 887 653 922 directi,
671 891 731 917 etc.
773 885 865 917 Tuba

204 935 356 977 peditum,
366 940 398 965 et
408 940 455 965 est
464 934 600 966 directa:
618 934 714 966 lituus
723 935 864 976 equiturn

204 986 367 1022 incurvus;
399 985 507 1015 Horat.
531 984 552 1016 i.
576 984 681 1015 Carm.
705 984 725 1014 i.
749 985 809 1016 23:
837 991 865 1015 et

205 1035 280 1064 lituo
293 1035 369 1064 tubae
381 1035 537 1073 permistus
550 1035 672 1064 sonitus.

251 1084 320 1114 100.
353 1083 492 1123 Gentes]
532 1082 642 1114 Heius.
672 1083 864 1125 approbante

203 1133 312 1164 Burm.
327 1143 365 1163 ex
381 1143 443 1164 uno
459 1133 596 1164 Gronov.
611 1131 730 1164 invexit
744 1138 864 1169 mentes,

203 1180 278 1223 quia
299 1180 438 1212 homines
462 1187 528 1212 tum
549 1181 685 1212 nondum
709 1181 741 1212 in
762 1188 865 1222 gentes

203 1229 420 1261 discesserint:
438 1230 502 1261 vid.
514 1236 578 1261 not.
592 1231 664 1261 102.
691 1230 802 1261 Gentes
816 1241 863 1261 re-

201 1279 321 1315 vocavi,
337 1279 412 1321 quia
434 1284 466 1310 et
480 1280 590 1310 Senec.
606 1279 771 1322 Hippolyt.
785 1281 861 1311 527-

202 1329 278 1359 536.
302 1328 354 1359 ubi
379 1333 515 1359 nostrum
540 1329 643 1359 locum
666 1334 738 1360 ante
757 1330 864 1361 oculos

201 1377 326 1413 habuit,
341 1385 445 1419 gentes
464 1383 495 1408 et
512 1379 633 1418 populos
653 1388 755 1408 aureae
777 1377 863 1409 aetati

203 1426 321 1458 tribuit.
366 1427 470 1458 Etiam
490 1427 580 1468 Virg.
595 1427 670 1458 AEn.
688 1427 756 1458 viii.
781 1428 860 1459 325:

203 1477 356 1507 Saturnus
365 1477 489 1516 placida
506 1477 628 1516 populos
649 1478 680 1507 in
691 1488 766 1517 pace
780 1488 863 1519 rege-

202 1527 264 1556 bat.
293 1525 380 1556 Infra
390 1537 453 1557 ver.
464 1526 538 1557 339.
549 1526 654 1557 statim
664 1532 735 1568 post
744 1532 862 1558 restau-

202 1580 301 1606 ratum
332 1585 430 1616 genus
457 1575 628 1606 humanum
659 1577 764 1616 populi
798 1578 864 1607 novi

201 1630 492 1655 commemorantur.
536 1624 574 1654 In
596 1623 644 1655 his
665 1624 794 1666 pluralis
809 1635 864 1667 pro

201 1671 318 1713 singul.
363 1672 515 1703 Securitas
547 1672 604 1703 illa.
635 1673 675 1703 ab
703 1672 863 1705 invasione

201 1720 307 1752 hostili
329 1721 491 1764 turbisque
516 1721 706 1758 domesticis,
727 1732 862 1754 comme-

202 1777 337 1802 moratur
351 1777 383 1802 et
403 1772 442 1802 ab
462 1771 541 1803 aliis.
585 1772 689 1803 Sever.
702 1771 735 1802 in
750 1773 861 1809 AEtna,

201 1831 266 1851 ver.
281 1821 300 1851 9
314 1833 320 1850 ι
346 1821 449 1851 Aurea
463 1823 560 1851 securi
575 1823 639 1861 quis
654 1823 746 1851 nescit
761 1823 863 1852 secula

202 1870 314 1911 tregis?
343 1869 448 1900 Tibul.
467 1869 498 1900 d.
512 1870 534 1900 l.
563 1870 861 1912 Ultroqueferebnnt

205 1920 298 1951 Obvia
311 1921 422 1950 securis
434 1920 525 1950 ubera
539 1921 624 1950 lactis
639 1931 712 1951 ones.
743 1920 863 1951 Eadem

201 1975 234 2000 et
253 1969 434 2000 fruebantur
447 1968 596 2011 pecudes.
639 1969 728 2000 Idem
744 1969 772 2000 Ι.
787 1981 817 2001 x.
828 1971 862 2001 9.

203 2018 281 2049 Inde
297 2019 399 2049 mollia
412 2021 485 2056 otia,
501 2028 562 2061 pax
574 2018 727 2061 jucunda.
772 2019 862 2061 Virg.

203 2068 324 2107 placida
336 2079 405 2107 pax.

249 2117 320 2147 101.
345 2116 414 2156 Ipsa
437 2127 549 2157 quoque
574 2117 740 2158 immunis]
776 2118 864 2148 Non-

204 2165 278 2196 dum
303 2165 504 2205 agricultura.
548 2165 677 2196 Hesiod.
702 2176 766 2197 ver.
794 2167 864 2197 118.

202 2225 271 2256 sqq.
290 2215 430 2255 Καρπὸν
440 2212 466 2244 δ’
482 2214 566 2256 ἔφερε
579 2213 726 2257 ζείδωρος
740 2215 865 2258 ἄρουρα

204 2263 377 2305 Αὐτομάτη
408 2263 538 2295 πολλόν
561 2276 594 2295 τε
625 2265 679 2295 καὶ
707 2264 863 2306 ἄφθονον.

205 2312 286 2352 Ipsa,
307 2322 363 2343 sua
385 2318 514 2354 sponte:
541 2312 602 2344 vid.
627 2313 748 2344 Ernesti
773 2313 863 2345 Clav.

203 2361 272 2393 Cic.
285 2362 315 2392 h.
326 2374 355 2393 v.
370 2372 440 2392 mox
456 2374 509 2401 per
522 2373 561 2399 se,
576 2369 611 2393 ut
623 2361 659 2393 δι’
672 2363 798 2400 ἑαυτοῦ,
813 2374 863 2395 eo—

204 2410 275 2442 dem
301 2410 401 2442 redit:
426 2411 489 2442 vid.
504 2411 645 2443 Cortium
671 2411 711 2443 ad
735 2412 863 2444 Sallust.

203 2461 279 2500 Jug.
297 2459 340 2490 ix.
359 2460 411 2490 62.
456 2460 561 2491 Etiam
586 2460 674 2501 Virg.
696 2461 811 2503 Georg.
826 2461 861 2493 ii.

207 2509 264 2538 10:
291 2508 360 2548 Ipsa
381 2519 434 2548 per
458 2520 500 2540 se.
547 2508 702 2545 Ιηιτηιιηὶε,
723 2520 823 2542 vacua.
843 2522 862 2543 a

203 2557 344 2594 miseriis,
360 2557 505 2596 ἀπαθὴς.
549 2559 709 2601 Expressit
728 2559 858 2592 Homer.

203 2607 266 2637 Od.
278 2607 310 2637 ii.
328 2607 401 2638 109.
417 2607 470 2638 ubi
487 2613 567 2639 terra
588 2608 692 2640 omnia
704 2609 861 2652 ἄσπαρτα

201 2658 254 2687 καὶ
275 2655 422 2697 α’νὴροτα
439 2656 563 2698 profert.
606 2658 725 2689 Rostro.
772 2658 801 2688 V
804 2659 860 2700 irg-

204 2704 274 2735 Ecl.
318 2705 385 2736 Non
431 2711 541 2737 rastros
574 2709 707 2746 patietur
745 2708 859 2738 humus.

204 2754 356 2790 Rostrum.
383 2755 587 2795 ponderosum
619 2755 856 2788 instrumentum

931 883 1052 916 duobus
1066 890 1120 916 aut
1135 890 1269 927 quatuor
1282 883 1440 921 dentibus,
1451 894 1514 925 quo
1525 883 1589 925 gle-

931 934 980 964 bae
994 934 1027 965 in
1043 934 1124 976 agris
1141 934 1449 966 comminuebantur:
1475 933 1591 974 virgil.

933 982 1046 1024 Georg.
1061 983 1084 1013 i.
1100 984 1161 1014 94:
1187 993 1368 1024 quanquam
1388 988 1420 1013 et
1437 981 1591 1013 sarritioni

932 1031 1131 1069 inserviebat,
1145 1042 1209 1062 ver.
1223 1032 1294 1062 155.

977 1082 1050 1112 102.
1065 1081 1206 1122 Saucia]
1233 1080 1320 1112 Sulci
1333 1085 1406 1112 sunt
1416 1080 1513 1112 veluti
1523 1080 1592 1111 vul-

930 1141 1014 1167 nera,
1027 1130 1142 1173 quibus
1156 1130 1343 1161 dilaceratur
1356 1135 1477 1171 tergum
1491 1135 1594 1161 terrae.

930 1179 1040 1210 Latius
1063 1180 1131 1211 haec
1155 1179 1238 1210 Plin.
1253 1179 1296 1210 H.
1312 1180 1355 1210 N.
1370 1179 1402 1210 ii.
1418 1179 1470 1210 63.
1487 1189 1591 1221 perse·

929 1229 1045 1270 quitur,
1058 1235 1090 1260 et
1103 1230 1194 1271 plura
1207 1228 1406 1260 lacerationis
1418 1238 1532 1270 genera
1544 1227 1592 1259 in·

931 1278 1048 1310 vidiose
1078 1283 1312 1310 commemorat.
1369 1278 1444 1308 Non
1479 1277 1593 1308 mirum

929 1334 1034 1358 autem
1051 1334 1108 1364 est,
1124 1327 1347 1370 agriculturam
1367 1326 1421 1358 diu
1438 1326 1532 1358 fuisse
1546 1326 1593 1368 ig-

930 1382 1083 1414 noratam,
1095 1377 1213 1419 quippe
1225 1387 1294 1418 quae
1306 1376 1475 1407 multarum
1489 1386 1593 1407 rerum

929 1426 1104 1463 scientiam,
1130 1436 1278 1468 magnam
1310 1435 1427 1462 curam,
1455 1425 1591 1457 multum

930 1475 1043 1507 laboris
1056 1475 1205 1518 requirat.

976 1525 1047 1556 103.
1067 1525 1164 1555 Nullo
1178 1523 1326 1566 cogente]
1352 1522 1593 1565 Virgil.Georg.

930 1574 951 1605 i.
966 1575 1038 1606 128.
1054 1574 1122 1616 pari
1143 1573 1311 1615 elegantia,
1328 1575 1414 1604 nullo
1434 1579 1570 1613 poscente
1578 1585 1590 1611 ;

931 1634 1111 1666 quanquam
1134 1622 1217 1655 idem
1241 1629 1274 1654 et
1296 1624 1391 1654 nullis
1409 1624 1592 1665 cogentibus,

931 1673 1046 1714 Georg.
1060 1672 1093 1704 ii.
1111 1673 1165 1703 10:
1190 1677 1356 1714 utrumque
1376 1672 1506 1702 verbum
1530 1682 1592 1703 non

930 1722 1033 1754 minus
1047 1722 1216 1763 eleganter,
1230 1731 1324 1763 quam
1341 1724 1487 1762 imperare
1503 1723 1594 1758 arvis,

930 1771 969 1802 de
991 1770 1133 1812 agricolis
1153 1771 1278 1808 dicitur,
1294 1770 1347 1812 qui
1362 1770 1460 1802 veluti
1481 1777 1594 1813 cogunt

929 1825 1042 1851 terram
1055 1820 1158 1861 fruges
1172 1819 1302 1852 reddere
1317 1819 1501 1851 cultoribus:
1519 1819 1591 1852 vide

929 1871 1101 1900 Burmann.
1146 1869 1231 1901 Arva
1258 1879 1331 1900 vero
1363 1880 1459 1911 quum
1487 1870 1592 1911 fruges

929 1918 1074 1956 reddunt,
1099 1919 1245 1950 dicuntur
1267 1930 1382 1958 parere,
1405 1921 1593 1960 respondere,

929 1973 989 1999 etc.
1026 1968 1088 1999 Sed
1107 1971 1175 2005 cibi,
1191 1968 1246 2010 qui
1263 1969 1329 2010 jam
1345 1974 1520 2005 narrantur,
1535 1969 1594 2000 mi-

930 2017 1012 2049 nime
1034 2016 1113 2048 lauti
1136 2023 1219 2054 sunt,
1244 2029 1346 2060 neque
1370 2019 1409 2049 ob
1435 2029 1488 2050 eos
1511 2018 1591 2050 invi·-

930 2066 1033 2098 denda
1046 2077 1140 2098 aurea
1155 2073 1242 2097 aetas.

977 2116 1048 2146 104.
1059 2116 1329 2158 Arbuteosfoetus.]
1342 2117 1476 2147 Arbuta.
1492 2117 1593 2147 Arbu-

932 2172 990 2201 tus,
1007 2165 1095 2196 arbor
1110 2164 1268 2202 fruticosa,
1279 2165 1311 2196 in
1327 2165 1421 2196 Italia
1435 2165 1592 2208 frequens,

930 2225 1025 2257 poma
1047 2214 1146 2246 serens
1169 2214 1313 2246 rubentia
1337 2216 1384 2256 (x.
1402 2215 1482 2255 101)
1497 2215 1593 2257 fragis

931 2263 1057 2299 similia,
1073 2268 1104 2294 et
1120 2263 1261 2294 difficilia
1281 2263 1474 2295 concoctioni
1490 2264 1592 2305 (Plin.

931 2312 1017 2344 xxiii.
1033 2312 1080 2352 8.)
1096 2313 1210 2354 quibus
1225 2312 1372 2344 tenuioris
1387 2313 1476 2344 sortis
1493 2313 1592 2345 homi-

930 2374 985 2394 nes
1008 2363 1093 2394 vesci
1117 2363 1277 2394 solebant:
1304 2363 1367 2394 vid.
1389 2364 1530 2405 Martyn.
1551 2363 1591 2395 ad

931 2412 1044 2454 virgil.
1057 2413 1078 2444 i.
1096 2414 1167 2444 148.
1198 2412 1301 2443 Etiam
1316 2414 1426 2449 Varro,
1443 2414 1484 2444 R.
1501 2414 1543 2445 R.
1558 2413 1593 2445 ii.

929 2461 949 2493 i.
964 2467 996 2494 et
1007 2462 1119 2504 virgil.
1134 2462 1165 2494 d.
1180 2462 1201 2493 l.
1217 2472 1270 2493 eos
1285 2462 1380 2493 foetus
1394 2462 1427 2493 in
1439 2462 1590 2504 antiquis-

928 2511 1075 2542 simorum
1100 2511 1261 2542 hominum
1286 2511 1372 2542 victu
1401 2522 1589 2543 commemo-

928 2566 1007 2591 rant.
1036 2560 1097 2591 Sed
1109 2562 1224 2591 arborei
1229 2560 1340 2602 jn‘tus,
1351 2571 1420 2602 quae
1433 2567 1480 2592 est
1492 2562 1591 2592 altera

926 2609 1030 2645 lectio,
1046 2609 1146 2640 forent
1159 2620 1252 2652 poma
1267 2621 1298 2641 x.
1309 2611 1382 2642 669.
1427 2610 1505 2642 Haec
1519 2621 1590 2642 vero

928 2658 1026 2699 magis
1050 2658 1206 2689 culturam
1230 2659 1399 2700 postulant,
1423 2658 1589 2701 minusque

927 2707 1005 2738 adeo
1019 2707 1118 2749 primo
1133 2708 1238 2739 seculo
1253 2708 1443 2740 conveniunt
1457 2721 1462 2737 z
1489 2707 1587 2738 tribu-

929 2762 1020 2788 untur
1042 2757 1070 2787 ei
1093 2763 1208 2793 tamen,
1232 2769 1281 2788 xv.
1300 2759 1352 2789 97.
1370 2757 1480 2789 Heius.
1504 2757 1586 2798 conj.
