1729 3207
198 199 254 240 94
585 196 634 236 P.
669 193 880 236 OVIDII
915 190 1192 235 NASONIS

205 313 460 360 Convocat
486 312 563 359 hic
590 325 786 365 amnes;
824 308 909 371 qui
935 314 1201 371 postquam
1227 311 1361 352 tecta
1385 301 1581 366 tyranni

207 390 455 437 Intravere
481 388 573 444 sui,
603 393 632 413 “
663 386 776 434 Non
801 392 878 433 est
901 384 1173 432 hortamine
1200 383 1346 444 longo

208 466 371 521 Nunc,
399 465 482 521 ait,
509 464 778 512 utendum:
807 461 934 509 vires
959 460 1197 508 effundite
1222 465 1426 506 vestras.

208 543 291 591 Sic
316 559 441 607 opus
467 548 570 598 est;
600 539 787 604 aperite
812 538 1000 593 domos,
1028 553 1102 592 ac,
1129 535 1259 582 mole
1285 540 1487 586 remota,

210 619 518 668 Fluminibus
544 617 720 666 vestris
745 623 873 664 totas
897 614 1150 662 immittite
1174 609 1428 659 habenas.'

1435 609 1444 623 '
1491 612 1588 654 280

207 697 235 744 J
241 703 459 745 usserat:
488 696 537 742 hi
563 695 792 749 redeunt,
819 708 876 740 ac
902 690 1122 738 fontibus
1148 704 1233 736 ora
1259 688 1500 740 relaxant,

211 774 277 822 Et
299 773 554 821 defrenato
578 771 837 818 volvuntur
862 768 911 815 in
936 781 1136 830 aequora
1159 781 1322 812 cursu.

211 852 327 916 Ipse
352 850 566 898 tridente
591 865 680 896 suo
704 855 885 895 terram
910 843 1183 909 percussit:
1212 849 1264 890 at
1290 841 1373 887 iila

211 928 489 983 Intremuit,
516 933 756 988 motuque
782 924 918 971 sinus
942 920 1178 986 patefecit
1203 933 1460 982 aquarum.
1497 918 1592 961 284

215 1005 511 1070 Exspatiata
535 1009 684 1050 ruunt
708 1018 795 1066 per
817 1006 1014 1064 apertos
1039 997 1243 1045 flumina
1267 1010 1498 1058 campos;

214 1083 446 1146 Cumque
462 1081 582 1128 satis
599 1080 800 1127 arbusta
815 1077 977 1133 simul,
994 1074 1332 1139 pecudesque,
1349 1072 1594 1132 virosque,

213 1159 500 1223 Tectaque3
537 1174 753 1220 cumque
779 1156 881 1204 suis
907 1154 1106 1218 rapiunt
1129 1149 1402 1216 penetralia
1426 1146 1596 1195 sacris.

217 1237 270 1284 Si
296 1253 397 1301 qua
420 1237 596 1284 domus
617 1234 815 1290 mansit,
842 1231 1107 1298 potuitque
1133 1228 1363 1276 resistere
1388 1231 1528 1272 tanto

216 1314 477 1379 Indejecta
500 1314 646 1371 malo,
674 1313 872 1360 culmen
896 1317 1063 1358 tamen
1089 1306 1231 1354 altior
1254 1304 1402 1367 hujus

216 1471 344 1501 οων-αἶσα
360 1475 413 1500 aut
428 1471 540 1500 viridia
555 1468 714 1499 dicuntur.
760 1467 797 1497 In
818 1477 872 1497 no-

216 1518 299 1549 mine
300 1519 410 1560 frater
421 1518 498 1549 latet
509 1528 603 1549 causa
613 1516 725 1559 promti
741 1515 849 1547 auxilii
865 1527 871 1545 ε

215 1568 416 1608 auxiliaribus
429 1568 531 1603 undis,
546 1571 696 1607 tanquam
718 1563 875 1596 auxiliari-

216 1616 275 1647 bus
289 1615 397 1658 copiis.
442 1615 598 1646 Praeelara
613 1614 693 1645 idea.

259 1665 333 1695 276.
356 1664 491 1704 Amnes]
518 1664 597 1694 Sunt
622 1662 688 1699 Dii,
710 1663 763 1704 qui
787 1662 877 1693 habi-

217 1719 285 1744 tant
307 1713 339 1743 in
364 1713 500 1744 fontibus
523 1712 672 1748 amnium,
697 1712 750 1753 qui
777 1712 878 1742 fontes

216 1763 296 1793 hanc
315 1763 354 1793 ob
370 1772 497 1793 causam
515 1772 586 1792 mox
602 1766 752 1792 vocantur
765 1763 878 1791 domus.

219 1811 285 1842 Hos
294 1823 346 1842 con
354 1818 447 1847 vocat,
459 1817 494 1841 ut
508 1810 676 1852 imperator
690 1810 878 1851 praetorium,

219 1858 318 1901 iisque
351 1859 495 1895 breviter,
531 1868 615 1890 more
650 1858 879 1899 imperatorum,

219 1908 369 1939 mandata
379 1907 444 1938 dat.
476 1907 594 1938 Amnes
605 1912 721 1943 autem,
733 1906 879 1948 quoniam

220 1969 253 1989 se
276 1957 309 1990 in
332 1968 418 1989 mare
440 1963 620 1994 exonerant,
637 1958 808 1998 tyrannidi,
822 1956 879 1988 im-

221 2007 305 2049 perio
320 2006 460 2048 Neptuni
475 2005 607 2048 subjecti
619 2011 701 2037 sunt.

265 2057 339 2088 278.
365 2057 457 2093 Vires,
482 2066 591 2097 aquas.
617 2055 720 2092 Moles,
746 2061 827 2086 terra
850 2062 882 2087 et

221 2115 298 2137 saxa
319 2104 432 2147 quibus
454 2110 612 2136 coercetur
633 2103 780 2140 foramen,
799 2104 881 2135 unde

223 2153 336 2185 fluvius
352 2153 427 2185 exit.
453 2153 540 2184 Totas
551 2154 687 2184 habenas.
708 2153 882 2184 Translatio

223 2203 263 2234 ab
273 2201 364 2244 equis
378 2209 513 2244 sumpta,
529 2201 584 2244 qui
599 2202 727 2233 habenis
740 2202 881 2233 inhiben-

222 2258 282 2284 tur.
305 2252 470 2282 Imminere
484 2252 610 2282 habenas
624 2250 739 2293 passim
754 2262 882 2293 usurpa-

223 2306 273 2332 tur
285 2311 304 2331 a
318 2301 427 2342 poetis,
438 2300 492 2331 ubi
505 2300 608 2331 durior
621 2301 687 2342 ejus
702 2311 775 2332 usus
786 2300 882 2331 videri

224 2350 336 2392 possit:
354 2351 383 2381 V
387 2350 525 2392 irg.AEn.
537 2361 565 2380 v.
577 2350 650 2380 662.
661 2349 699 2381 de
711 2350 793 2391 igne,
793 2350 883 2390 furit

223 2401 357 2430 immissis
376 2399 528 2430 Vulcanus
544 2399 662 2429 habenis
674 2410 685 2436 ;
709 2399 834 2431 Lucret.
850 2410 881 2429 v.

226 2449 299 2480 785.
318 2448 440 2480 arbores
461 2450 593 2479 immissis
616 2449 735 2479 habenis
754 2458 808 2490 per
827 2458 881 2479 au-

225 2508 275 2529 ras
307 2503 461 2528 crescunt.
506 2497 562 2527 Est
592 2503 696 2528 autem
727 2499 884 2528 immittere

226 2546 269 2578 id.
285 2557 316 2588 q.
331 2545 505 2582 admittere,
520 2546 624 2577 laxare
638 2558 644 2576 z
667 2545 754 2588 Virg.
771 2547 848 2577 AEn.
866 2545 886 2577 i.

226 2597 279 2628 63.
294 2596 394 2627 ventis
421 2597 502 2626 laxas
522 2596 646 2626 habenas
667 2598 752 2627 dare.
799 2595 886 2627 Idem

225 2651 332 2687 tropus
343 2655 414 2676 mox
430 2644 462 2676 in
477 2644 632 2686 defrenato
643 2656 744 2676 cursu.

271 2695 344 2725 281.
370 2694 461 2734 Ora.]
480 2693 642 2725 Foramina
655 2693 795 2725 fontium.
827 2694 884 2724 Re-

229 2744 342 2778 imant,
369 2748 404 2774 ut
429 2749 514 2774 tanto
543 2743 638 2784 major
662 2744 707 2774 vis
735 2753 886 2784 aquarum

1502 1302 1599 1347 289

941 1472 1139 1506 prorumpere
1154 1459 1260 1503 possit.
1305 1457 1450 1488 Fontibus
1464 1467 1526 1486 ora.
1564 1454 1601 1484 In

943 1511 1044 1545 fluviis
1062 1511 1209 1541 dicuntur
1229 1508 1318 1539 ostia.
1363 1505 1479 1537 Aditus
1498 1505 1604 1535 dorno-

943 1572 1010 1592 rum
1026 1567 1058 1592 et
1072 1559 1181 1590 limina
1196 1557 1290 1590 etiam
1305 1568 1357 1587 ora
1372 1555 1517 1586 dicuntur
1529 1566 1536 1592 3
1549 1554 1605 1584 'uti

943 1617 1045 1653 partes
1063 1610 1173 1640 domus
1192 1608 1332 1639 membra
1350 1617 1369 1637 a
1389 1605 1472 1636 Plin.
1491 1613 1603 1634 vocan-

945 1666 1004 1691 tur.
1041 1659 1131 1700 Virg.
1148 1659 1224 1688 ffln.
1239 1657 1281 1688 vi.
1298 1666 1360 1686 ver.
1376 1655 1417 1686 53
1431 1667 1436 1684 :
1463 1658 1482 1670 ‘¹
1500 1651 1601 1683 dehis<

945 1714 1018 1740 cent
1029 1707 1182 1739 Attonitae
1197 1715 1312 1747 magna
1325 1715 1377 1734 ora
1392 1702 1538 1734 domus.”

986 1765 1062 1795 283.
1099 1762 1175 1803 Ipse,
1212 1768 1248 1793 ut
1275 1762 1384 1798 αὐτὸς,
1413 1759 1453 1790 de
1482 1758 1607 1788 domino

944 1823 1062 1849 eorum,
1099 1811 1138 1842 de
1179 1810 1292 1853 quibus
1334 1819 1443 1844 sermo,
1484 1807 1608 1838 dicitur.

947 1862 1082 1893 Tridens.
1106 1861 1253 1902 Τρὶαινα,
1275 1859 1395 1901 insigne
1416 1857 1557 1900 Neptuni
1578 1862 1609 1887 et

946 1910 1241 1953 θαλαττοκρατίας,
1265 1909 1349 1940 haud
1370 1908 1463 1940 dubie
1485 1912 1607 1949 propte-

947 1970 1009 1996 rea,
1026 1960 1110 2001 quod
1128 1969 1213 1990 mare
1235 1958 1357 1989 tertiam
1375 1957 1532 1998 regionem
1555 1956 1610 1986 ob-

948 2009 1036 2045 tinet,
1058 2008 1116 2039 etsi
1141 2008 1194 2038 alii
1221 2007 1326 2038 aliter:
1351 2005 1422 2037 vide
1446 2005 1609 2036 Plutarch.

949 2057 989 2088 de
1001 2056 1077 2088 Isid.
1093 2069 1124 2099 p.
1140 2058 1214 2088 581.
1243 2055 1354 2087 Reisk.
1369 2055 1517 2086 Tridente
1532 2054 1611 2085 solet

948 2112 980 2139 et
1000 2112 1101 2148 potest
1126 2107 1294 2147 Neptunus
1313 2110 1469 2144 percutere
1489 2110 1613 2138 terram,

949 2155 1032 2187 unde
1046 2155 1180 2194 κινητής
1200 2157 1275 2196 γῆς,
1295 2154 1482 2195 σεισίχθων,
1499 2152 1610 2194 γαιήο-

949 2217 1020 2246 χος,
1041 2210 1101 2236 etc.
1125 2204 1256 2236 dicitur:
1284 2203 1356 2235 vide
1381 2203 1550 2245 Spanhem.
1571 2201 1610 2232 ad

951 2253 1076 2285 Callim.
1087 2253 1118 2284 h.
1131 2252 1204 2284 Del.
1216 2254 1268 2289 30,
1281 2253 1332 2284 31.
1348 2253 1438 2283 Sinus
1453 2263 1610 2292 aquarum,

949 2313 1098 2334 cavernas
1119 2301 1208 2344 aquis
1228 2302 1376 2344 repletas.
1392 2302 1480 2342 Virg.
1495 2302 1611 2342 Georg-

949 2355 991 2386 ἰν.
1007 2353 1081 2383 364.
1100 2358 1189 2383 vocat
1203 2353 1351 2392 speluncis
1368 2353 1450 2382 lucus
1464 2351 1586 2381 clausos.

991 2402 1066 2433 285.
1091 2401 1193 2432 Locus
1217 2400 1420 2432 adumbratus
1445 2409 1483 2430 ex
1500 2398 1614 2440 Virgil.

951 2451 1026 2481 AEn.
1042 2449 1074 2482 ii.
1087 2450 1161 2481 496.

994 2500 1069 2530 287.
1093 2499 1220 2539 Sacris]
1248 2498 1351 2534 Sacra,
1366 2496 1532 2528 simulacra
1554 2496 1613 2526 Pe-

955 2554 1062 2579 natum
1078 2558 1209 2589 quorum
1223 2547 1358 2578 sacraria
1375 2551 1463 2577 erant
1476 2551 1615 2586 penetra·
1651 2541 1655 2546 ’

955 2599 1009 2628 lia.
1035 2597 1111 2628 vid.
1125 2596 1228 2628 Cerda
1242 2596 1282 2627 ad
1298 2595 1386 2637 Virg.
1404 2596 1478 2626 AEn.
1494 2594 1524 2625 ii.
1537 2595 1613 2625 293.

954 2651 986 2677 et
1014 2646 1116 2686 Heyn.
1142 2646 1219 2676 Exc.
1245 2645 1286 2675 ix.
1334 2644 1469 2679 Manere,
1495 2655 1613 2685 μενειν,

954 2695 1100 2726 dicuntur
1130 2705 1198 2736 quae
1230 2700 1343 2725 statum
1373 2704 1462 2724 suum
1491 2699 1615 2724 servant

954 2745 1081 2775 immota
1096 2756 1101 2772 :
1128 2743 1195 2774 Liv.
1212 2742 1273 2774 xxi.
1289 2744 1340 2774 58.
