1763 3181
191 181 277 222 486

199 296 424 343 Solverat
445 296 684 358 ingeniis:
726 303 776 342 et
801 297 1112 360 praecipitata
1129 299 1332 360 jacebat

586 182 636 223 P.
671 181 883 223 OVIDII
918 182 1196 224 NASONIS

1492 299 1587 343 760

205 372 474 419 Immemor
499 373 784 434 ambagum,
811 380 949 419 vates
975 374 1187 420 obscura
1212 389 1426 420 suarum.

199 448 406 496 Scilicet
431 450 561 496 alma
585 448 788 495 Themis
814 465 911 495 non
936 449 1054 496 talia
1077 449 1259 512 linquit
1284 450 1465 496 inulta:

200 524 435 571 Protinus
462 524 636 572 Aoniis
663 524 947 571 immittitur
970 526 1123 572 altera
1147 525 1334 572 Thebis

197 599 392 659 Pestis;
434 609 484 649 et
505 601 659 648 exitio
685 601 826 648 multi
846 618 1185 665 pecorumque
1211 619 1402 665 suoque

197 677 467 740 Rurigenae
492 694 673 742 pavere
698 677 878 725 feram:
918 679 1079 726 vicina
1098 680 1335 741 juventus

1494 682 1589 726 705

195 753 466 812 Venimus3
509 761 559 802 et
582 755 708 801 latos
734 755 968 817 indagine
991 756 1237 803 cinximus
1264 772 1424 817 agros

197 830 294 879 Illa
318 832 412 879 levi
437 833 583 879 velox
610 833 879 896 superabat
902 833 1027 880 retia
1047 834 1205 890 saltu3

200 908 510 971 Summaque
535 908 779 956 transibat
803 910 1076 973 positarum
1102 910 1202 957 lina
1226 911 1501 974 plagarum.

200 985 398 1049 Copula
421 985 698 1033 detrahitur
723 987 950 1043 canibus,
979 1003 1105 1050 quas
1131 987 1216 1035 illa
1239 995 1510 1050 sequentes

199 1061 408 1124 Effugit,
436 1069 486 1109 et
508 1062 693 1109 volucri
719 1079 817 1110 non
844 1064 1046 1126 segnius
1072 1064 1190 1112 alite
1215 1065 1358 1111 ludit.

1498 1067 1595 1111 770

197 1138 387 1186 Poscor
412 1145 462 1186 et
485 1138 593 1202 ipse
618 1155 785 1186 meum
811 1156 1058 1187 consensu
1086 1141 1286 1205 Laelapa
1310 1156 1506 1203 magno.

196 1215 422 1263 Muneris
446 1216 541 1263 hoc
566 1232 775 1264 nomen:
809 1217 1109 1280 jamdudum
1133 1218 1330 1265 vincula
1354 1225 1544 1282 pugnat

202 1291 403 1342 Exuere
427 1293 535 1358 ipse
560 1293 671 1350 sibi,
699 1295 928 1358 colloque
952 1295 1197 1343 morantia
1216 1295 1392 1343 tendit.

199 1451 269 1481 bani
304 1450 483 1487 Naiadibus,
514 1451 719 1493 Nymphisque
742 1452 864 1494 futura

197 1501 439 1539 praedicentibus,
466 1500 616 1531 Themidis
646 1502 718 1532 Deae
743 1503 866 1532 obscura

200 1550 303 1579 dantis
332 1559 480 1588 responsa,
511 1550 654 1588 templum
679 1556 865 1581 everterunt.

200 1596 273 1628 Nisi
293 1607 365 1628 cum
382 1597 511 1628 Heinsio
532 1597 636 1629 dicere
652 1598 742 1635 velis,
761 1604 868 1630 aucto-

198 1655 264 1676 rem
280 1645 414 1676 illumin
426 1646 590 1677 mendosos
606 1646 754 1679 incidisse
769 1648 865 1679 Codi-

199 1705 262 1732 ces,
279 1701 310 1726 et
322 1695 528 1726 inveteratum
544 1706 611 1727 esse
627 1706 770 1728 errorem.
807 1699 866 1727 Ασ-

201 1747 272 1780 niis,
301 1744 434 1776 Boeotiis
462 1744 567 1776 Aonia
603 1744 686 1776 enim
719 1756 791 1788 pars
820 1751 868 1777 est

201 1793 349 1824 Boeotiae.

245 1842 319 1872 764.
344 1842 451 1878 Pestis,
466 1843 574 1874 bellua
595 1849 709 1875 terram
731 1849 868 1881 vestans,

202 1896 239 1922 ut
249 1892 337 1930 pestis
356 1891 489 1929 Nemoea,
502 1892 631 1923 Heroid.
646 1892 689 1924 ix.
705 1894 758 1924 61.
803 1894 868 1924 De-

202 1939 328 1982 scriptio
343 1950 478 1981 sequens
498 1940 610 1983 lupum
627 1941 767 1973 indicare
783 1941 870 1973 vide-

200 1994 270 2027 tur;
299 1989 354 2021 sed
379 2000 417 2019 ex
439 1989 600 2021 Antonino
624 1997 656 2022 et
677 1991 868 2033 Apollodoro

200 2038 327 2079 vulpem
343 2038 436 2068 fuisse
451 2038 577 2071 scimus.
613 2040 709 2071 Dicta
725 2047 772 2071 est
786 2041 869 2072 Teu-

203 2086 302 2117 mesia
315 2087 508 2123 aTeumeso,
524 2094 629 2118 monte
646 2089 793 2120 Boeotiae.
822 2090 870 2120 Ea

201 2135 440 2178 Amphitryonis
471 2138 551 2177 (non
577 2137 759 2179 OEdipodis)
789 2143 867 2169 tem-

202 2195 277 2227 pore
300 2185 434 2217 molesta
454 2192 521 2217 erat
544 2186 714 2218 Thebanis.
762 2188 812 2224 Ei,
829 2199 869 2219 ne

203 2233 309 2276 plures
323 2239 456 2276 raperet,
467 2234 610 2266 Thebani
627 2246 724 2266 unum
739 2235 870 2277 singulis

203 2283 363 2314 mensibus
383 2294 515 2326 puerum
539 2284 750 2316 devorandum
773 2296 868 2328 appo-

204 2332 333 2363 nebant.
347 2332 539 2369 Antoninus,
549 2333 770 2375 Apollodorus.
784 2334 868 2365 Hinc

205 2381 371 2412 arcessitur
401 2381 561 2423 Cephalus
587 2393 660 2414 cum
690 2393 769 2414 cane
797 2393 867 2414 suo.

206 2430 374 2471 Rurigenoe
391 2440 505 2462 novum
514 2432 714 2463 vocabulum.
763 2432 868 2463 Vicina

195 2480 357 2519 juventus.
402 2479 485 2511 Vide
500 2479 540 2511 ad
554 2479 619 2512 viii.
633 2480 707 2511 300.

250 2528 324 2559 767.
353 2528 441 2559 Levis
469 2530 574 2566 saltus,
600 2534 636 2561 ut
664 2529 817 2561 Phaedrus
844 2530 872 2561 Ι.

208 2575 316 2608 fabula
331 2576 385 2608 xii.
395 2578 428 2608 8.
447 2578 562 2609 Cursus
576 2579 657 2613 levis,
673 2577 766 2613 celer,
781 2579 872 2619 quasi

209 2634 320 2666 corpus
334 2625 404 2657 leve
416 2631 509 2657 esset.
539 2626 698 2668 Hyginus,
715 2626 754 2657 P.
766 2626 806 2657 A.
819 2628 871 2658 35.

209 2675 322 2713 vulpes,
338 2676 388 2704 cui
409 2676 515 2705 datum
538 2676 705 2711 dicebatur,
719 2682 756 2706 ut
775 2687 872 2706 omnes

210 2733 296 2754 canes
310 2723 553 2764 effligereposset.
601 2725 717 2757 Versus
733 2725 869 2755 Summa·

1291 1416 1309 1424 ο

929 1463 994 1493 que,
1015 1457 1076 1483 etc.
1095 1450 1306 1483 redundanter
1333 1451 1476 1493 adjectus
1499 1460 1594 1491 supe-

930 1501 1012 1533 riori.
1057 1502 1096 1532 In
1111 1501 1170 1532 hoe
1184 1512 1274 1532 versu
1288 1500 1477 1531 Basileensis
1489 1500 1596 1531 Codex

931 1550 986 1581 dat
1012 1553 1176 1589 pictarum,
1203 1561 1264 1581 non
1294 1549 1489 1592 improbante
1515 1549 1597 1579 Bur-

932 1609 1057 1634 manno,
1079 1599 1154 1640 quia
1177 1599 1279 1640 plagae
1302 1598 1397 1629 variis
1421 1598 1599 1640 plumarum

934 1648 1086 1679 coloribus
1101 1647 1256 1679 distinctae
1271 1647 1396 1678 fuerint.

979 1697 1053 1727 769.
1079 1697 1194 1736 Copula
1213 1697 1397 1733 detrahitur,
1414 1695 1494 1736 etc.]
1521 1695 1600 1726 Haec

933 1745 1068 1776 narratio
1090 1751 1204 1776 exacta
1219 1745 1295 1776 satis
1318 1751 1365 1776 est
1380 1751 1411 1775 et
1426 1744 1597 1775 minutissi-

934 1805 987 1825 ma
1009 1805 1144 1836 quaeque
1169 1800 1241 1825 ante
1265 1795 1371 1825 oculos
1394 1793 1493 1836 ponit.
1538 1793 1602 1824 Illa

936 1850 1042 1875 autem
1058 1844 1224 1886 diligentia
1239 1855 1317 1886 opus
1333 1849 1410 1880 erat,
1429 1855 1524 1885 quum
1537 1843 1598 1875 Ce-

935 1893 1050 1935 phalus
1065 1893 1160 1924 vellet
1179 1899 1211 1924 et
1230 1900 1374 1923 naturam
1396 1892 1523 1923 monstri
1542 1892 1601 1922 im·

938 1941 1025 1972 missi
1041 1948 1072 1973 et
1086 1942 1281 1973 celeritatem
1297 1941 1384 1973 canis
1404 1941 1453 1973 sui
1475 1941 1508 1972 in
1527 1942 1599 1972 luce

935 1990 1099 2022 collocare.
1145 1991 1186 2021 Et
1199 1991 1231 2020 in
1247 1991 1350 2026 rebus,
1365 1991 1479 2032 quibus
1494 1989 1600 2022 devoti

935 2050 1052 2076 sumus,
1081 2040 1261 2071 enarrandis
1289 2046 1354 2071 tam
1389 2039 1505 2082 copiosi
1535 2050 1602 2071 esse

935 2088 1081 2120 solemus.
1128 2089 1253 2128 Copula,
1270 2087 1440 2124 funiculus,
1458 2099 1520 2130 quo
1544 2088 1602 2119 du-

936 2143 1049 2168 cuntur
1071 2147 1166 2168 canes
1188 2137 1334 2173 venatici,
1351 2137 1522 2173 vinculum,
1539 2148 1601 2179 quo

935 2185 1082 2227 ligantur.
1129 2186 1335 2223 Detrahitur,·
1360 2186 1477 2228 primus
1503 2186 1599 2218 Pala-

937 2234 1031 2271 tinus,
1046 2236 1242 2270 distrahitur,
1259 2241 1294 2266 ut
1309 2234 1454 2277 copulam
1473 2241 1598 2277 ruptam

936 2282 1055 2326 impetu
1079 2293 1192 2314 canum
1215 2284 1380 2325 significet.
1425 2283 1523 2314 Ludit
1546 2295 1601 2326 pro

936 2334 1044 2369 eludit,
1068 2333 1152 2375 quod
1175 2333 1240 2364 viii.
1264 2334 1346 2364 687:
1372 2332 1416 2364 sic
1443 2334 1599 2369 deludere,

936 2382 1077 2413 Halicut.
1089 2383 1130 2413 25
1143 2394 1152 2421 ;
1174 2383 1339 2423 ludificari,
1351 2381 1445 2413 Silius
1460 2382 1601 2418 Italicus,

936 2430 992 2462 vii.
1012 2432 1085 2462 642.
1132 2432 1249 2471 Laelaps
1271 2430 1391 2462 Graecis
1412 2431 1534 2473 proprie
1555 2438 1604 2462 est

937 2481 1041 2511 turbo.
1086 2481 1116 2511 A
1128 2480 1294 2512 velocitate
1310 2486 1341 2512 et
1357 2480 1475 2523 impetu
1488 2490 1602 2512 nomen

939 2529 997 2560 hoc
1013 2529 1147 2561 inditum
1162 2530 1220 2561 fuit
1235 2530 1319 2561 cani.

983 2578 1056 2609 773.
1075 2579 1201 2620 Pugnat
1212 2590 1334 2616 exuere,·
1352 2583 1481 2610 conatur
1495 2577 1599 2610 detra-

939 2626 1023 2663 here,
1037 2630 1172 2664 vincula,
1183 2627 1282 2659 lorum
1295 2639 1356 2670 quo
1367 2628 1542 2664 tenebatur,
1552 2627 1602 2659 vel

938 2676 1038 2717 ipsam
1055 2677 1213 2719 copulam.
