1763 3181
407 185 1027 228 METAMORPHOSEON
1060 187 1178 228 LIB.
1212 187 1276 227 ΙΙ.

1450 190 1532 230 199

152 305 182 322 “
204 298 283 345 Ire
308 300 474 356 boves,
492 301 564 348 fer
588 318 733 365 opem
757 301 987 365 furtoque
1013 302 1212 350 silentia
1230 303 1374 350 deme
1394 320 1403 350 :
1434 307 1530 350 700

148 374 179 421 J
184 383 335 423 uncta
358 394 446 424 suo
471 379 685 441 pretium
710 379 909 427 dabitur
933 379 1023 427 tibi
1048 379 1231 427 femina
1255 379 1445 427 tauro.''

148 451 218 499 At
242 453 419 511 senior,
445 462 712 518 postquam
737 472 927 503 merces
950 457 1216 518 geminata,
1250 461 1280 480 ‘⁶
1304 456 1409 503 Sub
1435 456 1531 503 illis

150 527 457 586 Montibus,''
482 531 659 594 inquit,
689 538 718 556 ‘⁴
746 539 889 579 erunt
906 532 950 579 :''
977 540 1027 579 et
1059 540 1200 580 erant
1233 534 1325 580 sub
1353 534 1531 579 monti-

348 607 441 654 bus
465 607 577 654 illis.

151 682 283 729 Risit
301 682 634 743 Atlantiades3
673 693 738 743 et,
768 692 798 710 ‘⁶
817 686 903 734 Me
928 660 1065 743 mihi,
1092 687 1296 751 perfide,
1326 687 1492 751 prodis
1513 687 1530 733 3

150 758 238 806 Me
262 760 381 807 mihi
405 761 572 824 prodis
588 762 637 808 ?”
663 763 757 820 ait3
787 765 1083 827 perjuraque
1109 771 1313 827 pectora
1334 764 1482 811 vertit

149 835 210 883 In
229 837 407 885 durum
425 839 631 895 silicem,
652 840 739 903 qui
764 856 894 888 nunc
916 857 1116 904 quoque
1142 841 1321 888 dicitur
1342 840 1526 888 Index:

151 913 311 977 Inque
337 915 458 962 nihil
482 917 656 964 merito
680 925 821 964 vetus
848 925 924 965 est
948 918 1150 966 infamia
1172 935 1310 965 saxo.

1435 921 1527 965 707

215 991 364 1040 VIII.
393 993 524 1042 Hinc
541 1011 594 1041 se
616 995 883 1042 sustulerat
900 996 1103 1059 paribus
1122 995 1389 1043 Caducifer
1407 995 1498 1042 alis
1516 1013 1527 1052 3

191 1162 265 1193 703.
288 1162 565 1206 Sub—montibus]
584 1165 667 1197 Rod.
692 1176 805 1208 sequu-

149 1217 199 1242 tus
222 1218 269 1243 est
284 1218 420 1244 veterem
440 1214 512 1245 lect.
532 1216 585 1245 sub
606 1216 668 1245 illis
691 1214 806 1246 Monti-

150 1263 212 1299 bus,
236 1263 346 1303 inquit,
370 1270 454 1299 eunt,
481 1271 510 1295 et
534 1271 606 1295 eunt
630 1266 682 1294 sub
701 1276 741 1295 m.
764 1267 805 1303 i.;

148 1316 311 1353 putatque,
338 1322 409 1342 cum
434 1312 602 1349 Glareano,
623 1313 806 1355 repetitione

148 1360 205 1391 illa
220 1360 307 1391 Batti
319 1360 522 1403 battologiam
537 1372 713 1403 expressam
728 1372 805 1399 esse,

149 1414 181 1440 et
200 1409 406 1446 Mercurium,
430 1416 465 1441 ut
492 1410 580 1441 illam
604 1410 753 1447 irrideret,
776 1418 807 1443 et

148 1457 250 1500 ipsum
276 1460 380 1495 verba,
406 1471 450 1490 me
473 1461 545 1491 mihi
570 1462 692 1500 prodis?
720 1472 806 1503 repe-

147 1507 244 1539 tiisse.
279 1509 416 1539 Mirum!
464 1510 570 1546 Quum
596 1510 709 1541 Battus
739 1510 806 1541 dix-

146 1556 231 1594 isset,
257 1559 310 1588 sub
333 1558 393 1599 (in,
409 1558 520 1600 prope)
536 1561 682 1589 montibus
705 1567 805 1597 erunt,

148 1606 326 1638 addendum
351 1613 429 1643 erat,
455 1607 549 1638 fuisse
572 1607 626 1643 ibi,
646 1619 703 1638 nee
729 1609 806 1639 Bat-

149 1663 216 1687 tum
227 1656 408 1698 imposuisse
423 1657 593 1688 Mercurio.
631 1658 738 1688 Verba
752 1669 805 1689 au-

149 1711 213 1737 tem
233 1717 277 1736 me
296 1707 368 1736 mihi
391 1708 491 1746 prodis
506 1707 556 1747 (in
571 1706 684 1748 quibus
698 1708 808 1738 similis

149 1755 235 1786 lusus
250 1766 287 1786 ac
303 1756 386 1794 4303
402 1755 424 1786 i.
438 1756 498 1786 641
514 1768 522 1795 3
541 1756 582 1787 vi.
599 1757 689 1796 365.)
706 1757 807 1797 gravi—

149 1810 195 1836 ter
214 1811 245 1835 et
268 1815 339 1835 cum
355 1804 385 1836 vi
405 1811 596 1847 repetuntur,
612 1811 646 1836 ut
661 1805 806 1842 solemus,

150 1865 246 1896 quum
273 1853 368 1884 alicui
391 1864 536 1895 magnam
563 1854 728 1885 stultitiam
753 1865 807 1885 ex—

148 1904 341 1945 probramus.
382 1903 504 1934 Erunt:
527 1910 555 1934 et
576 1911 677 1934 erant.
714 1904 806 1935 Allu-

149 1964 217 1984 sum
232 1953 341 1984 volunt
361 1952 401 1983 ad
421 1953 552 1983 Battum
577 1953 735 1994 quendam
760 1954 807 1984 in-

150 2009 258 2045 eptum
285 2008 419 2045 poetam,
442 2002 495 2044 qui
521 2002 553 2032 in
575 2003 715 2034 versibus
743 2003 807 2034 suis

150 2052 260 2083 eadem
274 2051 448 2083 identidem
463 2051 574 2082 iterare
589 2051 718 2083 solebat.

193 2103 267 2134 705.
288 2102 431 2142 Perjum,
446 2101 576 2143 perfida.
599 2101 694 2143 Apud
707 2101 806 2132 Anto-

150 2151 257 2182 ninum
272 2151 386 2181 Battus
401 2150 550 2181 Mercurii
573 2150 685 2181 baculo
705 2156 806 2181 tactus

150 2201 182 2230 in
204 2199 340 2242 lapidem
356 2205 503 2235 mutatur,
518 2210 612 2240 quem
628 2209 729 2240 neque
750 2210 806 2230 aes-

150 2256 200 2280 tus
226 2259 327 2290 neque
354 2249 449 2290 frigus
477 2248 618 2287 deserat3
646 2249 807 2290 locusque,

151 2298 204 2329 ubi
227 2309 274 2329 res
294 2298 420 2334 accidit,
437 2296 563 2329 Βάττου
585 2298 703 2329 σκοπιὰ
717 2308 807 2328 voca-

152 2355 210 2380 tur.
242 2348 322 2378 Sileae
344 2347 444 2390 poetis
465 2347 564 2378 omnis
588 2348 680 2389 lapis,
702 2353 733 2378 et
751 2349 807 2378 (Ιιι-

151 2410 203 2429 rus
223 2402 270 2429 est
288 2397 449 2439 epitheton
472 2407 635 2427 commune
658 2397 809 2439 lapidum.

152 2447 247 2483 Hinc,
263 2448 336 2477 831.
359 2448 523 2482 durescere,
538 2446 569 2476 in
588 2446 726 2487 lapidem
741 2456 809 2476 mu-

150 2497 219 2527 tari.
270 2495 405 2526 Iudicem
433 2501 546 2538 putant
577 2506 642 2526 esse
670 2495 809 2537 lapidem

151 2544 296 2587 Lydium,
317 2544 370 2586 qui
392 2555 501 2575 aurum
525 2545 675 2586 explorat,
690 2544 809 2575 indicat

152 2594 219 2636 ejus
233 2592 416 2625 bonitatem.
460 2594 506 2624 At
525 2594 612 2624 nulla
626 2593 809 2624 auctoritate

153 2642 259 2674 doceri
273 2649 385 2684 potest,
401 2645 529 2674 indicem
547 2643 591 2674 sic
607 2643 725 2673 dictum
744 2643 808 2673 Ro-

154 2692 264 2728 manis,
288 2697 331 2728 et,
353 2693 379 2722 si
409 2692 510 2723 dictus
535 2697 628 2729 esset,
652 2692 739 2722 nulla
764 2694 809 2722 in.-

144 2741 247 2782 famia
262 2740 291 2772 ei
307 2741 431 2773 inesset.
468 2743 615 2773 Lactant.
630 2740 662 2771 in
677 2741 809 2782 Argum.

874 1167 927 1210 qui
954 1168 1109 1199 interdum
1136 1168 1272 1203 eosdem,
1298 1177 1375 1208 quos
1400 1165 1533 1196 Ovidius

874 1223 1024 1260 sequutus
1048 1224 1105 1254 est,
1129 1222 1273 1248 auctores
1294 1216 1460 1252 consuluit,
1477 1216 1532 1246 ha-

873 1267 945 1298 bet:
973 1266 1011 1297 In
1034 1268 1162 1306 lapidem
1183 1277 1249 1296 eum
1272 1267 1410 1300 'animuin
1426 1267 1476 1305 qui
1498 1266 1534 1295 ab

874 1322 982 1346 eventa
1012 1315 1108 1346 Index
1142 1317 1224 1346 circa
1255 1315 1367 1355 Pylum
1402 1321 1536 1345 vocatur.

874 1365 936 1396 Hic
962 1375 1022 1395 non
1041 1375 1140 1405 genus
1156 1363 1315 1406 quoddam
1334 1363 1474 1405 lapidum
1488 1363 1535 1394 iu-

873 1414 953 1450 tell„
969 1413 1024 1444 sed
1035 1424 1114 1444 unus
1128 1413 1181 1444 ille
1196 1412 1287 1455 lapiS,
1301 1413 1332 1443 in
1348 1423 1441 1454 quem
1457 1413 1534 1443 Bat-

874 1470 924 1494 tus
947 1469 1070 1505 propter
1089 1463 1242 1504 perfidum
1267 1464 1413 1493 indicium
1434 1468 1536 1493 muta-

874 1519 923 1543 tus
945 1518 1003 1543 est.
1053 1512 1105 1542 Sic
1128 1512 1222 1553 igitur
1250 1517 1281 1542 et
1304 1511 1451 1542 Ovidium
1482 1522 1537 1543 ex-

874 1561 1055 1603 plicandum
1085 1561 1227 1591 arbitror.
1283 1559 1355 1590 Siue
1385 1559 1479 1590 dubio
1504 1559 1536 1590 in

875 1611 1012 1652 quodam
1032 1610 1198 1641 Messeniae
1224 1616 1330 1640 monte
1352 1610 1536 1640 cernebatur

875 1661 986 1691 seriore
1002 1659 1096 1690 etiam
1118 1666 1255 1701 tempore
1272 1669 1382 1689 saxum
1404 1659 1537 1690 hominis

876 1708 1003 1739 formam
1036 1714 1194 1749 utcunque
1220 1707 1364 1738 referens.
1409 1708 1447 1738 In
1462 1718 1534 1738 eum

875 1758 975 1800 ipsum
999 1764 1152 1788 mutatum
1177 1768 1243 1788 esse
1261 1758 1390 1788 Battum
1415 1757 1535 1799 antiqui

876 1807 1089 1845 tradiderant;
1112 1807 1194 1838 unde
1224 1806 1252 1837 ei
1279 1806 1393 1837 Indicis
1423 1817 1535 1837 nomen

875 1856 965 1887 haesit
980 1862 1012 1887 et
1032 1867 1103 1887 cum
1119 1855 1243 1886 nomine
1259 1855 1401 1886 infamia.
1440 1856 1533 1886 Index

875 1906 959 1936 enim
971 1912 1002 1937 et
1018 1906 1092 1937 satis
1106 1905 1259 1936 invidiose
1272 1905 1434 1936 dicebatur
1448 1917 1454 1935 z
1471 1905 1535 1937 vid.

874 1955 997 1986 Ernesti
1027 1956 1067 1987 ad
1097 1957 1226 1986 Sueton.
1251 1955 1334 1986 Caes.
1364 1954 1535 1986 17.—s'cil.

874 2005 974 2036 Index
991 2005 1137 2036 Graecum
1159 2004 1238 2035 illud
1258 2003 1462 2045 συκοφάντης
1482 2015 1534 2034 ex-

872 2053 988 2095 primit.
1036 2054 1093 2084 Ed.

916 2104 1100 2133 708—832.
1118 2102 1213 2144 Apud
1229 2102 1351 2144 Hygin.
1367 2103 1445 2133 Fab.
1465 2104 1534 2134 166.

873 2152 1028 2193 Aglauros
1053 2162 1124 2182 cum
1154 2151 1317 2187 sororibus,
1344 2162 1362 2182 a
1390 2152 1536 2182 Minerva

875 2202 913 2232 ob
933 2202 1078 2232 cistulam
1098 2206 1237 2243 apertam
1260 2201 1381 2231 insania
1401 2201 1536 2242 objecta,

874 2250 907 2281 in
917 2261 1001 2281 mare
1017 2261 1048 2281 se
1063 2249 1248 2292 praecipitat.
1274 2250 1386 2280 Confer
1402 2250 1536 2281 Pausan.

875 2311 905 2342 p.
923 2300 974 2330 41.
1013 2300 1106 2334 Hinc,
1123 2309 1161 2328 ex
1179 2297 1279 2339 Pyliis
1294 2298 1392 2339 agris:
1414 2300 1538 2338 paribus

876 2350 943 2384 alis,
959 2348 1022 2379 leui
1041 2348 1159 2383 volatu,
1174 2358 1271 2388 quum
1291 2347 1348 2377 alae
1369 2358 1429 2377 non
1448 2358 1534 2388 mag-

876 2407 989 2439 nopere
1022 2401 1198 2431 moventur,
1229 2395 1284 2426 sed
1314 2395 1397 2426 linea
1426 2407 1535 2437 prope-

876 2446 1003 2477 modum
1023 2446 1132 2476 eadem
1151 2456 1271 2487 semper
1289 2451 1427 2476 manent.
1472 2446 1536 2476 Re-

877 2496 1013 2537 spexisse
1042 2494 1165 2524 videtur
1189 2494 1281 2534 Virg.
1306 2495 1381 2525 AEn.
1410 2494 1454 2525 iv.
1484 2496 1535 2525 14.

876 2544 993 2580 Livius,
1017 2543 1037 2573 i.
1064 2544 1115 2573 34.
1144 2544 1288 2582 suspensis
1314 2544 1388 2573 ulis:
1419 2544 1472 2584 qui
1494 2543 1538 2574 ita

876 2593 992 2628 volant,
1020 2594 1147 2632 pendere
1181 2592 1338 2627 dicuntur,
1370 2602 1441 2623 mox
1468 2603 1534 2623 ver.

877 2643 950 2673 726.
971 2648 1003 2672 et
1024 2643 1066 2673 iv.
1089 2643 1166 2673 517,
1212 2642 1298 2683 Opp.
1315 2644 1456 2681 jactatis,
1480 2648 1534 2673 aut

877 2695 961 2722 matis
980 2693 1047 2729 alis,
1063 2692 1178 2732 quibus
1198 2701 1261 2722 ver.
1276 2692 1351 2721 835.
1368 2691 1399 2722 iu
1419 2693 1536 2724 coelum

878 2741 992 2772 avolat.
