1729 3207
241 200 295 242 lvi
820 193 1040 234 SERIES

241 323 324 361 tus,
343 311 522 352 Procrin
541 323 717 350 uxorem
737 308 780 347 in
801 305 1055 347 adulterium
1076 304 1315 360 pellexerit‚
1337 307 1391 347 ab
1413 321 1547 361 eaque
1568 321 1622 348 ex

240 391 344 444 fuga
366 402 535 430 reversa
555 401 693 427 canem
715 392 757 426 et
765 385 956 439 jaculum
983 384 1209 438 acceperit,
1232 399 1411 439 quorum
1438 384 1507 426 ille
1528 400 1623 426 cum

240 469 361 523 vulpe
388 465 600 507 Thebana
631 464 673 503 in
700 477 850 503 saxum
878 476 1106 503 conversus
1139 462 1206 511 sit,
1234 462 1315 504 hoc
1349 470 1491 504 autem
1522 478 1548 503 a
1581 477 1624 504 se

242 545 510 600 imprudente
530 543 700 583 missum
720 555 896 581 uxorem
917 540 1188 582 interfecerit.

301 623 398 664 Lib.
423 620 549 663 VIII.
596 619 735 661 Minoi
764 618 931 658 interim
963 616 1186 672 Megaram
1219 618 1430 659 obsidenti
1463 618 1625 672 Scylla,

243 715 385 742 amore
403 701 494 755 ejus
522 705 660 752 capta,
682 695 861 750 patriam
883 709 978 735 cum
1000 695 1113 736 crine
1134 696 1236 736 Nisi
1255 696 1388 749 patris
1408 711 1628 751 purpureo

244 780 409 835 prodit3
433 779 508 820 sed
526 784 668 832 spreta
687 776 740 816 ab
759 775 828 815 illo
846 789 976 829 quum
992 775 1187 816 abeuntis
1208 776 1305 815 navi
1321 775 1564 824 inhaereret,
1586 776 1629 816 in

243 857 349 899 cirin
369 872 501 905 avem,
523 863 645 910 pater
665 860 806 894 autem
826 853 870 893 in
890 853 1111 893 halioeeton
1131 860 1362 894 mutantur.
1411 853 1628 894 Reversus

245 937 387 977 Minos
423 936 465 976 in
500 935 671 976 Cretam
706 933 1007 980 Minotaurmn,
1041 932 1319 986 opprobrium
1349 932 1517 985 generis
1549 931 1631 980 sui,

246 1014 489 1069 labyrintho
515 1011 685 1054 Daedali
709 1019 799 1052 arte
829 1011 985 1066 posito,
1015 1010 1206 1059 includit,
1234 1018 1276 1051 et
1303 1009 1457 1052 Atticis
1487 1010 1632 1064 pueris

248 1094 397 1149 pascit,
419 1108 442 1134 e
463 1092 617 1148 quibus
647 1091 829 1131 Theseus
844 1097 1078 1130 monstrum
1097 1089 1311 1138 interficit,
1328 1097 1456 1143 atque
1477 1088 1634 1129 Ariad-

248 1187 339 1221 nen,
361 1172 482 1227 cujus
509 1185 591 1226 ope
619 1184 673 1211 ex
699 1168 942 1223 labyrintho
964 1183 1007 1210 se
1029 1168 1320 1222 expediverat,
1339 1182 1482 1209 secum
1509 1181 1533 1208 e
1560 1181 1633 1221 pa·

248 1250 329 1291 tria
345 1250 515 1291 ductam
536 1249 578 1289 in
599 1249 686 1289 Dia
705 1247 841 1289 insula
857 1247 1070 1301 relinquit,
1088 1246 1162 1287 ubi
1183 1261 1274 1287 eam
1297 1245 1496 1287 Bacchus
1518 1259 1634 1286 assu—

248 1329 336 1378 mit,
359 1329 536 1383 ejusque
557 1341 750 1368 eoronam
769 1326 878 1367 inter
898 1326 1040 1366 sidera
1059 1323 1251 1367 collocat.
1304 1325 1514 1365 Dceclalus
1534 1337 1635 1364 vero

248 1422 380 1462 quum
400 1421 453 1447 ex
478 1404 614 1446 insula
639 1403 709 1445 illa
729 1403 934 1459 aufugere
955 1418 1039 1444 non
1063 1411 1221 1458 posset,
1244 1402 1319 1444 alis
1339 1403 1518 1444 inventis
1539 1417 1636 1444 evo-

249 1484 363 1534 lavit,
382 1484 457 1525 sed
478 1483 630 1523 Icarus
649 1490 747 1537 post
768 1489 930 1537 patrem
950 1481 1094 1524 volans
1118 1483 1362 1523 submersus
1384 1489 1461 1523 est.
1523 1482 1636 1537 Ejus

250 1563 474 1617 exsequias
505 1561 791 1603 celebrantem
815 1561 921 1602 vidit
950 1568 1131 1616 patrem,
1165 1561 1454 1616 gaudiumque
1484 1567 1638 1602 testata

250 1649 315 1682 est
331 1641 501 1696 perdix,
523 1655 546 1682 e
568 1640 746 1681 Perdice
764 1648 838 1681 aut
858 1639 984 1689 Talo,
1007 1640 1226 1695 ingenioso
1249 1639 1476 1681 multarum
1495 1653 1638 1680 rerum

251 1721 483 1769 inventore,
505 1734 630 1774 quem
658 1718 865 1760 Daedalus
893 1718 1048 1760 invidia
1071 1725 1210 1760 motus
1227 1733 1281 1760 ex
1309 1733 1406 1760 arce
1431 1717 1639 1760 Minervae

250 1799 512 1854 praecipitem
532 1798 717 1848 miserat,
739 1796 1048 1839 transformata.
1109 1797 1291 1838 Theseus
1311 1797 1491 1845 interea,
1508 1810 1639 1851 quum

252 1878 549 1920 celeberrimus
573 1878 661 1932 jam
690 1885 815 1927 esset,
843 1878 898 1918 ad
924 1892 1072 1933 aprum
1098 1876 1376 1931 Calydonium
1405 1874 1639 1917 tollendum

253 1964 427 1998 vocatus
453 1963 532 2005 est,
557 1970 684 2010 quem
707 1955 913 1997 Atalanta
940 1956 1076 2010 prima
1104 1954 1352 1996 vulneravit.
1416 1953 1641 2010 IVIeleager

255 2041 396 2075 autem
422 2033 646 2082 interfecit,
675 2035 796 2088 cujus
820 2041 997 2074 mortem
1019 2031 1271 2074 acceleravit
1290 2031 1461 2072 Althaea
1491 2038 1640 2080 mater,

257 2113 477 2153 combusto
498 2112 638 2167 stipite
655 2111 783 2153 fatali.
836 2112 1034 2154 Theseus
1056 2127 1109 2153 ex
1130 2112 1211 2153 ista
1232 2111 1455 2153 venatione
1472 2110 1640 2152 rediens

257 2191 312 2232 ad
333 2189 558 2231 Acheloum
587 2190 821 2232 devertitur
847 2198 889 2232 et
910 2191 1152 2232 Echinades
1176 2189 1334 2231 insulas
1356 2188 1577 2243 conspicit,
1599 2188 1642 2228 in

257 2284 362 2324 quas
392 2269 586 2311 Naiades
615 2278 736 2311 erant
769 2285 996 2311 conversae.
1061 2269 1192 2317 Quod
1225 2269 1283 2310 ita
1313 2268 1407 2310 fieri
1435 2267 1641 2323 potuisse,

257 2354 439 2402 negante
468 2347 675 2398 Pirithoo,
706 2347 841 2390 Lelex
873 2349 1054 2403 primum
1083 2348 1290 2389 Baueidis
1321 2354 1365 2388 et
1387 2345 1642 2387 Philemonis

257 2426 412 2480 probat
443 2425 653 2481 exemplo,
683 2428 755 2480 qui
781 2427 823 2467 in
854 2427 1026 2468 arbores
1058 2425 1218 2467 fuerint
1250 2424 1511 2473 commutati,
1534 2424 1643 2465 sicut

257 2505 398 2544 (lomus
414 2518 559 2545 eorum
575 2505 616 2545 in
637 2507 841 2561 templum,
859 2521 907 2548 ac
920 2521 1067 2562 pagus
1087 2507 1178 2561 ipse
1194 2506 1237 2546 in
1252 2511 1458 2560 stagnum.
1500 2501 1643 2543 Ache-

258 2581 351 2622 lous
377 2581 532 2623 deinde
554 2582 700 2623 Protei
724 2590 767 2624 et
793 2583 983 2632 Mestroe,
1008 2582 1326 2631 Erisichfflona,
1348 2588 1513 2636 patrem
1534 2579 1643 2620 fame

260 2660 485 2709 furentem,
505 2660 653 2702 alentis
674 2668 865 2702 naturam
886 2662 1175 2716 transforment
1195 2661 1328 2702 addit.

319 2737 414 2779 Lib.
439 2737 518 2780 IX.
553 2739 665 2779 Tum
687 2755 786 2780 suas
806 2740 961 2781 formas
984 2739 1129 2788 refert,
1152 2754 1259 2793 quas
1276 2738 1491 2794 quondam
1511 2743 1645 2777 muta-
