1763 3181
241 190 327 233 396
631 193 682 233 Ρ.
717 191 929 234 OVIDII
964 193 1244 237 NASONIS

241 306 368 354 Pars
395 307 461 353 ibi
487 307 549 354 de
575 315 769 371 septem
795 309 977 371 genitis
1003 309 1285 373 Amphione
1310 311 1460 358 fortes
1531 315 1621 357 221

239 383 601 432 Conscendunt
626 386 675 432 in
701 402 874 449 equos,
901 386 1156 451 Tyrioque
1183 388 1412 436 rubentia
1435 388 1546 435 fuco

239 459 402 523 Terga
433 468 690 524 premunt;
731 479 953 526 auroque
987 480 1159 526 graves
1192 465 1509 513 moderantur
1541 465 1624 512 ha-

441 538 612 585 benas.

241 612 283 659 E
310 615 491 676 quibus
519 615 761 672 Ismenos,
789 617 875 680 qui
901 618 1042 664 matri
1071 619 1265 666 sarcina
1289 619 1539 682 quondam

238 689 409 738 Prima
427 709 528 739 suae
547 693 721 750 fuerat,
740 695 859 741 dum
879 702 1071 742 certum
1091 696 1248 743 flectit
1266 696 1313 743 in
1335 698 1504 744 orbem
1529 700 1625 744 225

238 767 600 833 Quadrupedes
626 788 817 828 cursus,
846 773 1229 836 spumantiaque
1254 790 1339 821 ora
1363 783 1574 829 coercet,

239 852 269 869 “
288 845 385 894 Hei
402 848 520 895 mihi
538 849 580 895 !'’
606 850 909 907 conclamat;
935 850 1201 914 medioque
1218 851 1267 898 in
1281 860 1481 915 pectore
1497 852 1626 898 fixus

238 923 361 972 Tela
385 927 526 988 gerit,
555 926 808 991 frenisque
835 944 982 976 manu
1011 929 1250 977 moriente
1276 929 1495 977 remissis

239 1000 298 1048 In
321 1003 451 1050 latus
477 1020 506 1051 a
530 1005 708 1053 dextro
733 1007 975 1069 paulatim
1000 1007 1174 1054 defluit
1198 1023 1350 1055 armo.

236 1077 520 1137 Proximus,
548 1082 716 1129 audito
743 1082 906 1130 sonitu
933 1100 1022 1147 per
1046 1084 1192 1131 inane
1218 1084 1478 1147 pharetrae,
1529 1086 1627 1129 230

237 1155 396 1204 Frena
413 1158 567 1206 dabat
590 1159 793 1224 Sipylus
813 1177 822 1208 ε
850 1161 1001 1209 veluti
1023 1178 1177 1225 quum
1198 1161 1435 1225 praescius
1456 1160 1626 1207 imbris

236 1233 386 1282 Nube
411 1235 539 1299 fugit
558 1237 678 1293 visa,
706 1238 1081 1302 pendentiaque
1106 1238 1329 1302 undique
1353 1244 1514 1285 rector

235 1311 458 1360 Carbasa
482 1314 702 1371 deducit,
731 1332 793 1364 ne
819 1332 920 1379 qua
944 1317 1063 1364 levis
1090 1317 1258 1363 effluat
1282 1331 1416 1372 aura,

235 1387 395 1437 Frena
418 1391 598 1439 dabat:
638 1392 840 1440 dantem
867 1410 964 1440 non
991 1393 1220 1440 evitabile
1241 1393 1395 1440 telum

235 1465 603 1531 Consequitur;
645 1486 941 1533 summaque
967 1477 1184 1518 tremens
1209 1470 1401 1518 cervice
1427 1470 1608 1532 sagitta

234 1542 411 1601 Haesit,
440 1552 491 1593 et
515 1548 723 1595 extabat
747 1548 937 1595 nudum
962 1549 1024 1596 de
1052 1555 1253 1611 gutture
1273 1547 1471 1596 ferrum.
1527 1549 1623 1593 236

233 1619 345 1678 Ille,
366 1630 423 1669 ut
447 1631 553 1671 erat
577 1642 780 1688 pronus,
808 1643 897 1690 per
921 1626 1050 1674 colla
1074 1625 1291 1674 admissa
1308 1625 1558 1688 jubasque

231 1697 490 1760 Volvitur;
531 1710 581 1750 et
606 1704 768 1750 calido
794 1705 1026 1752 tellurem
1051 1702 1293 1765 sanguine
1314 1701 1483 1749 foedat.

231 1774 520 1826 Phaedimus
546 1779 733 1837 infelix,
761 1787 811 1829 et
835 1782 949 1829 aviti
976 1779 1186 1828 nominis
1214 1779 1356 1826 heres

273 1927 348 1957 222.
374 1926 584 1959 conscendunt
604 1932 635 1959 in.
656 1940 741 1970 equas
755 1928 894 1960 vestibus

230 1976 392 2017 purpureis
405 1983 515 2008 tectos.
540 1978 654 2009 Confer
671 1978 734 2009 viii.
750 1979 802 2009 33.
840 1979 894 2009 Se-

230 2024 303 2055 culo
319 2031 424 2056 tamen
440 2026 563 2058 heroico
581 2027 818 2059 exercitationes
834 2039 894 2059 non

229 2072 262 2104 in
286 2084 377 2115 equo,
394 2075 449 2106 sed
473 2075 505 2106 in
530 2087 621 2106 curru
642 2077 893 2109 instituebantur.

230 2122 344 2159 Funus,
375 2125 470 2155 color.
519 2125 675 2155 Moderarz'
703 2125 836 2156 dicimus
864 2132 895 2157 et

231 2181 347 2212 equum
372 2173 476 2209 frenis,
498 2180 529 2204 et
553 2174 621 2215 ipsa
644 2175 741 2205 frena.
775 2175 894 2206 Eunu.

232 2220 371 2259 Ismenos,
402 2234 422 2254 a
450 2224 544 2254 fluvio
575 2225 721 2256 Boeotiae.
784 2228 896 2257 Cursus

229 2273 436 2311 quadrupedes
457 2272 579 2314 poetica
600 2274 743 2310 audacia,
758 2286 812 2314 pro
826 2286 894 2306 cur-

231 2331 298 2350 sum
317 2322 400 2362 equi,
416 2322 519 2364 ipsum
543 2333 671 2364 equum.
719 2324 840 2355 Certum
864 2327 893 2355 iu

231 2371 337 2406 orbem,
353 2371 384 2401 in
408 2372 554 2413 palaestra
577 2373 714 2413 equestri
737 2374 896 2405 usitatum.

233 2418 315 2450 Vide
339 2419 378 2450 ad
402 2420 454 2451 xii.
478 2423 561 2459 468;
586 2421 699 2463 Virgil.
721 2422 833 2464 Georg.
850 2422 894 2453 iii.

235 2468 291 2498 191
308 2481 314 2498 z
357 2470 487 2509 Carpere
516 2483 577 2501 mar
614 2483 723 2513 gyrum
758 2474 895 2512 incipiat,

229 2518 431 2559 gradibusque
445 2530 549 2550 sonare
567 2521 747 2559 Compositis.

276 2567 351 2596 229.
380 2568 528 2610 Defluunt
544 2569 597 2610 qui
613 2569 778 2605 debilitati,
795 2570 897 2601 animo

233 2614 462 2657 delinquentes,
481 2624 535 2648 aut
550 2619 716 2649 morientes
731 2619 894 2650 decidunt.

236 2663 378 2705 Defiuere
399 2668 435 2696 ab
454 2669 534 2707 equis
552 2667 647 2698 etiarn
664 2667 780 2704 Livius,
797 2668 828 2698 ii.
844 2669 896 2699 20.

231 2712 282 2743 Sic
298 2720 328 2743 et
343 2715 583 2757 (Izfiuuntfoliu,
600 2718 714 2756 capilli.

278 2763 350 2794 231.
374 2765 504 2805 Sipylus,
521 2776 538 2796 a
553 2772 656 2796 monte
671 2766 790 2808 Sipylo.
819 2767 896 2796 Pen-

961 1932 1076 1965 dentz‘a,
1090 1940 1127 1960 ex
1144 1928 1287 1960 antennis
1301 1938 1463 1969 suspensa.
1490 1926 1572 1958 Vide
1587 1926 1625 1957 ad

960 1979 1004 2010 iii.
1016 1980 1090 2010 663.
1106 1980 1242 2009 Sonitum
1255 1977 1413 2012 audiebat,
1428 1976 1504 2018 quia
1513 1976 1627 2018 Apollo

961 2039 1032 2058 cum
1055 2028 1199 2068 clangore
1222 2026 1406 2067 sagittarum
1430 2024 1463 2056 in
1482 2025 1627 2068 pharetra

961 2077 1092 2108 incedit.
1110 2077 1149 2107 Il.
1167 2080 1206 2107 A.
1222 2077 1274 2107 45.

1004 2128 1078 2157 234.
1103 2126 1171 2156 Nan
1196 2126 1344 2161 evitabile,
1371 2124 1565 2161 inevitabile,
1591 2129 1626 2155 ut

963 2185 1052 2206 versu
1067 2177 1119 2206 45.
1136 2187 1193 2205 uon
1211 2177 1330 2209 territa,
1348 2174 1497 2205 interrita.

1005 2225 1079 2255 237.
1106 2224 1166 2254 Per
1180 2224 1283 2264 colla]
1326 2224 1408 2253 Colla
1423 2225 1548 2253 admissa
1565 2232 1625 2252 non

963 2274 1107 2305 videntur
1127 2285 1204 2309 esse,
1221 2274 1252 2303 in
1276 2272 1390 2314 quibus
1413 2272 1499 2303 frena
1519 2272 1625 2301 laxata

963 2329 993 2354 et
1009 2323 1135 2354 remissa
1149 2322 1298 2365 pendent,
1315 2321 1369 2352 sed
1385 2321 1463 2352 colla
1481 2320 1555 2362 equi
1570 2320 1626 2350 ad-

964 2372 1060 2409 missi,
1084 2373 1153 2403 h.e.
1169 2372 1209 2402 ad
1231 2382 1355 2403 cursum
1376 2370 1509 2406 incitati,
1525 2379 1625 2411 quan-

964 2432 1059 2462 quam
1083 2427 1156 2452 tunc
1182 2421 1268 2452 frena
1290 2420 1445 2451 laxantur.
1468 2419 1577 2449 Amor.
1592 2417 1625 2449 ii.

968 2472 1016 2502 16.
1034 2472 1093 2502 50:
1123 2472 1183 2501 Per
1197 2471 1445 2510 admissasjubas.
1495 2469 1535 2499 Ut
1549 2475 1625 2499 erat.

964 2521 1046 2551 Vide
1068 2520 1107 2552 ad
1129 2520 1161 2551 ii.
1177 2521 1252 2551 272.
1298 2521 1428 2555 Pronus,
1451 2524 1485 2548 ut
1500 2529 1532 2548 x.
1551 2518 1624 2548 652.

964 2569 1002 2600 de
1032 2575 1184 2605 currente,
1213 2580 1331 2600 carcere
1364 2578 1476 2608 pronus
1509 2569 1626 2598 emicat.

968 2619 1063 2655 Volci,
1074 2619 1112 2649 de
1127 2630 1173 2655 eo,
1190 2618 1242 2660 qui
1259 2628 1397 2660 praeceps
1411 2616 1505 2647 cadit.
1553 2616 1627 2652 Per,

960 2667 1061 2709 juxta.
1122 2668 1257 2704 Fadare,
1295 2667 1334 2698 de
1369 2665 1520 2707 sanguine
1557 2664 1624 2695 fuso

963 2727 1089 2758 passxm.
