1763 3181
386 154 1010 196 METAMORPHOSEON
1043 153 1162 196 LIB.
1194 153 1278 196 VI.

1433 156 1520 198 417

130 269 332 334 Eripis?
369 276 520 333 atque
544 269 732 316 utinam
752 268 955 316 fecisses
981 276 1094 317 ante
1120 269 1356 318 nefandos
1416 273 1512 318 540

130 347 466 395 Concubitus!
502 363 681 395 vacuas
706 347 991 394 habuissem
1016 346 1233 394 criminis
1258 348 1474 396 umbras.

132 424 186 471 Si
211 432 378 472 tamen
402 425 509 471 haec
536 424 714 488 Superi
739 431 973 480 cernunt3
1014 424 1055 470 si
1079 424 1282 471 numina
1307 425 1490 472 Divum

132 501 260 548 Sunt
284 501 502 564 aliquid;
543 501 584 548 si
609 517 707 548 non
732 501 983 564 perierunt
1007 501 1172 547 omnia
1195 517 1418 558 mecum3

131 578 545 641 Quandocunque
570 578 688 624 mihi
714 593 886 641 poenas
912 577 1082 625 dabis:
1122 577 1245 641 ipsa,
1272 579 1461 642 pudore

130 655 376 718 Projecto,
403 662 490 702 tua
512 654 643 702 facta
666 654 868 717 loquar:
909 654 949 701 si
975 654 1120 717 copia
1143 655 1302 711 detur,

1415 658 1510 704 545

133 732 193 779 In
217 732 429 796 populos
454 732 675 779 veniam:
716 731 757 778 si
783 731 916 777 silvis
942 731 1112 778 clausa
1131 733 1355 789 tenebor,

130 809 358 873 Implebo
383 809 530 856 silvas
556 816 606 856 et
629 809 831 856 conscia
855 825 979 856 saxa
1004 808 1236 872 querelis.

129 885 315 934 Audiat
336 888 443 934 haec
468 887 636 943 aether,
663 894 713 934 et
737 886 778 933 si
805 886 943 933 Deus
969 887 1098 933 ullus
1125 886 1175 932 in
1198 886 1282 932 illo
1308 886 1434 933 est.'’

129 963 333 1012 Talibus
359 964 430 1012 ira
452 964 541 1012 feri
566 972 833 1029 postquam
859 971 1108 1011 commota
1131 963 1344 1027 tyranni,

130 1040 239 1088 Nec
285 1041 444 1089 minor
490 1042 582 1089 hac
638 1049 802 1089 metus
858 1049 962 1099 est3

1417 966 1512 1011 549

1033 1056 1186 1088 causa
1233 1041 1513 1088 stimulatus

129 1118 240 1173 Quo
255 1118 348 1165 fuit
368 1118 638 1179 accinctus,
658 1118 836 1182 vagina
855 1119 1032 1166 liberat
1047 1134 1234 1174 ensem,
1263 1119 1512 1182 [utraque,

126 1196 492 1260 Arreptamque
510 1213 668 1254 coma,
695 1197 840 1244 flexis
864 1203 977 1259 post
1001 1203 1140 1258 terga
1163 1195 1378 1251 lacertis,

128 1272 308 1321 Vincla
331 1273 435 1337 pati
459 1274 621 1337 cogit:
657 1275 885 1337 jugulum
912 1273 1191 1320 Philomela
1210 1273 1432 1336 parabat,

130 1349 387 1414 Spemque
412 1367 514 1398 suae
538 1351 708 1398 mortis
733 1351 837 1397 viso
866 1356 1166 1414 conceperat
1190 1366 1324 1397 ense.

1418 1352 1513 1398 554

129 1426 220 1474 Ille
245 1427 537 1490 indignanti,
565 1434 615 1475 et
639 1443 819 1475 nomen
844 1427 997 1491 patris
1022 1443 1182 1490 usque
1205 1428 1416 1483 vocanti,

129 1502 461 1568 Luctantique
485 1504 639 1568 loqui,
666 1520 1005 1568 compressam
1029 1503 1215 1568 forcipe
1240 1504 1459 1567 linguam

127 1580 352 1630 Abstulit
375 1598 494 1630 ense
518 1581 620 1629 fero
644 1599 653 1630 :
693 1582 834 1629 radix
859 1581 1009 1629 micat
1033 1579 1209 1628 ultima
1233 1580 1443 1644 linguae3

169 1727 246 1757 542.
270 1726 303 1757 Si
317 1729 455 1763 numina,
472 1727 548 1767 etc.]
573 1726 615 1763 Si,
631 1727 787 1769 quoniam,

129 1774 184 1805 Dii
206 1774 324 1816 aliquid
347 1776 464 1812 valent,
481 1776 506 1807 si
526 1782 662 1818 potestas
682 1788 787 1808 eorum

129 1829 177 1855 est
192 1824 267 1855 satis
283 1824 400 1855 valida.
417 1825 438 1857 i.
454 1827 529 1856 545.
575 1826 608 1856 Si
629 1838 686 1856 non
706 1829 787 1866 peri-

127 1880 229 1910 erunt,
252 1879 313 1905 etc.
358 1875 428 1905 Vox
453 1874 565 1906 summi
589 1875 712 1911 doloris,
735 1875 788 1917 qui

127 1923 173 1954 ita
187 1929 280 1965 auget
294 1935 382 1954 suam
399 1924 564 1956 miseriam.
611 1925 628 1954 I
631 1938 647 1956 n
669 1927 789 1965 populos

127 1975 253 2009 veniam,
270 1973 309 2003 ad
327 1973 477 2015 populum
492 1973 633 2015 prodibo.
674 1975 787 2008 Quere-

129 2024 164 2053 lis
187 2033 226 2053 ex
252 2022 482 2064 Langermanni
511 2023 674 2066 Excerptis
702 2024 789 2054 dedit

126 2073 246 2107 Burm„
273 2082 369 2113 quum
396 2072 490 2113 vulgo
516 2072 639 2113 legatur
662 2075 787 2104 moretm.

128 2120 305 2152 Dubitabat
325 2120 408 2151 enim
430 2121 493 2157 ille,
512 2132 551 2152 an
566 2132 603 2152 ex
620 2128 787 2153 consuetu-

127 2170 199 2201 dine
210 2170 367 2201 Ovidiana
381 2171 521 2202 absolute
532 2170 654 2202 dicatur
666 2173 788 2211 implere

124 2220 225 2250 silvas.
268 2219 329 2250 Sed
345 2219 390 2249 vir
405 2219 515 2250 doctus
535 2219 567 2250 in
589 2219 787 2252 Bibliotheca

126 2269 234 2310 Tigur.
251 2281 284 2311 p.
301 2270 352 2300 70.
367 2276 461 2310 negat
480 2269 589 2300 duram
610 2280 676 2300 esse
696 2270 786 2312 ellip-

128 2317 199 2356 sin3
231 2329 320 2360 posse
349 2318 430 2348 enim
464 2328 502 2348 ex
528 2318 787 2350 antecedentibus

116 2367 218 2408 factis
244 2366 335 2397 facile
364 2366 511 2408 suppleri.
566 2367 668 2397 Etiam
693 2369 786 2399 verba

124 2417 238 2455 pudore
271 2417 402 2455 projecto
437 2415 602 2447 lectionem
638 2417 786 2458 rejectam

128 2465 295 2506 postulare.
340 2466 453 2506 Neque
477 2465 683 2496 Philomelam
706 2467 786 2497 velle

127 2513 253 2544 omnino
281 2513 380 2555 queri,
407 2514 463 2544 sed
492 2515 575 2545 facta
605 2514 671 2544 dira
698 2514 787 2544 Terei

128 2563 233 2604 eloqui
247 2563 297 2594 vel
311 2562 498 2600 hominibus,
515 2563 563 2594 vel
578 2564 661 2594 saxis
675 2563 787 2594 saltem

127 2618 160 2644 et
174 2612 271 2643 silvis.
316 2612 443 2643 Dictam
465 2619 569 2644 autem
584 2623 650 2643 esse
668 2613 786 2653 Vulga-

128 2667 191 2692 tam
216 2661 255 2692 ad
277 2660 355 2691 illud
371 2660 500 2702 Virgil.:
529 2662 662 2692 Flectere
686 2664 710 2692 si
734 2673 784 2692 ne-

127 2722 198 2751 queo
212 2711 347 2750 Superos,
363 2711 529 2742 Acheronta
545 2712 669 2742 movebo-

898 1729 972 1759 555.
987 1727 1046 1757 Ille
1058 1727 1420 1767 indignatztz',—v0cnnti‚
1434 1727 1515 1757 Luc-

856 1779 1001 1817 tantique.
1031 1776 1165 1807 Codices
1180 1776 1273 1806 nostri
1290 1775 1384 1817 Regii
1400 1776 1517 1807 habent

854 1828 1075 1867 indignantem,
1094 1831 1255 1861 vocantem,
1274 1826 1460 1862 [amanteum
1485 1831 1516 1856 et

856 1875 922 1906 haec
939 1875 1031 1905 lectio
1047 1875 1123 1905 forte
1140 1875 1197 1904 fuit
1212 1884 1295 1910 vera,
1311 1885 1405 1915 quam
1420 1874 1515 1905 inter-

855 1930 957 1966 pretes
971 1923 1142 1964 tautologia
1163 1922 1272 1953 offensi
1295 1928 1514 1955 mutaverunt:

856 1974 903 2003 hae
922 1983 1013 2003 voces
1030 1972 1203 2003 referuntur
1219 1971 1259 2002 ad
1276 1973 1424 2013 linguam.

898 2024 972 2054 557.
998 2023 1099 2053 Radix
1112 2024 1214 2057 micat,
1230 2022 1309 2062 etc.]
1337 2022 1436 2052 Foeda
1450 2034 1515 2053 rur-

855 2083 907 2103 sus
922 2083 970 2103 res
990 2077 1021 2102 et
1040 2072 1171 2112 ingrata,
1188 2082 1282 2112 quam
1304 2076 1410 2102 tamen
1431 2072 1513 2102 simi-

855 2120 986 2151 litudine
1011 2121 1088 2151 adeo
1111 2121 1247 2150 illustrat
1272 2126 1374 2162 poeta.
1420 2122 1514 2163 Apud

855 2170 1027 2211 Hyginum,
1050 2170 1166 2200 Tereus
1188 2168 1330 2198 vitiatam
1358 2170 1515 2201 Philome-

852 2219 915 2249 lam
931 2218 1059 2249 mandat
1074 2218 1113 2248 ad
1130 2219 1289 2259 Lynceum
1304 2229 1418 2259 regem.
1452 2220 1514 2250 Sed

855 2269 968 2299 Noster
982 2268 1104 2298 videtur
1119 2267 1157 2297 de
1177 2267 1328 2297 industria
1344 2267 1515 2300 foedissima

854 2327 986 2358 quaeque
1016 2323 1046 2347 et
1074 2315 1289 2346 crudelissima
1318 2316 1376 2346 hac
1407 2317 1514 2348 fabula

853 2367 1023 2408 exprimere
1038 2365 1182 2396 voluisse.
1229 2365 1326 2395 Terrcf
1340 2367 1513 2397 immurmu-

853 2422 913 2451 rat,
938 2415 969 2445 in
998 2414 1046 2445 his
1070 2414 1172 2445 verbis
1193 2414 1421 2445 intolerabilem
1445 2426 1512 2447 esse

854 2465 956 2494 lusum
985 2464 1029 2494 vir
1054 2464 1163 2494 doctus
1186 2463 1310 2504 judicat
1336 2463 1367 2494 in
1394 2465 1514 2495 Biblio-

855 2514 945 2544 theca
959 2514 1064 2555 Tigur.
1080 2524 1109 2554 p.
1126 2514 1177 2543 58.
1214 2513 1275 2542 Sed
1291 2519 1322 2543 et
1337 2512 1390 2543 alii
1405 2514 1449 2544 sic
1465 2514 1514 2545 lu-

854 2568 972 2597 serunt,
990 2567 1024 2592 ut
1040 2561 1079 2592 ad
1095 2573 1123 2591 v.
1143 2563 1213 2591 105.
1228 2566 1378 2592 notatum.
1417 2563 1514 2603 thue

853 2613 954 2646 salire,
983 2617 1042 2642 etc.
1087 2610 1224 2647 Quintus
1252 2611 1438 2651 Smyrnaeus,
1467 2613 1511 2643 xi.

855 2661 914 2690 74:
950 2660 1007 2690 ἅτε
1030 2659 1204 2699 βλοσυροῖο
1231 2657 1407 2699 δράκοντος
1430 2661 1511 2701 οὐρὴ

855 2707 1068 2750 eima-sufflet&
1090 2707 1332 2739 ἀναπάλλεται.
1378 2708 1512 2741 Dominae
