1729 3207
187 215 269 256 154

185 328 391 392 Corripe
418 327 522 373 lora
545 342 720 373 manu:
750 325 842 380 vel,
870 326 909 371 si
936 326 1172 373 mutabile
1198 332 1374 389 pectus

574 211 623 252 P.
658 210 869 252 OVIDII
905 210 1181 252 NASONIS

1471 328 1561 372 145

185 405 278 452 Est
303 405 408 460 tibi,
436 404 669 458 consiliis,
694 419 790 449 non
817 402 1057 458 curribus,
1080 409 1218 450 utere
1244 401 1438 457 nostris,

182 482 315 528 Dum
341 488 498 544 potes,
526 488 576 528 et
600 479 770 526 solidis
796 479 1065 527 etiamnum
1091 479 1292 527 sedibus
1318 486 1478 536 astas3

183 558 417 620 Dumque
434 556 562 603 male
578 563 774 619 optatos
790 555 1008 603 nondum
1025 556 1206 619 premis
1223 556 1407 603 inscius
1423 571 1559 603 axes.

181 633 304 688 Quae
329 640 465 680 tutus
493 639 706 697 spectes,
730 631 837 679 sine
857 648 936 680 me
961 633 1079 680 dare
1103 632 1290 679 lumina
1314 631 1505 679 terris.’'

249 710 479 773 Occupat
497 710 578 757 ille
592 709 750 756 levem
766 708 973 771 juvenili
993 724 1198 772 corpore
1215 723 1436 765 currum3
1472 710 1563 755 150

182 787 396 850 Statque
411 802 583 850 super;
605 776 934 849 manibusque
950 786 1092 833 datas
1108 787 1394 848 contingere
1410 785 1562 832 habe-

182 864 412 920 Gaudet;
453 871 504 912 et
528 863 679 911 invito
704 870 869 926 grates
895 863 997 926 agit
1022 863 1135 910 inde
1160 864 1370 926 parenti.

1453 863 1562 925 [nas

246 941 444 988 Interea
466 941 691 988 volucres
718 940 946 1004 Pyroeis,
975 939 1127 996 Eous,
1155 947 1206 987 et
1225 939 1426 995 AEthon,

181 1018 310 1065 Solis
336 1018 470 1081 equi,
494 1025 803 1082 quartusque
829 1017 1072 1081 Phlegon,
1094 1016 1370 1064 hinnitibus
1397 1031 1540 1064 auras

181 1094 508 1143 Flammiferis
524 1096 748 1159 implent,
762 1095 1077 1160 pedibusque
1092 1094 1331 1158 repagula
1346 1094 1561 1157 pulsant.

182 1171 305 1226 Quae
321 1179 587 1237 postquam
604 1172 811 1237 Tethys,
828 1173 1039 1221 fatorum
1056 1172 1226 1234 ignara
1241 1171 1453 1235 nepotis,
1472 1173 1562 1218 156

183 1248 406 1313 Repulit,
428 1257 480 1298 et
501 1249 632 1298 facta
657 1257 735 1299 est
759 1250 987 1299 immensi
1013 1250 1157 1314 copia
1180 1248 1368 1305 numdi,

225 1476 298 1506 145.
333 1475 487 1516 Corripe]
526 1477 668 1519 Euripid.
704 1477 839 1509 Phaeth.

181 1526 264 1562 Παῖς
281 1524 424 1567 ἔμαρψεν
440 1525 548 1564 ἡνίας.

226 1575 296 1604 147.
327 1575 434 1605 Soliclae
459 1577 550 1612 sedes,
575 1575 670 1616 regia,
698 1587 760 1607 non
786 1587 840 1619 per

178 1633 281 1653 aerem
297 1623 416 1659 volans,
432 1623 488 1654 sed
508 1624 603 1654 firmis
618 1624 755 1656 innitens
770 1626 839 1656 fun-

178 1670 346 1702 damentis.
382 1673 456 1703 Eur.
486 1673 623 1703 Phaeth.
653 1673 763 1715 fragm.
791 1675 836 1706 6:

179 1721 236 1758 Μή
263 1720 359 1762 Θίγῃς
387 1719 502 1758 ἡνιῶν,
539 1720 683 1759 παιδίον,
708 1723 840 1765 ἄπειρος

178 1768 236 1804 ὢν,
260 1768 334 1811 μηδ’
355 1768 488 1812 ἀναβῇς
510 1771 569 1802 τὸν
592 1769 718 1813 δίφρον,
744 1771 839 1804 έλαύ-

179 1829 248 1849 νειν
262 1819 308 1860 μὴ
323 1819 450 1860 μαθών.

226 1868 296 1898 150.
313 1869 449 1908 Occupat
464 1869 516 1898 ille
533 1870 635 1903 levem,
652 1869 729 1910 etc.]
750 1871 836 1902 Hac-

178 1921 269 1947 tenus
292 1917 440 1958 pleraque
460 1917 523 1948 fere
543 1918 646 1948 omnia
663 1918 742 1950 bene
757 1924 836 1951 trac-

179 1970 255 2001 tata,
270 1966 432 2007 omnisque
455 1966 543 1997 locus
565 1967 836 2009 descriptionibus,

178 2014 379 2050 orationibus,
407 2014 632 2046 narrationibus
669 2021 740 2057 apte
775 2017 838 2047 dis-

179 2062 296 2094 tinctus
323 2070 417 2106 atque
444 2064 619 2106 dispositus.
664 2067 737 2097 Jarn
766 2066 838 2097 hinc

180 2123 285 2143 cursus
319 2113 384 2155 ipse
420 2113 540 2156 incipit,
576 2114 629 2156 qui
666 2115 837 2156 phantasiae

180 2167 279 2202 poetae
295 2162 394 2192 latum
406 2173 552 2204 campum
569 2163 752 2204 praestravit.
776 2164 837 2195 Sed

180 2210 230 2240 hic
245 2210 307 2241 duo
323 2222 426 2242 rursus
442 2211 650 2254 vituperanda
665 2218 738 2242 sunt
752 2225 757 2242 :
775 2213 838 2254 pri-

181 2270 266 2290 mum
287 2260 381 2291 nimia
403 2261 575 2302 longitudo,
592 2260 632 2291 ad
652 2272 746 2303 quam
766 2272 836 2293 eum

179 2308 254 2339 forte
279 2309 462 2341 eruditionis
485 2310 678 2341 ostentandae
699 2311 837 2342 studium

178 2357 321 2396 seduxit3
345 2364 410 2389 tum
438 2359 601 2400 neglectus
621 2370 721 2390 rerum
741 2359 839 2391 dilec-

179 2412 250 2436 tus:
286 2407 433 2438 minutias
470 2407 552 2438 enim
591 2409 757 2439 nonnullas
790 2409 837 2439 in-

179 2456 287 2491 texuit,
300 2466 370 2497 quae
387 2462 481 2486 tantae
497 2456 686 2487 calamitatis
701 2457 838 2500 descrip—

178 2503 293 2535 tionem
336 2504 504 2535 dedecent.
564 2505 669 2536 Etiam
702 2505 838 2548 jocosius

177 2554 322 2595 quaedam
352 2560 406 2585 aut
436 2554 574 2596 argutius
607 2566 661 2596 pro
690 2566 722 2586 re
753 2555 838 2586 dicta

177 2609 259 2633 sunt.
299 2604 444 2643 Occupat,
461 2610 521 2635 etc.
558 2604 661 2645 Junge
684 2606 836 2645 Ievemjn-

179 2653 270 2681 venilz‘
298 2663 428 2692 corpore,
458 2659 580 2694 propter
605 2653 745 2694 juvenile
771 2664 836 2684 cor-

179 2710 248 2741 pus.
294 2702 427 2740 Occupat
458 2703 510 2732 ille
536 2703 637 2737 levem,
663 2710 724 2733 etc.
777 2703 837 2733 Hic

179 2759 284 2780 versus
305 2760 372 2780 rara
397 2750 477 2792 apud
505 2752 651 2781 Nostrum
678 2758 707 2781 et
734 2762 837 2782 ornnes

907 1477 986 1508 alios
1008 1482 1127 1519 poetas,
1142 1475 1197 1507 sed
1216 1475 1371 1517 frequenti
1392 1475 1475 1517 apud
1490 1476 1561 1507 Ma-

907 1538 971 1558 ron.
986 1527 1122 1569 imagine
1137 1526 1300 1557 verborum
1315 1525 1440 1557 emicat.

953 1578 1026 1608 153.
1062 1576 1184 1606 Interea
1210 1577 1354 1611 volucres,
1383 1575 1461 1616 etc.]
1498 1575 1562 1606 Alii

906 1625 969 1656 alia
1001 1625 1089 1666 equis
1124 1624 1276 1656 solaribus
1312 1624 1436 1655 nomina
1464 1624 1562 1667 impo-

906 1680 1004 1706 nunt:
1036 1674 1098 1705 vid.
1125 1673 1244 1715 Hygin.
1268 1673 1331 1704 fab.
1360 1675 1429 1704 183.
1455 1673 1562 1715 ibique

906 1724 1052 1754 Munker.
1076 1727 1108 1753 et
1130 1722 1297 1765 Spanhem.
1321 1722 1360 1752 ad
1385 1721 1510 1753 Callim.
1532 1722 1563 1752 h.

906 1772 981 1804 Del.
998 1773 1070 1804 169.

952 1823 1025 1854 155.
1051 1821 1283 1863 Flammiferis]
1310 1822 1400 1853 Unus
1415 1820 1561 1851 Vatican.

905 1871 1028 1902 Thuan.
1060 1876 1092 1902 et
1121 1870 1268 1901 Leidens.
1297 1880 1352 1912 pro
1377 1869 1464 1901 varia
1491 1869 1564 1900 lect.

895 1921 1061 1962 fumificis,
1079 1920 1162 1962 quod
1178 1920 1285 1951 Burm.
1303 1931 1364 1950 non
1379 1925 1495 1950 temere
1510 1920 1563 1950 ab-

901 1968 1076 2011 jiciendum
1099 1974 1201 2011 putat,
1225 1968 1373 2010 quoniam
1393 1967 1564 2010 flammifer-

905 2017 944 2049 de
984 2018 1065 2049 coelo
1104 2017 1319 2059 similibusque
1356 2016 1419 2048 dici
1453 2017 1562 2048 soleat.

906 2067 1078 2109 Repagula,
1106 2066 1193 2108 ligna.
1228 2072 1414 2102 transversa,
1449 2066 1562 2107 quibus

905 2116 984 2147 ostia
998 2117 1168 2147 firmantur.
1200 2115 1385 2158 Sagittarius
1400 2115 1438 2146 de
1451 2116 1471 2147 J
1474 2115 1563 2146 anuis

906 2166 993 2197 Vett.
1009 2176 1040 2207 p.
1057 2167 1108 2196 78.
1129 2164 1275 2205 intelligit
1293 2164 1325 2195 h.
1339 2165 1360 2196 l.
1379 2165 1476 2206 ligna,
1493 2165 1562 2207 qui-

904 2214 963 2245 bus
985 2215 1057 2256 equi
1082 2214 1115 2244 in
1136 2214 1268 2245 stabulis
1296 2213 1495 2250 distinentur,
1522 2225 1564 2246 ne

904 2262 1000 2294 libere
1025 2269 1208 2294 excurrant:
1234 2263 1330 2293 male.
1375 2263 1456 2304 Equi
1478 2263 1562 2294 enim

900 2311 966 2352 jam
977 2311 1079 2353 juncti
1094 2317 1182 2342 erant
1197 2311 1310 2346 currui,
1322 2317 1353 2341 et
1364 2321 1434 2341 mox
1445 2312 1565 2354 Tethys

906 2360 960 2390 illa
988 2361 1138 2402 repagula
1167 2359 1300 2401 repellit.
1334 2359 1465 2391 Rectius
1493 2371 1561 2391 sen-

905 2408 997 2444 tiunt,
1021 2409 1075 2450 qui
1098 2414 1220 2451 putant,
1245 2414 1368 2450 poetam
1390 2410 1562 2450 respexisse

905 2457 945 2488 ad
959 2468 1098 2488 carceres
1113 2457 1145 2488 in
1160 2457 1262 2488 Circo.

951 2508 1021 2538 156.
1046 2507 1118 2541 Qnae
1141 2514 1293 2547 postquam
1322 2506 1455 2547 Tethys]
1487 2507 1561 2539 Yid.

906 2555 945 2586 ad
972 2566 1037 2586 ver.
1063 2556 1115 2586 69.
1166 2555 1297 2594 Nepotis.
1332 2555 1455 2596 Nempe
1481 2556 1558 2597 Cly-

904 2615 993 2635 mene
1010 2603 1073 2634 filia
1087 2597 1223 2645 Tethyos
1238 2610 1269 2634 et
1285 2603 1415 2634 Oceani.

952 2654 1019 2685 157.
1046 2653 1183 2693 Mundi]
1208 2653 1354 2688 Mundus,
1374 2651 1501 2688 coelum,
1526 2659 1559 2682 ut

905 2713 997 2744 saepe.
1035 2702 1072 2733 In
1097 2714 1168 2744 sqq.
1194 2702 1311 2732 numeri
1334 2703 1414 2732 bene
1438 2711 1560 2732 accom*

905 2751 1021 2781 modati
1037 2758 1106 2782 sunt
1124 2761 1231 2782 cursus
1245 2750 1408 2781 celeritati.
