1729 3207
379 213 1001 256 METAMORPHOSEON
1034 213 1155 255 LIB.
1189 215 1226 254 I.
1437 217 1493 257 823

98 331 341 394 Ingemit3
382 338 447 387 et,
475 331 606 378 facto
632 329 853 376 nondum
878 329 1077 390 vulgata
1098 331 1300 385 recenti,

98 410 250 457 Foeda
275 408 541 473 Lycaoniae
567 407 784 455 referens
805 406 1030 454 convivia
1054 424 1256 465 mensae,

1400 412 1489 456 165

98 486 335 549 Ingentes
361 485 523 534 animo
549 493 600 533 et
624 485 799 547 dignas
825 484 949 531 Jove
974 485 1192 549 concipit
1216 486 1339 543 iras;

99 564 483 627 Conciliumque
507 570 678 611 vocat:
720 562 883 610 tenuit
907 579 1044 610 mora
1069 563 1203 610 nulla
1226 570 1442 611 vocatos.

166 641 258 689 Est
280 641 359 689 via
383 641 626 697 sublimis,
654 641 779 688 coelo
804 640 1067 688 manifesta
1100 657 1290 697 sereno,

100 718 283 767 Lactea
306 736 487 766 nomen
512 719 692 772 habet;
734 718 949 765 candore
976 719 1208 765 notabilis
1234 719 1358 782 ipso.

101 795 210 843 Hac
235 797 327 844 iter
352 803 429 844 est
451 795 656 860 Superis
678 796 741 843 ad
764 795 930 858 magni
952 803 1087 843 tecta
1106 796 1362 851 Tonantis,
1404 800 1495 844 170

102 873 447 937 Regalemque
472 874 698 921 domum:
740 874 917 921 dextra
941 874 1164 936 laevaque
1192 874 1410 921 Deorum

100 949 242 998 Atria
265 951 506 998 nobilium
530 951 683 998 valvis
709 951 1023 998 celebrantur
1049 951 1248 1014 apertis.

103 1027 256 1076 Plebs
282 1029 510 1077 habitant
534 1029 730 1076 diversa
753 1029 874 1076 locis
894 1047 903 1076 :
945 1046 973 1076 a
996 1028 1156 1076 fronte
1181 1036 1413 1092 potentes

101 1201 143 1232 tio
169 1207 324 1232 commota
343 1201 439 1233 intexi
464 1207 595 1244 poterat.
641 1202 767 1233 Coelum

103 1262 150 1282 vr.
173 1262 227 1282 arx
250 1253 368 1288 mundi,
382 1263 438 1282 arx
460 1253 535 1289 coeli,
559 1264 641 1283 arces
663 1255 768 1295 igneae.

103 1300 186 1332 Vide
204 1301 361 1332 Brouckh.
373 1302 413 1332 ad
424 1303 566 1343 Propert.
582 1303 645 1333 III.
656 1302 699 1332 iii.
712 1303 767 1333 53.

103 1349 142 1380 In
152 1361 264 1380 summa
276 1362 345 1381 arce
358 1351 467 1382 domus
479 1352 498 1382 J
502 1351 567 1383 ovis
577 1351 637 1382 fuit
651 1352 684 1383 ii.
696 1353 769 1384 306.

104 1410 173 1441 quae
204 1405 236 1430 et
257 1399 327 1442 ipsa
350 1412 406 1431 arx
430 1412 475 1432 vr.
500 1412 564 1432 ver.
587 1402 661 1433 673.
686 1402 770 1433 unde

103 1447 236 1491 despicit
262 1454 370 1481 terras.
414 1450 527 1491 virgil.
554 1452 630 1481 AEn.
655 1451 675 1482 i.
696 1453 772 1482 223.

104 1498 200 1540 Apud
228 1499 358 1529 Homer.
389 1499 514 1540 Jupiter
541 1499 576 1531 ἐν
606 1499 772 1542 ἀκρον-εἰτ’]

103 1549 224 1590 κορυφῇ
238 1548 367 1590 Olympi
382 1548 514 1580 habitat.

150 1598 222 1628 165.
261 1597 353 1628 Foeda
391 1597 551 1639 Lycaoniae
570 1622 578 1629 .
591 1622 599 1629 .
613 1622 620 1629 .
637 1600 769 1640 mensoe.]

107 1646 215 1677 Foedus
234 1648 330 1677 victus
351 1646 390 1677 de
413 1657 506 1678 carne
528 1647 666 1679 humana
689 1649 772 1690 apud

107 1695 219 1726 Horat.
241 1696 282 1726 A.
311 1696 348 1726 P.
373 1697 446 1727 392.
499 1696 625 1729 Θοίνιιν
648 1697 771 1740 α’γρίαν

106 1745 216 1787 θηρῶν
235 1751 327 1776 vocat
349 1746 457 1788 Eurip.
480 1747 561 1778 Hec.
588 1748 681 1778 1071.
727 1749 771 1779 Ut

107 1793 157 1825 hic
173 1796 309 1825 convivia
326 1795 483 1835 Lycaonioe
498 1807 610 1833 mensae,
627 1796 671 1827 sic
688 1798 771 1838 apud

108 1845 233 1875 Lucan.
248 1855 287 1876 ex
310 1844 485 1876 imitatione
508 1846 613 1876 Nostri
636 1849 771 1877 convivia

109 1893 307 1934 Ganymedea>
330 1905 443 1930 mensae,
459 1899 491 1924 et
514 1895 598 1935 apud
622 1895 771 1926 Nostrum

108 1954 158 1973 xv.
173 1943 320 1984 Thyesteae
335 1955 449 1979 mensoe,
464 1955 525 1974 non
535 1944 637 1975 minus
649 1944 704 1975 illa
715 1944 771 1975 foe-

109 1991 161 2029 da,
177 2003 273 2034 quam
296 1993 468 2035 Lycaonia.
515 1993 678 2035 Referens:
703 1994 772 2035 qui-

109 2041 186 2072 bus?
220 2042 306 2073 Deos
334 2048 442 2083 postea
480 2049 641 2074 convocat.
686 2045 773 2074 Num

110 2096 201 2132 poeta
217 2091 303 2122 dedit
318 2098 461 2131 repetens,
472 2091 530 2122 sibi
545 2093 578 2122 in
593 2092 773 2123 memoriam

110 2142 282 2171 revocans?
307 2140 389 2171 Plin.
405 2139 450 2171 iii.
465 2141 523 2182 Ep.
540 2143 572 2172 5.
592 2141 644 2172 16.
690 2141 774 2172 Rod.

111 2188 215 2219 omisit
240 2188 272 2219 in
288 2189 440 2220 versione.
489 2190 582 2221 Facto
601 2193 725 2227 recenti,
742 2196 775 2221 ut

111 2237 187 2269 alibi
200 2249 231 2269 re
244 2240 370 2269 recenti.
418 2238 541 2279 Concipi
555 2242 653 2270 animo
665 2240 775 2271 dicun-

113 2293 171 2324 tur,
196 2299 266 2329 quae
290 2288 430 2320 oriuntur
455 2288 486 2319 in
515 2289 629 2326 animo,
657 2295 692 2321 ut
718 2290 775 2326 ira,

113 2335 204 2367 furor.

160 2387 230 2418 167.
256 2386 506 2428 Conciliumque]
530 2388 611 2419 Cum
636 2398 683 2419 res
707 2399 776 2429 gra-

114 2435 160 2465 vis
173 2435 294 2477 agenda
309 2441 400 2472 esset,
412 2437 537 2478 Jupiter
552 2437 639 2468 Deos
661 2448 774 2468 convo-

114 2494 184 2515 care
222 2483 366 2526 (άγορήυ
404 2484 435 2516 δὲ
473 2485 624 2525 καλέσαι)
658 2487 777 2517 solebat

116 2533 251 2574 (Homer
265 2534 297 2564 ii.
312 2533 340 2565 ὃ.
355 2536 382 2565 1.
395 2535 426 2566 θ.
441 2536 471 2565 2.
490 2547 518 2565 υ.
538 2536 557 2565 4
572 2546 630 2577 sqq
644 2547 651 2573 3
668 2535 781 2576 Virgil.

117 2582 245 2613 AEneid.
261 2593 294 2613 x.
310 2581 334 2613 i.
355 2589 386 2613 et
402 2582 500 2625 saepe)
517 2584 549 2614 in
572 2583 679 2625 primis
704 2583 780 2615 duo-

116 2629 217 2661 decim
242 2641 381 2672 magnos,
408 2632 461 2673 qui
490 2637 578 2663 erant
603 2632 781 2664 Consiliarii

116 2679 136 2710 J
139 2679 215 2715 ovis,
228 2686 258 2711 et
273 2681 430 2712 Consentes
445 2681 640 2713 dicebantur.
669 2683 782 2713 Senec.

118 2729 193 2760 Nat.
209 2731 328 2767 Quaest.
349 2731 381 2762 ii.
404 2733 462 2770 413
489 2732 609 2763 Arnob.
634 2739 662 2763 c.
686 2733 782 2764 Gent.

118 2777 161 2808 iii.
176 2790 206 2820 p.
224 2780 292 2810 123.
329 2781 423 2811 Nunc
439 2786 543 2812 autem
559 2781 653 2812 etiam
670 2781 782 2822 reliqui

837 1201 904 1238 Dii,
921 1200 1068 1232 audiendi
1090 1211 1195 1236 causa,
1219 1200 1390 1232 confluunt.
1435 1202 1499 1232 Ita-

837 1262 898 1293 que
914 1261 974 1282 non
991 1250 1082 1281 facile
1098 1250 1272 1281 discernere
1297 1250 1381 1286 licet,
1396 1256 1499 1281 utrum

837 1303 994 1332 consilium
1016 1311 1055 1331 an
1076 1301 1236 1331 concilium
1253 1299 1421 1341 legendum
1442 1300 1502 1337 sit;

839 1362 910 1382 nam
922 1352 1076 1382 consilium
1087 1355 1134 1381 est
1148 1360 1310 1380 consessus
1324 1349 1499 1380 deliberan-

839 1400 927 1437 tium,
940 1401 1102 1431 conciliwn
1116 1398 1320 1430 audientium.
1344 1398 1426 1429 Vide
1442 1399 1499 1428 Er-

840 1450 919 1481 nesti
955 1450 1045 1481 Clav.
1077 1448 1147 1480 Cic.
1176 1459 1244 1479 voc.
1271 1450 1440 1485 consilium,
1469 1454 1501 1479 et

841 1500 948 1530 Burni.
966 1499 1006 1529 ad
1029 1498 1061 1529 h.
1077 1498 1098 1528 l.
1146 1498 1254 1528 Vocare
1272 1499 1428 1528 consilium
1448 1502 1502 1528 aut

839 1550 1010 1583 concilium,
1026 1547 1146 1590 phrasis
1161 1548 1317 1579 solemnis.

888 1599 957 1629 169.
981 1598 1094 1628 Lactea
1111 1608 1214 1628 nomen
1235 1597 1347 1638 habet]
1375 1598 1424 1628 De
1440 1597 1499 1628 cir-

840 1648 911 1678 culo
926 1647 981 1677 illo
992 1646 1125 1677 candido
1141 1646 1171 1676 in
1183 1646 1277 1681 coelo,
1293 1657 1385 1687 quem
1399 1649 1502 1688 γαλα-

841 1695 916 1733 ξίαν
931 1700 1082 1727 vocarunt
1106 1695 1221 1731 Graeci,
1239 1696 1364 1725 lacteam
1387 1695 1502 1730 Latini,

838 1747 917 1777 mira
942 1747 1097 1777 finxerunt
1118 1745 1263 1780 Veteres,
1278 1756 1336 1787 ope
1361 1746 1503 1776 tuborum

839 1797 1009 1838 opticorum
1032 1793 1184 1825 destituti.
1218 1793 1301 1825 Vide
1316 1795 1458 1825 Macrob.
1473 1795 1505 1825 in

839 1847 944 1877 Somn.
967 1845 1051 1887 Scip.
1064 1845 1084 1876 i.
1102 1846 1152 1875 12.
1172 1845 1225 1883 155
1249 1844 1362 1875 Manil.
1379 1844 1505 1876 Astron.

840 1896 861 1927 i.
877 1897 953 1927 748.

885 1945 959 1975 170.
997 1944 1144 1985 Sequitur
1181 1942 1385 1984 topographia
1419 1943 1505 1974 coeli.

842 1995 976 2036 filagrius
994 1994 1111 2024 Tonans
1135 1992 1229 2023 etiam
1251 1991 1283 2023 ii.
1299 1993 1372 2023 466.
1416 1993 1504 2024 Alibi

840 2046 1014 2075 altitonans.
1061 2043 1177 2073 Dextra
1194 2043 1321 2082 laevaque
1336 2042 1426 2078 refer,
1446 2053 1505 2074 non

843 2093 883 2124 ad
904 2094 1035 2134 regalem
1059 2094 1190 2126 domum,
1217 2091 1272 2121 sed
1297 2092 1336 2122 ad
1359 2091 1504 2123 lacteam.

842 2144 914 2179 Pro,
930 2143 1050 2173 nobiles
1066 2142 1220 2177 habitant,
1235 2141 1360 2171 notione
1375 2142 1505 2183 speciali

844 2197 876 2223 et
891 2191 1124 2223 accommodate
1147 2190 1186 2221 ad
1202 2201 1302 2221 mores
1319 2191 1412 2221 Rom.
1427 2191 1506 2222 dixit

843 2244 924 2272 atria
948 2243 1150 2276 celebrantur,
1167 2246 1217 2270 etc
1232 2251 1238 2277 ;
1264 2239 1290 2269 is
1309 2240 1393 2270 enim
1411 2240 1507 2271 honor

845 2293 956 2323 Romae
973 2291 1130 2321 nobilibus
1146 2289 1251 2320 haberi
1267 2289 1398 2321 solebat.

892 2342 963 2372 173.
990 2340 1103 2380 Plebs]
1132 2338 1287 2380 Δαίμονες
1312 2337 1460 2380 δεύτεροι,
1486 2338 1507 2369 i.

844 2402 872 2422 e.
897 2389 1027 2421 secundi
1057 2389 1172 2420 ordinis
1187 2401 1192 2418 :
1232 2388 1303 2418 vide
1331 2389 1438 2419 Graev.
1468 2388 1508 2419 ad

844 2439 973 2470 Hesiod.
999 2438 1099 2480 Ἐργ.
1119 2439 1190 2468 141.
1235 2438 1279 2469 Ut
1294 2438 1404 2468 Romae
1421 2438 1509 2468 nobi-

844 2490 888 2520 les
905 2495 936 2520 et
951 2488 1078 2530 plebeii,
1095 2488 1138 2518 sic
1155 2487 1250 2518 etiam
1266 2487 1297 2517 in
1314 2488 1406 2517 coelo.
1436 2488 1509 2518 Non

849 2546 954 2569 autem
974 2538 1112 2568 debebat
1126 2536 1204 2567 verti
1224 2538 1278 2566 der
1296 2536 1411 2566 Poebel.
1456 2536 1509 2567 Ad

846 2589 958 2626 plebem
978 2597 996 2617 a
1018 2587 1132 2616 Nostro
1154 2585 1186 2615 in
1203 2585 1252 2615 Ib.
1269 2584 1321 2615 81,
1336 2585 1510 2615 referuntur

849 2636 960 2672 Fauni,
975 2635 1089 2677 Satyri,
1100 2634 1268 2676 Nymphae,
1278 2633 1431 2672 Semidei;
1455 2634 1510 2666 sed

849 2685 880 2716 hi
897 2697 979 2721 mOX‚
997 2696 1060 2716 ver.
1081 2686 1152 2715 192.
1167 2695 1191 2714 s.
1207 2685 1245 2714 ab
1260 2694 1297 2715 ea
1313 2683 1510 2725 distinguun-

850 2741 919 2774 tu1·;
946 2734 1089 2766 habitant
1115 2734 1196 2765 enim
1224 2734 1256 2764 in
1284 2732 1382 2764 tern‘s.
1428 2734 1512 2764 Inter

850 2785 934 2816 cives
945 2785 1106 2815 Romanos
1117 2783 1259 2814 nonnulli
1270 2788 1357 2814 erant
1370 2789 1513 2822 potentes.
