1742 3215
397 435 735 489 LECTORI
782 434 1214 488 BENEVOLO

705 578 749 618 S.
774 577 823 618 P.
848 578 905 619 D.

183 713 596 761 NICOLAUS
649 714 985 761 ELIGIUS
1038 713 1425 760 LEMAIRE.

114 1020 222 1080 EX
243 1052 295 1079 eo
315 1037 431 1092 quod
446 1037 649 1078 NASONIS
668 1037 849 1077 Carmen
869 1036 951 1077 hoc
972 1037 1025 1077 de
1046 1051 1188 1078 rerum
1204 1036 1498 1078 Transforma-

112 1117 312 1166 tionibus,
333 1131 418 1157 non
443 1116 594 1157 eodem
620 1116 867 1170 inscriptum
891 1116 1057 1156 nomine
1082 1116 1161 1157 tibi
1181 1117 1391 1166 obveniat,
1414 1131 1498 1171 quo

112 1196 254 1250 priora
281 1196 368 1236 duo
388 1194 612 1243 volumina,
638 1209 692 1235 ne
720 1194 965 1243 credideris,
988 1193 1146 1235 Lector
1170 1195 1342 1249 optime,
1366 1202 1499 1235 trans-

112 1274 256 1330 fugam
282 1289 307 1316 a
336 1274 459 1316 nobis
491 1273 697 1315 defecisse
721 1274 856 1314 virum
885 1271 1046 1313 consilii
1073 1273 1207 1314 nostri
1232 1273 1497 1327 participem,

110 1352 347 1394 studiorum
394 1353 672 1401 hortatorem,
706 1350 1078 1406 aemulatoremque
1114 1351 1494 1406 diligentissimum,

112 1430 154 1472 J.
178 1430 233 1472 A.
257 1430 412 1480 AMAR,
433 1430 520 1486 qui,
543 1430 577 1470 si
595 1429 767 1484 quando
791 1444 816 1469 a
843 1428 988 1470 labore
1009 1430 1197 1484 incoepto
1218 1430 1423 1471 desistere
1444 1430 1499 1470 ad

111 1517 278 1564 tempus
313 1516 491 1565 propter
521 1507 805 1550 valetudinem
840 1514 1031 1561 cogatur,
1065 1522 1141 1548 nos
1171 1522 1343 1562 quoque
1374 1516 1500 1563 cogat

111 1603 243 1643 opera
276 1589 516 1643 interrupta
548 1594 591 1628 et
626 1586 859 1641 pendentia
893 1585 1146 1641 relinquere.
1209 1585 1341 1633 Quod
1376 1601 1499 1628 omen

112 1666 190 1707 Dii
212 1672 419 1716 avertant,
441 1680 622 1720 quorum
648 1665 847 1718 auspiciis
873 1665 1071 1706 inchoata
1097 1680 1164 1706 res
1192 1672 1350 1714 nostra,
1374 1673 1417 1706 et
1445 1665 1499 1706 ad

110 1745 227 1787 hunc
247 1746 359 1787 diem
378 1744 556 1787 feliciter
576 1745 684 1786 adeo
704 1751 920 1799 provecta,
942 1750 1004 1784 tot
1031 1743 1120 1784 fere
1141 1743 1221 1784 sibi
1240 1743 1499 1792 laudatores,

111 1831 216 1880 quot
239 1825 350 1865 viros
381 1823 679 1865 Universitatis
704 1823 883 1865 Gallicae
916 1824 1065 1864 studiis
1096 1822 1285 1865 faventes
1313 1823 1500 1878 gratula-

112 1911 205 1953 tur3
237 1910 366 1957 atque
392 1903 442 1943 iis
468 1903 571 1957 ipsis
600 1902 773 1954 fruitur,
795 1902 861 1944 vel
884 1903 1022 1952 iratis,
1047 1902 1121 1957 qui
1146 1917 1224 1943 nec
1252 1902 1500 1944 movendam

112 1981 285 2035 quidem
311 1981 434 2022 nobis
461 1981 568 2021 tanti
593 1979 749 2021 laboris
776 1980 943 2031 molem,
967 1980 1208 2022 Dictatoria
1233 1981 1501 2029 auctoritate,

113 2075 167 2102 ne
188 2060 392 2108 dicamus,
414 2059 636 2100 subinvida
655 2066 811 2109 mente,
833 2059 1235 2113 pronuntiaverant!

171 2138 315 2194 Hujus
336 2138 465 2192 igitur
484 2137 638 2187 laudis,
656 2153 752 2191 quae
774 2153 892 2192 spem
912 2143 1163 2192 conceptam
1182 2137 1332 2178 mirum
1352 2137 1395 2177 in
1415 2152 1502 2177 mo-

113 2218 215 2259 dum
254 2218 540 2272 exsuperavit,
576 2225 740 2272 partem
775 2216 1003 2272 legitimam
1038 2215 1199 2256 referre
1235 2222 1278 2256 et
1307 2216 1430 2269 juvat
1461 2222 1504 2256 et

114 2296 239 2338 decet
271 2296 484 2337 Ovidiano
518 2296 756 2350 interpreti,
789 2296 876 2350 qui,
910 2301 1135 2349 postquam
1169 2294 1212 2334 in
1245 2293 1503 2334 Praefatione

113 2374 237 2428 primi
255 2373 477 2416 voluminis
505 2381 590 2416 tam
615 2376 717 2416 scite
739 2390 865 2429 quam
888 2373 1107 2428 eleganter
1127 2373 1298 2413 modum
1321 2372 1503 2426 praevius

115 2452 345 2506 aperuerit,
366 2466 451 2508 quo
482 2453 722 2507 corrigendi
743 2459 908 2493 veteres
936 2466 985 2493 ac
1009 2451 1332 2505 interpretandi,
1359 2451 1416 2491 sic
1444 2450 1504 2490 in-

114 2536 373 2584 terpretatus
400 2537 479 2580 est,
498 2538 545 2572 ut
568 2546 614 2572 re
636 2532 729 2586 ipsa
748 2532 948 2581 vinceret,
970 2545 1096 2585 quem
1117 2531 1205 2585 jam
1228 2529 1397 2584 eloquio
1418 2530 1505 2569 vin-

116 2615 281 2650 centem
302 2616 573 2663 agnoverant,
597 2610 853 2664 quicumque
876 2609 1029 2649 Latine
1051 2609 1201 2650 sciunt.
1255 2607 1342 2648 Sed
1363 2622 1417 2648 ex
1438 2606 1503 2647 his

117 2701 213 2740 quae
251 2687 452 2740 praemisit
487 2687 808 2729 Commentariis
848 2688 891 2728 in
927 2687 1167 2728 Heroidum
1206 2684 1422 2740 Epistolas
1463 2691 1505 2725 et

118 2763 338 2805 Amatoria
368 2765 570 2814 Nasonis,
608 2767 708 2806 satis
744 2779 956 2819 superque
998 2765 1074 2804 tibi
1113 2764 1309 2812 innotuit,
1348 2762 1506 2804 Lector

177 2855 274 2882 voL.
299 2856 363 2883 111,
1142 2856 1167 2881 a
