1763 3181
233 201 318 242 342
624 203 674 244 Ρ.
708 202 920 244 OVIDII
954 203 1231 246 NASONIS

235 316 280 363 A
305 323 444 364 tanto
468 317 709 365 cecidisse
734 317 884 365 viro.''
956 317 1078 365 Pars
1106 319 1278 366 ultima
1301 318 1434 366 vocis

238 392 297 440 In
321 394 484 441 medio
510 410 780 458 supplessa
803 411 924 441 sono
950 401 1053 452 est3
1096 395 1434 459 adapertaque
1459 395 1582 442 velle

237 470 340 517 Ora
362 471 497 534 loqui
522 471 713 527 credas,
738 487 829 519 nec
854 478 970 517 sunt
993 487 1052 518 ea
1075 471 1243 555 pervia
1259 471 1438 519 verbis.
1469 471 1616 562 [quit,

236 546 470 611 Increpat
493 548 600 604 hos,
631 555 661 572 “
679 548 915 612 Vitioque
938 549 1102 605 animi,
1131 565 1227 596 non
1253 547 1518 603 crinibusss'
1545 547 1617 594 in-

236 630 265 648 “
291 625 568 687 Gorgoneis
593 626 850 689 torpetisss’
877 626 1044 690 Eryx:
1087 632 1117 650 “
1137 627 1367 673 incuirite
1393 641 1616 680 mecum;

237 701 304 748 Et
322 703 616 765 prosternite
642 702 775 749 humi
797 704 1031 766 juvenem
1054 703 1247 765 magica
1266 719 1401 751 arma
1421 718 1618 749 moven-

236 778 532 826 Incursurus
558 787 688 826 erat:
728 779 886 827 tenuit
909 779 1118 841 vestigia
1138 780 1312 836 tellus;
1446 777 1620 840 [tem.’'

235 855 579 919 Immotusque
606 856 747 912 silex,
775 864 1062 920 armataque
1087 857 1270 904 mansit
1294 856 1471 919 imago.
1528 857 1618 902 199

302 932 369 979 Hi
393 941 560 980 tamen
584 950 647 981 ex
673 935 846 981 merito
872 951 1067 998 poenam
1094 935 1317 982 subiere:
1358 934 1446 981 sed
1471 949 1598 980 unus

235 1009 384 1057 Miles
404 1017 509 1057 erat
534 1011 723 1067 Persei,
745 1027 832 1075 pro
859 1027 957 1073 quo
976 1011 1094 1058 dum
1120 1019 1325 1075 pugnat,
1349 1010 1619 1065 Aconteus,

236 1087 471 1150 Gorgone
495 1095 766 1151 conspecta
791 1104 912 1135 saxo
938 1088 1189 1135 concrevit
1213 1089 1385 1135 oborto
1410 1105 1419 1135 :

233 1162 395 1218 Quem
420 1172 556 1212 ratus
582 1164 832 1229 Astyages
858 1165 1129 1212 etiamnum
1154 1164 1331 1221 vivere,
1357 1165 1504 1226 longo

234 1239 369 1289 Ense
395 1241 533 1289 ferit:
573 1242 740 1289 sonuit
763 1242 1024 1289 tinnitibus
1050 1241 1182 1289 ensis
1208 1241 1386 1289 acutis.

1523 1243 1620 1288 204

235 1317 369 1364 Dum
395 1324 578 1382 stupet,
605 1318 856 1382 Astyages
883 1325 1108 1366 naturam
1133 1318 1286 1366 traxit
1311 1319 1548 1376 eandem;

233 1393 618 1458 Marmoreoque
643 1402 811 1443 manet
835 1396 1001 1443 vultus
1027 1396 1251 1442 mirantis
1276 1395 1326 1442 in
1351 1412 1450 1443 ore.

235 1471 453 1518 Nomina
477 1472 626 1534 longa
649 1489 786 1519 mora
810 1479 886 1519 est
910 1472 1075 1519 media
1098 1472 1160 1519 de
1186 1473 1332 1535 plebe
1355 1474 1568 1520 virorum

237 1547 417 1596 Dicere
437 1566 446 1596 :

487 1549 562 1596 bis
589 1557 791 1597 centum
816 1551 1070 1597 restabant
1094 1566 1300 1614 corpora
1323 1567 1530 1614 pugnae3

235 1625 467 1688 Gorgone
494 1626 569 1673 bis
595 1634 796 1673 centum
822 1627 1078 1688 riguerunt
1101 1643 1307 1690 corpora
1329 1627 1450 1674 visa.

299 1702 518 1750 Poenitet
542 1704 711 1767 injusti
733 1720 863 1751 nunc
889 1704 1106 1767 denique
1132 1704 1324 1751 Phinea
1347 1704 1483 1751 belli.
1522 1707 1620 1751 210

235 1779 336 1826 Sed
362 1781 483 1843 quid
508 1782 655 1844 agat?
693 1782 955 1829 simulacra
977 1782 1114 1830 videt
1137 1782 1331 1830 diversa
1353 1782 1551 1846 figuris3

231 1857 576 1921 Agnoscitque
601 1875 732 1915 SUOS,
761 1866 812 1906 et
835 1859 1034 1906 nomine
1060 1875 1312 1922 quemque
1332 1867 1533 1907 vocatos

234 1932 407 1980 Poscit
444 1951 591 1998 opem
609 1955 619 1993 3

428 2013 588 2075 tangit

231 2087 453 2152 Corpora
471 2107 480 2137 ε

537 2106 749 2137 marmor
796 2098 937 2139 erant
955 2109 964 2139 :

677 1937 986 2000 credensque
1024 1953 1214 2000 parum,
1255 1937 1349 1984 sibi
1390 1937 1619 2001 proxima

1362 2016 1615 2079 [supplex,

1027 2093 1259 2139 avertitur
1276 2111 1286 2147 ;
1350 2099 1501 2156 atque
1548 2093 1618 2140 ita

231 2164 601 2230 Confessasque
621 2184 812 2225 manus,
830 2170 1134 2233 obliquaque
1159 2170 1362 2217 brachia
1385 2171 1613 2226 tendens,

273 2310 344 2340 196.
370 2310 506 2350 Torpere,
518 2312 646 2342 verbum
658 2313 811 2355 ambiguae
825 2315 886 2355 sig-

228 2358 425 2395 nificationis,
442 2371 538 2401 quum
558 2366 589 2392 et
614 2361 653 2392 de
675 2361 742 2392 saxi
765 2368 886 2399 natura,

227 2413 258 2438 et
273 2407 312 2438 de
327 2407 451 2439 homine
467 2409 557 2440 inerti
572 2410 706 2442 dicatur.

274 2458 345 2489 197.
370 2459 494 2500 Magica
505 2471 600 2496 arma,
613 2460 750 2502 magicos
766 2467 887 2498 cantus,

227 2507 470 2544 incantamenta,
494 2514 588 2550 atque
612 2509 773 2541 veneficia.
823 2511 885 2540 Ves-

229 2558 315 2597 tigin,
332 2556 438 2598 pedes.

271 2607 346 2636 200.
378 2607 425 2637 Ex
446 2609 570 2637 merito:
601 2608 675 2649 quia
702 2608 811 2640 Phinei
836 2619 885 2640 sa-

227 2653 374 2685 tellitium
384 2660 415 2685 et
423 2656 512 2686 malae
520 2666 620 2687 causae
628 2664 885 2699 propugnatores.

228 2703 395 2740 Coucrevst,
410 2703 578 2736 immobilis
594 2711 642 2736 est
665 2707 775 2738 factus.
814 2707 886 2738 Ele-

225 2757 334 2793 ganter
347 2753 437 2784 Pont.
449 2754 493 2784 II.
505 2754 545 2785 xi.
562 2756 610 2786 lO.
624 2763 778 2787 concretus
793 2757 885 2795 dolor,

955 2325 1052 2356 quum
1065 2314 1134 2356 quis
1143 2314 1187 2345 ita
1196 2314 1397 2356 obstupescit,
1409 2321 1444 2345 ut
1453 2316 1519 2345 sine
1532 2320 1616 2346 motu

953 2368 1025 2398 stet,
1041 2363 1137 2394 veluti
1153 2363 1185 2393 in
1205 2373 1314 2394 saxum
1341 2369 1492 2394 mutatus.
1540 2363 1616 2394 Tra-

955 2413 1032 2447 here,
1051 2418 1084 2443 ut
1099 2412 1131 2443 ii.
1146 2413 1220 2443 236.
1252 2413 1355 2443 Media
1371 2415 1407 2443 de
1420 2414 1522 2453 plebe;
1539 2414 1615 2445 ᾹΞΠ.

953 2461 995 2491 ix.
1022 2462 1099 2492 373.
1122 2463 1247 2492 multam
1271 2464 1332 2492 sine
1356 2463 1473 2492 nomine
1494 2463 1615 2502 plebem.

957 2510 1099 2549 Corpora,
1115 2521 1196 2551 saepe
1214 2521 1268 2552 pro
1285 2510 1472 2542 hominibus.
1494 2512 1570 2543 AEn.
1583 2511 1615 2542 ii.

957 2560 1006 2590 18.
1021 2562 1134 2591 delectu
1154 2562 1250 2590 rirzim
1266 2571 1400 2600 corpora.

997 2610 1070 2639 215.
1096 2610 1332 2650 Confessasque]
1381 2609 1487 2640 victos
1501 2620 1533 2640 se
1550 2611 1613 2642 Ve-

955 2662 1035 2688 teres
1059 2659 1279 2698 conjitebnntur
1308 2658 1439 2689 sublatis
1465 2660 1611 2696 manibus,

956 2714 989 2738 ut
1015 2707 1106 2739 docet
1128 2709 1227 2739 Faber
1250 2709 1353 2749 Agon.
1368 2709 1390 2739 i.
1408 2710 1439 2739 8.
1488 2710 1615 2750 Obliqua

955 2758 1075 2788 brachia
1101 2757 1236 2789 habebat
1261 2757 1440 2800 supplicans
1463 2757 1612 2793 Phineus.
