1763 3181
410 169 1029 214 METAMORPHOSEON
1061 168 1180 210 LIB.
1210 168 1291 209 IV.
1458 168 1543 209 297

168 288 319 336 Nulla
341 287 448 335 dies
473 303 501 334 a
519 303 615 342 me,
641 302 734 332 nec
759 301 837 332 me
862 283 1066 330 diducat
1090 284 1151 330 ab
1178 282 1321 330 isto.'‘
1446 285 1540 328 372

165 365 294 412 Vota
317 381 431 413 suos
456 365 673 411 habuere
695 362 829 409 Deos
848 379 858 417 ;
899 377 1012 407 nam
1037 352 1196 406 mixta
1219 360 1426 406 duorum

166 443 387 506 Corpora
405 443 706 505 junguntur3
745 439 999 501 faciesque
1024 436 1273 483 inducitur
1298 436 1392 483 illis

167 519 307 566 Una:
346 518 481 565 velut
501 517 541 564 si
567 516 678 580 quis
704 516 950 563 conducta
974 514 1159 561 cortice
1184 530 1345 560 ramos

166 595 448 643 Crescendo
467 593 626 657 jungi,
653 592 937 656 pariterque
963 591 1247 638 adolescere
1273 597 1457 638 cernat.

166 673 249 720 Sic
273 673 358 720 ubi
383 671 648 734 complexu
673 671 895 716 colerunt
919 659 1142 715 membra
1165 667 1342 722 tenaci,
1447 670 1541 713 377

165 749 272 797 Nec
298 750 395 796 duo
421 754 554 804 sunt,
582 754 631 795 et
655 746 810 793 forma
834 746 1038 809 duplex,
1066 761 1156 792 nec
1181 744 1363 792 femina
1386 744 1500 799 dici,

166 826 213 873 N
219 843 274 875 ec
311 842 433 890 puer
467 831 523 871 ut
557 823 777 889 possint;
818 830 1164 884 neutrumque,
1192 828 1243 869 et
1278 828 1543 884 utrumque

361 903 607 950 videntur.

167 980 298 1043 Ergo
318 979 403 1027 ubi
428 996 481 1027 se
506 977 737 1042 liquidas,
766 994 864 1041 quo
887 977 959 1023 vir
983 976 1326 1030 descenderat,
1354 974 1511 1022 undas

168 1057 492 1125 Semimarem
515 1055 691 1103 fecisse
715 1056 866 1111 videt,
895 1054 1184 1116 mollitaque
1209 1053 1259 1099 in
1284 1052 1378 1099 illis
1449 1055 1539 1099 381

166 1133 418 1191 Membra3
446 1149 621 1180 manus
647 1132 874 1187 tendens,
903 1132 990 1178 sed
1010 1133 1114 1194 jam
1139 1147 1236 1177 non
1260 1145 1379 1176 voce
1404 1129 1543 1183 virili,

166 1210 613 1274 Hermaphroditus
638 1209 732 1266 ait3
776 1214 805 1232 ‘⁶
834 1207 967 1255 Nato
992 1208 1107 1254 date
1137 1221 1343 1253 munera
1366 1213 1544 1260 vestro,

167 1287 233 1335 Et
255 1295 411 1352 pater,
439 1294 489 1334 et
513 1285 755 1348 genetrix,
784 1285 1040 1332 amborum
1066 1299 1245 1330 nomen
1270 1282 1502 1329 habenti:

168 1364 407 1429 Quisquis
432 1365 482 1412 in
506 1365 595 1412 hos
620 1363 781 1410 fontes
806 1363 878 1409 vir
901 1361 1106 1417 venerit,
1130 1367 1277 1408 exeat
1301 1359 1415 1406 inde
1451 1361 1546 1405 385

167 1442 402 1499 Semivir3
443 1448 493 1489 et
516 1440 662 1488 tactis
689 1439 853 1486 subito
878 1439 1136 1485 mollescat
1160 1437 1209 1483 in
1230 1436 1425 1483 undis.''

167 1519 338 1567 Motus
363 1526 572 1581 uterque
597 1534 791 1581 parenS,
819 1517 920 1564 nati
946 1523 1052 1563 rata
1074 1515 1224 1562 verba
1247 1513 1467 1560 biformis

168 1597 323 1653 Fecit,
350 1603 399 1644 et
423 1596 611 1643 incerto
635 1595 823 1643 fontem
848 1593 1177 1641 medicamine
1202 1591 1366 1638 tinxit.

233 1673 367 1720 Finis
388 1681 494 1721 erat
517 1673 691 1729 dictis3
732 1679 782 1719 et
806 1672 967 1719 adhuc
991 1670 1214 1733 Minyeia
1238 1668 1399 1731 proles

167 1750 326 1813 Urget
340 1767 481 1814 opus,
500 1749 787 1813 spernitque
804 1748 984 1804 Deum,
999 1747 1281 1808 festumque
1298 1743 1544 1808 profanat:

163 1827 426 1891 Tympana
449 1842 603 1889 quum
629 1825 792 1872 subito
816 1841 915 1872 non
941 1822 1231 1888 apparentia
1255 1821 1416 1869 raucis
1452 1824 1543 1867 391

205 1987 278 2018 378.
304 1986 366 2018 Nec
378 1989 436 2017 duo
450 1993 532 2022 sunt,
544 1985 619 2027 etc.]
645 1985 759 2016 Similis
771 1986 817 2017 lu-

162 2047 225 2073 sus,
236 2036 280 2067 iii.
296 2037 359 2067 352
373 2048 380 2074 3
397 2036 452 2066 sed
467 2041 498 2066 et
509 2047 580 2067 mox
598 2046 660 2066 ver.
673 2036 735 2066 400
750 2046 820 2077 sqq.

166 2087 207 2116 Et
225 2085 341 2127 forma,
365 2085 419 2116 sed
447 2092 552 2116 tamen
577 2085 682 2116 forma.
727 2085 820 2115 Tales

162 2133 437 2176 Hermaphroditos
446 2133 539 2164 etiam
551 2133 685 2164 artifices
699 2132 819 2175 antiqui

162 2188 388 2225 expresserunt,
425 2189 460 2214 ut
499 2183 654 2225 Polycles,
694 2188 818 2213 auctore

163 2233 276 2269 Plinio,
291 2233 395 2264 xxxiv.
411 2234 449 2264 19
464 2238 496 2263 et
510 2233 561 2263 20.
606 2233 644 2262 In
666 2232 702 2262 iis
717 2231 818 2272 digni-

164 2289 260 2314 tatem
284 2282 403 2313 virilem
425 2287 684 2323 venustatemque
709 2281 820 2312 mulie-

162 2333 248 2363 brem
263 2331 390 2362 miscere
405 2332 607 2362 conabantur.
635 2330 718 2362 Vide
729 2330 818 2361 Win-

162 2381 256 2413 kelm.
278 2381 321 2411 H.
337 2380 379 2412 A.
400 2392 431 2422 p.
454 2381 508 2411 37.
556 2380 690 2410 Formam
716 2380 819 2419 dupli-

163 2440 223 2460 cem
238 2429 284 2460 illi
303 2430 449 2460 effinxere
464 2428 607 2459 mammis
622 2434 654 2459 et
668 2428 818 2464 virilibus,

163 2478 290 2520 reliquis
309 2485 413 2509 autem
427 2478 572 2509 membris
593 2477 632 2508 ad
654 2478 819 2508 mollitudi-

164 2539 228 2558 nem
254 2527 447 2558 muliebrem.
494 2528 819 2563 Possint—ridentur,-

165 2576 259 2607 nostri
283 2577 388 2617 Regii,
407 2578 679 2617 possit—videtur,-
707 2577 821 2606 rectius

166 2625 276 2661 forsan,
292 2625 366 2667 quia
379 2626 440 2656 duo
455 2637 551 2656 unum
567 2625 713 2656 efficiunt.

209 2676 282 2706 388.
306 2675 436 2711 Incerto,
452 2686 574 2707 arcano.
621 2675 702 2706 Vide
725 2675 764 2706 ad
787 2674 821 2704 li-

168 2723 256 2755 brum
272 2724 304 2754 ii.
324 2725 395 2755 122.

932 1986 1004 2016 389.
1030 1984 1114 2014 Finis
1129 1990 1195 2014 erat
1209 1984 1306 2018 dictis,
1325 1982 1405 2022 etc.]
1436 1981 1547 2017 Poena,

887 2045 981 2076 quam
996 2044 1094 2077 passae
1111 2037 1182 2063 sunt
1198 2031 1393 2072 Minyeides.
1430 2031 1469 2060 In
1482 2041 1548 2061 ves-

886 2083 1064 2126 pertiliones
1086 2087 1213 2112 mutatae
1235 2086 1317 2111 sunt.
1361 2079 1457 2121 Apud
1480 2078 1548 2109 An-

887 2132 983 2163 tonin.
1014 2131 1171 2167 Bacchus,
1200 2135 1326 2171 sumpta
1349 2129 1463 2170 puellae
1488 2128 1547 2158 for-

887 2193 948 2217 ma,
976 2181 1148 2223 Minyadas
1182 2179 1333 2214 hortatur,
1363 2183 1398 2208 ut
1426 2177 1547 2207 debitos

887 2233 955 2263 Deo
976 2231 1108 2261 honores
1128 2230 1287 2265 habeant,
1311 2226 1548 2257 adversantibus
1568 2242 1573 2245 ’

885 2281 958 2317 illis,
979 2281 1012 2310 in
1036 2280 1170 2314 leonem,
1191 2283 1376 2317 taurumque
1399 2281 1548 2310 mutatus,

887 2337 919 2361 et
943 2330 1013 2360 aliis
1038 2327 1186 2370 prodigiis
1214 2337 1245 2357 se
1271 2326 1376 2356 Deum
1402 2324 1547 2355 ostendit.

887 2380 992 2420 Signa,
1009 2388 1078 2419 quae
1099 2377 1150 2406 hic
1171 2376 1237 2417 jam
1259 2380 1548 2409 commemorantur,

888 2427 1009 2470 propria
1026 2431 1098 2457 sunt
1110 2425 1247 2455 Baccho.
1278 2424 1329 2455 Cf.
1345 2423 1388 2453 iii.
1402 2423 1464 2453 664
1479 2434 1548 2463 sqq.

893 2478 1000 2518 Urget,
1026 2473 1207 2505 lanificium.
1255 2473 1323 2502 Non
1348 2472 1547 2511 apparentum

889 2537 957 2567 quae
974 2524 1130 2555 Mineides
1151 2527 1255 2552 mente
1275 2528 1374 2562 captae
1398 2520 1455 2551 sibi
1474 2519 1546 2549 visae

889 2580 960 2604 sunt
996 2572 1115 2603 audire.
1177 2572 1381 2610 Obstrepuere,
1418 2569 1547 2610 strepitu

889 2634 944 2653 suo
965 2623 1128 2653 turbarunt
1143 2628 1207 2651 tam
1223 2631 1310 2661 opuS‚
1327 2630 1419 2661 quam
1435 2630 1546 2650 sermo-

891 2683 945 2702 nes
967 2671 1142 2702 mulierum.
1188 2670 1238 2699 De
1262 2670 1333 2699 tibia
1350 2668 1407 2699 hac
1425 2668 1493 2699 vide
1509 2667 1547 2698 ad

891 2721 934 2752 iii.
949 2722 1024 2752 533.
