1729 3207
380 226 1001 268 METAMORPHOSEON
1035 225 1153 266 LIB.
1187 225 1249 266 ΙΙ.
1424 226 1506 265 149

124 341 171 390 N
176 358 233 390 ec
257 342 344 389 tibi
373 341 725 406 quadrupedes
752 341 999 388 animosos
1024 340 1222 403 ignibus
1248 340 1359 395 illis,
1444 343 1502 386 84

122 418 262 473 Quos
279 419 328 465 in
353 425 555 482 pectore
569 418 773 474 habent,
792 435 916 481 quos
933 433 1016 465 ore
1033 424 1083 465 et
1102 417 1303 464 naribus
1323 416 1504 470 efflant,

124 495 183 542 In
207 502 440 559 promptu
466 511 635 558 regere
661 501 761 542 est:
789 495 872 541 vix
897 511 976 541 me
998 494 1268 558 patiuntur,
1289 500 1345 539 ut
1370 508 1506 539 acres

123 571 381 619 Incaluere
406 571 552 619 animi
573 589 584 628 ;
624 571 893 634 cervixque
919 578 1164 634 repugnat
1188 569 1413 617 habenis.

121 648 190 695 At
213 655 283 704 tu,
309 647 494 696 funesti
519 665 581 696 ne
607 648 699 694 sim
719 647 809 695 tibi
835 648 1051 695 muneris
1078 655 1265 701 auctor,

124 724 271 781 Nate,
297 741 445 782 cave3
486 725 605 771 dum
630 740 809 788 resque
837 724 967 780 sinit,
996 732 1082 771 tua
1106 724 1297 785 corrige
1322 730 1453 769 vota.

124 801 343 858 Scilicet,
364 808 420 848 ut
443 808 611 848 nostro
637 801 858 863 genitum
884 808 933 848 te
959 801 1198 864 sanguine
1224 800 1416 855 credas,
1444 802 1506 846 90

125 877 341 941 Pignora
365 885 502 926 certa
525 878 682 942 petis:
723 878 786 925 do
811 878 1017 942 pignora
1042 884 1178 925 certa
1202 877 1450 932 timend03

127 954 192 1002 Et
215 955 375 1019 patrio
399 962 541 1019 pater
565 971 675 1002 esse
700 961 836 1002 metu
864 955 1071 1018 probor:
1112 954 1281 1018 aspice
1304 953 1469 1000 vultus

124 1030 258 1079 Ecce
282 1048 448 1089 meos;
490 1031 783 1095 utinamque
807 1032 979 1078 oculos
1004 1031 1054 1077 in
1078 1038 1281 1095 pectora
1302 1045 1476 1093 posses

123 1107 365 1164 Inserere,
394 1116 444 1155 et
468 1108 651 1172 patrias
677 1108 809 1155 intus
836 1108 1143 1171 deprendere
1170 1106 1340 1154 curas!

123 1184 373 1248 Denique,
434 1185 679 1248 quidquid
737 1186 890 1232 habet
947 1185 1100 1239 dives,
1162 1183 1506 1247 circumspice,

320 1262 564 1319 mundus3
1447 1262 1508 1306 95

124 1337 269 1401 Eque
288 1345 363 1386 tot
388 1355 445 1386 ac
470 1339 620 1386 tantis
645 1339 773 1395 coeli,
800 1346 1062 1401 terraeque,
1090 1338 1339 1401 marisque

124 1414 287 1463 Posce
312 1416 454 1463 bonis
480 1416 693 1479 aliquid:
734 1416 921 1463 nullam
945 1414 1134 1478 patiere
1160 1415 1424 1479 repulsam.

126 1491 381 1556 Deprecor
405 1493 499 1540 hoc
524 1509 705 1551 unum,
747 1492 883 1556 quod
907 1508 1020 1539 vero
1046 1492 1243 1539 nomine
1268 1507 1430 1555 poena,

128 1568 241 1616 Non
278 1569 434 1617 honor
470 1576 573 1617 est:
613 1586 828 1633 poenam,
857 1569 1136 1625 Phaethon,
1164 1584 1252 1633 pro
1289 1584 1508 1619 munere,

324 1647 504 1711 poscis.

124 1721 258 1777 Quid
276 1740 388 1771 mea
411 1725 540 1771 colla
563 1730 703 1771 tenes
725 1723 938 1778 blandis,
957 1724 1141 1785 ignare,
1159 1722 1386 1770 lacertis?
1418 1725 1509 1768 100

128 1799 206 1847 Ne
232 1800 421 1858 dubita,
449 1801 661 1857 dabitur,
693 1800 894 1864 Stygias
914 1799 1187 1863 juravimus
1212 1799 1386 1855 undas,

129 1876 480 1941 Quodcunque
505 1878 719 1942 optaris:
759 1877 847 1924 sed
870 1885 924 1924 tu
949 1876 1221 1940 sapientius
1247 1875 1413 1939 opta.''

129 1953 347 2002 Finierat
369 1955 612 2002 monitus:
653 1954 800 2001 dictis
825 1961 992 2002 tamen
1018 1953 1098 2000 ille
1125 1959 1394 2016 repugnat3

169 2156 224 2186 84.
248 2155 386 2197 Ignibus,
402 2155 491 2192 Quos,
503 2155 580 2196 etc.]
608 2156 658 2186 Ita
669 2154 784 2186 descri-

125 2204 241 2236 buntur
259 2204 414 2235 interdum
435 2204 579 2235 ardentes
593 2210 714 2235 tantum
731 2215 785 2235 an·

126 2252 250 2290 halitus,
265 2254 348 2285 unde
372 2253 517 2284 nobilitas
541 2264 690 2295 equorum
713 2264 784 2294 cog·—

128 2302 280 2333 noseitur:
305 2302 417 2344 virgil.
439 2303 554 2344 Georg.
574 2303 618 2333 iii.
640 2304 701 2341 853
724 2303 784 2334 Lu-

128 2356 207 2382 eret.
228 2363 259 2384 v.
282 2353 337 2383 29.
383 2353 500 2383 Verum
520 2352 592 2394 equi
615 2352 694 2382 Solis
718 2363 784 2394 pro-

127 2401 192 2443 prie
207 2401 353 2433 dicuntur
369 2403 435 2444 πῦρ
450 2402 562 2434 πνέειν
575 2415 581 2432 :
599 2402 670 2433 vide
682 2402 785 2433 Cerda

129 2449 170 2480 ad
189 2450 278 2492 Virg.
294 2451 420 2482 AEneid.
441 2451 494 2482 xii.
513 2453 585 2483 115.
629 2451 712 2481 Hinc
737 2452 784 2493 af-

119 2499 206 2539 flant
228 2499 311 2541 apud
333 2507 442 2542 poetas
466 2507 561 2531 terras
584 2511 649 2537 eas,
673 2500 786 2542 quibus

130 2548 232 2579 lucem
256 2554 440 2591 apportant:
465 2550 556 2591 Virg.
572 2551 647 2581 AEn.
663 2562 691 2580 v.
714 2551 787 2581 739.

132 2596 207 2627 Mox
236 2608 299 2628 ver.
328 2599 399 2629 154.
429 2600 564 2630 hinnitus
591 2600 785 2640 flammiferi.

133 2644 183 2676 Me
197 2648 369 2686 patiuntur,
386 2659 404 2678 a
417 2659 466 2679 me
482 2648 545 2689 regi
561 2659 593 2679 se
610 2648 786 2690 patiuntur,

130 2698 194 2734 pati
222 2696 262 2727 de
290 2696 433 2739 imperio:
463 2701 616 2739 cervisque
639 2705 788 2739 repugnat

132 2744 249 2775 habenis
256 2756 267 2781 ,·
292 2751 363 2776 sunt
377 2757 449 2788 ergo
460 2747 531 2788 equi
546 2746 787 2788 σκληροτράχη·

176 2795 276 2824 VOL.
294 2795 356 2826 111.

849 2157 910 2191 λοι,
923 2156 1066 2196 ἅςτ-ομοι.
1096 2154 1227 2185 Lucian.
1237 2153 1325 2183 Dial.
1338 2153 1433 2182 Deor.
1444 2151 1477 2181 d.
1490 2151 1511 2181 l.

851 2205 976 2246 Jupiter
990 2203 1144 2246 Apollini,
1161 2203 1291 2244 ἠγνόεις
1309 2204 1374 2233 τῶν
1388 2199 1510 2231 ἰ’ππων

851 2255 909 2284 τὸν
931 2254 1052 2294 θυμὸν,
1070 2252 1113 2289 ὡς
1137 2250 1182 2282 δεῖ
1205 2249 1356 2291 συνέχειν
1382 2248 1510 2289 ἀνάγκῃ

852 2303 911 2333 τὸν
928 2301 1081 2343 χαλινόν,
1097 2307 1158 2331 etc.

895 2352 947 2382 91.
973 2355 1020 2384 Do
1039 2352 1177 2392 pignora,
1193 2348 1273 2388 etc.]
1305 2347 1460 2378 Praeclara
1479 2352 1510 2377 et

853 2411 924 2431 vere
950 2406 1081 2442 paterna
1109 2397 1274 2429 sententia.
1325 2397 1446 2432 Probor,
1479 2402 1511 2426 ut

852 2450 892 2481 vi.
908 2451 981 2480 208.
996 2451 1128 2479 dubitor.

895 2500 947 2529 92.
971 2498 1102 2538 Aspice]
1134 2498 1218 2533 Duo,
1246 2497 1373 2535 inspice:
1412 2493 1508 2534 quod,

852 2554 996 2579 monente
1022 2548 1131 2578 ssurm.
1148 2546 1296 2587 majorem
1318 2543 1510 2583 diligentiam

853 2606 883 2630 et
914 2609 1020 2629 curam
1050 2602 1148 2628 notat.
1207 2596 1300 2625 Nunc
1330 2604 1402 2624 vero
1431 2592 1512 2623 solus

854 2654 986 2688 aspectus
1004 2646 1188 2677 sufficiebat.

897 2698 949 2728 99.
996 2696 1111 2731 Honor,
1151 2705 1262 2724 munus
1298 2691 1510 2722 honorificum.

857 2747 1030 2787 Stygatnd.
1058 2746 1154 2775 Deest
1165 2754 1233 2782 per:
1250 2741 1373 2772 vid.a‹l.
1387 2751 1449 2770 ver.
1460 2740 1509 2769 46.

983 2795 1014 2824 N
