1763 3181
376 184 999 228 METAMORPHOSEON
1033 183 1152 226 LIB.
1184 183 1251 225 II.

1418 185 1502 227 185

118 304 187 350 At
208 319 309 359 vos,
331 302 371 349 si
395 303 526 348 laesae
551 306 864 364 contemptus
889 299 1048 362 tangit
1072 300 1302 357 alumnae,

122 380 330 442 Gurgite
355 379 564 426 caeruleo
591 384 783 441 septem
808 377 1066 441 prohibete
1091 376 1325 435 Triones3

124 457 397 519 Sideraque
424 455 475 502 in
499 455 639 510 coelo,
667 454 824 517 stupri
850 454 1095 511 mercede,
1121 461 1325 517 recepta

121 533 322 590 Pellite3
352 548 415 580 ne
440 548 562 595 puro
583 531 836 594 tinguatur
860 531 910 577 in
929 546 1128 594 aequore
1153 530 1371 594 pellex.'’
1409 533 1506 577 530

188 608 277 656 IV.
318 608 384 655 Di
412 609 561 656 maris
587 614 888 656 annuerant:
927 607 1080 665 habili
1107 607 1338 655 Saturnia
1361 623 1508 654 curru

125 685 408 749 Ingreditur
432 686 678 749 liquidum
702 686 975 750 pavonibus
999 701 1113 733 aera
1129 672 1324 749 pictis(

123 763 247 810 Tam
272 778 430 827 nuper
453 762 601 826 pictis
626 778 754 810 caeso
779 762 1053 826 pavonibus
1078 760 1241 824 Argo3

125 839 286 895 Quam
313 846 367 887 tu
392 855 550 903 nuper
574 855 698 895 eras,
726 856 880 903 quum
903 839 1143 887 candidus
1170 846 1284 886 ante
1308 837 1503 894 fuisses,

165 974 239 1004 527.
257 973 396 1015 Tangit]
415 973 609 1004 Commovet.
634 974 782 1004 Alnmnce.

123 1023 206 1054 Juno
228 1033 246 1053 a
259 1023 360 1064 Tethy
375 1022 435 1053 fuit
455 1023 571 1053 nutrita
587 1028 618 1053 et
633 1023 781 1054 educata.

126 1071 268 1113 Gurgite,
282 1077 344 1103 etc.
385 1070 470 1102 Vide
495 1071 535 1101 ad
556 1082 619 1102 ver.
638 1072 709 1102 172.
731 1071 784 1102 ubi

125 1130 191 1150 rem
211 1119 447 1156 illustravimus,
464 1125 495 1150 et
517 1119 557 1150 ad
579 1121 653 1151 508.
700 1120 783 1150 Gur-

124 1171 199 1211 gite,
235 1179 329 1211 aqua,
362 1169 489 1199 caeruleo
525 1174 624 1200 ornat.
671 1169 786 1208 Septem

130 1218 261 1249 Triones.
284 1219 369 1259 Hyg.
384 1217 405 1248 f.
424 1218 483 1247 177
499 1230 504 1247 :
531 1217 654 1259 Jupiter
669 1219 786 1248 stellam

117 1267 210 1308 fecit,
227 1278 289 1307 quae
304 1267 478 1306 Septemtrio
491 1268 674 1305 appellatur.
698 1267 786 1297 Lact.

130 1315 169 1347 ad
193 1316 271 1346 Stat.
293 1315 338 1346 iii.
357 1315 457 1345 Theb.
480 1316 561 1346 685:
592 1316 670 1346 Ursa
693 1318 788 1356 major

128 1371 251 1396 vocatur
266 1364 449 1404 septemtrio.

172 1414 246 1445 529.
269 1414 309 1444 In
331 1415 402 1445 coelo
425 1413 573 1454 recepta]
601 1414 646 1444 Ut
661 1413 788 1444 Heroid-

134 1461 173 1493 vi.
192 1463 251 1493 20:
276 1464 309 1493 in
330 1468 420 1503 parte
446 1469 563 1502 recepta
586 1463 653 1493 tori.
698 1463 788 1493 Mare

132 1518 259 1543 vocatur
277 1523 401 1552 purum,
414 1511 489 1554 quia
509 1512 604 1542 habet
618 1511 682 1542 vim
702 1511 789 1553 expi-

132 1560 215 1597 andi,
245 1571 338 1602 quam
375 1561 404 1591 ei
440 1560 613 1591 tribuerunt
647 1562 790 1597 Veteres,

133 1609 216 1640 haud
235 1609 328 1640 dubie
346 1614 509 1652 propterea
531 1609 613 1650 quod
637 1610 790 1641 cadavera

132 1658 164 1689 in
178 1658 252 1690 litus
266 1658 361 1701 ejicit.
395 1659 505 1690 Senec.
520 1659 596 1689 Nat.
612 1659 731 1695 Quaest.
746 1658 790 1690 iii.

175 1758 356 1789 531--632,
402 1758 446 1788 Di
481 1760 572 1788 maris
607 1764 791 1794 annuerant,

133 1807 208 1848 etc.]
236 1807 348 1838 Corvus
363 1809 509 1838 candidus
520 1809 553 1838 in
568 1809 702 1848 nigrum.
731 1807 791 1837 Co-

135 1857 285 1893 ronidem,
299 1857 461 1899 Phlegyae,
476 1856 638 1888 bellatoris
655 1855 793 1893 maximi,

133 1906 229 1936 filiam
244 1906 371 1936 amabat
384 1905 509 1947 Apollo.
554 1905 613 1936 Sed
630 1915 726 1946 quum
740 1905 793 1935 illa

134 1955 227 1986 etiam
238 1955 354 1996 Ischyn
369 1955 525 1996 quendam
545 1953 633 1996 <vide
649 1954 796 1985 Munker.

135 2003 175 2035 ad
186 2003 302 2045 Hygin.
312 2004 373 2034 fab.
387 2003 474 2043 102.)
488 2002 672 2039 admisisset,
683 2002 797 2044 Apollo

137 2052 323 2084 Coronidem
351 2052 519 2089 interfecit,
549 2051 796 2093 Asclepiumque

140 2111 177 2132 ex
199 2106 285 2132 utero
300 2107 460 2132 exsectum
481 2100 647 2140 educavit3
671 2110 796 2131 corvum

137 2156 241 2181 autem
278 2151 331 2192 qui
368 2150 523 2192 ingratum
552 2150 618 2192 ejus
653 2150 797 2181 adulterii

138 2200 281 2231 nuntium
298 2200 356 2242 ipsi
377 2201 535 2237 attulerat,
551 2211 589 2232 ex
606 2201 677 2231 albo
697 2201 729 2231 in
750 2201 796 2231 ni-

139 2260 227 2290 grum
250 2249 462 2281 commutavit.
507 2250 660 2280 Fabulam
683 2250 798 2281 Phere-

140 2297 246 2339 cydes,
264 2298 420 2329 Hesiodus
442 2304 473 2329 et
488 2299 567 2329 lster
589 2305 798 2330 narraverant.

140 2348 268 2378 Habent
290 2358 358 2378 eam
383 2347 513 2378 Pindar.
532 2348 626 2389 Pyth.
643 2350 673 2379 3.
691 2348 797 2390 ibique

141 2396 245 2427 Schol.
259 2396 409 2438 Apollod.
419 2398 481 2428 III.
496 2408 527 2428 x.
543 2398 581 2436 33
605 2397 723 2438 Hygin.
734 2398 798 2428 fab.

141 2446 215 2476 202.
231 2450 262 2477 et
275 2446 316 2476 A.
331 2445 367 2476 P.
382 2445 414 2476 ii.
430 2446 480 2477 40.
496 2456 534 2476 ex
553 2446 644 2477 Istro.
660 2447 797 2477 Pausan.

142 2495 163 2526 i.
182 2506 213 2536 p.
232 2496 292 2525 170
313 2505 338 2525 s.
356 2495 510 2537 triplicem
533 2495 571 2526 de
595 2495 749 2526 Coronide
767 2502 799 2526 et

142 2543 317 2585 AEsculapii
338 2543 493 2575 natalibus
516 2544 712 2575 traditionem
737 2555 799 2575 ser-

142 2592 239 2628 vavit,
270 2603 401 2634 quarum
436 2604 500 2624 una
536 2604 608 2624 cum
644 2593 801 2625 Ovidiana

143 2641 306 2683 conspirat,
328 2641 386 2671 nisi
409 2642 491 2683 quod
515 2642 643 2673 Coronis
663 2653 681 2672 a
697 2642 802 2672 Diana

144 2689 339 2721 interimitur.
364 2691 470 2722 Aliam
485 2702 522 2722 ex
533 2691 719 2733 Argivorum
731 2703 798 2722 car—

145 2739 279 2770 minibus
304 2740 444 2782 sumpsit.
490 2742 534 2771 Ex
558 2742 612 2772 illa
634 2742 800 2783 Phlegyas,

848 974 982 1005 bellator
996 972 1201 1005 ferocissimus
1214 971 1397 1008 Thessalhe,
1414 981 1510 1012 quum

849 1023 881 1053 in
894 1023 1142 1065 Peloponnesum
1158 1020 1353 1063 speculatum
1363 1020 1509 1055 venisset,

851 1072 915 1103 filia
941 1083 1012 1103 eum
1041 1077 1149 1103 secuta
1179 1070 1398 1111 AEsculapium
1430 1068 1511 1111 parit

851 1127 945 1162 atque
965 1121 997 1151 in
1021 1126 1124 1152 monte
1145 1119 1281 1161 quodam
1303 1118 1440 1160 exponit,
1456 1117 1510 1147 ubi

853 1181 924 1200 eum
939 1171 1069 1212 capellae
1085 1168 1228 1200 mammis
1240 1168 1389 1199 nutritum
1401 1173 1433 1198 et
1445 1177 1511 1198 coe-

853 1220 923 1251 lesti
936 1220 1008 1261 igne
1018 1211 1187 1261 fulgentem
1198 1224 1337 1260 pastores
1348 1216 1514 1259 reperiunt.

854 1270 934 1306 Quae
959 1269 998 1299 ad
1024 1268 1107 1299 corvi
1132 1267 1394 1298 decolorationem
1420 1266 1513 1307 perti-

854 1323 940 1354 nent,
961 1328 998 1349 ea
1020 1317 1092 1348 inde
1114 1321 1181 1348 orta
1202 1316 1354 1351 videntur,
1375 1314 1459 1356 quod
1482 1314 1514 1344 in

855 1367 974 1408 frigidis
1002 1366 1091 1398 terris
1119 1366 1214 1407 nigrae
1241 1375 1315 1395 aves
1343 1364 1516 1396 albescunt.

855 1416 982 1448 Aristot.
999 1417 1040 1447 H.
1056 1416 1096 1447 A.
1110 1415 1157 1446 iii.
1176 1416 1225 1446 12.
1270 1415 1426 1445 Caeterum
1443 1414 1515 1445 huic

855 1466 969 1497 fabulae
978 1466 1048 1497 duae
1057 1465 1126 1496 aliae
1138 1464 1384 1497 commodissime
1394 1464 1515 1495 insertae

856 1521 938 1553 sunt,
971 1516 1096 1546 Cor-<mei
1122 1516 1201 1556 flliae
1230 1514 1262 1544 in
1296 1512 1452 1544 cornicem
1486 1518 1518 1543 et

858 1566 1048 1606 Nyctimeues
1062 1564 1093 1594 in
1110 1569 1256 1594 noctuam
1272 1561 1413 1593 mutatio.
1448 1562 1516 1592 Ha-

857 1616 924 1645 bilis
947 1620 1069 1657 propter
1091 1614 1296 1649 celeritatem,
1312 1622 1375 1653 qua
1397 1611 1515 1652 agitur:

858 1676 888 1694 x.
913 1664 986 1694 717.
1011 1665 1081 1693 leuis
1110 1673 1219 1693 currus
1249 1661 1391 1692 Veneris.
1437 1660 1518 1690 Bur-

858 1723 990 1743 mannus
1006 1723 1076 1743 vero
1092 1717 1206 1748 monet,
1223 1712 1348 1742 habilem
1363 1720 1452 1751 posse
1468 1710 1518 1740 hic

859 1772 925 1793 esse
938 1768 1044 1804 aptum
1060 1761 1188 1797 Junoni,
1205 1766 1240 1791 ut
1260 1760 1343 1802 apud
1361 1759 1463 1790 Cicer.
1479 1758 1519 1789 de

861 1812 948 1842 Orat.
964 1811 984 1841 i.
1000 1812 1076 1842 231.
1093 1813 1185 1842 calcei
1197 1812 1317 1841 habile&

904 1862 977 1891 533.
1004 1861 1076 1890 Tam
1090 1872 1183 1900 nuper
1196 1862 1296 1900 picti&
1306 1859 1382 1899 εἴα]
1410 1859 1448 1889 In
1463 1858 1521 1889 hoc

861 1910 1003 1947 transitu,
1013 1910 1045 1940 in
1061 1921 1122 1951 quo
1135 1909 1305 1940 similitudo
1317 1908 1410 1951 paulo
1428 1908 1521 1939 altius

862 1960 994 2001 repetita
1008 1965 1065 1996 est,
1081 1970 1137 1990 nec
1154 1960 1278 2001 placere
1299 1963 1400 2000 potest
1414 1956 1522 1988 lectori

864 2016 994 2039 eventus
1009 2009 1124 2040 fabulae
1137 2014 1320 2050 occupatus,
1337 2012 1429 2049 atque
1445 2007 1523 2038 adeo

863 2058 895 2089 in
919 2059 979 2089 fine
1002 2068 1062 2089 non
1087 2058 1145 2089 nisi
1170 2069 1231 2089 uno
1247 2069 1336 2089 versu
1362 2057 1523 2099 repetitus.

865 2108 914 2138 De
929 2107 1014 2149 picta
1031 2118 1187 2149 pavonum
1210 2107 1312 2138 cauda
1327 2106 1399 2136 vide
1412 2106 1433 2136 i.
1450 2106 1523 2136 723.

867 2156 964 2191 Quam
992 2163 1026 2187 tu
1052 2168 1149 2196 nuper
1174 2167 1249 2186 eras.
1295 2156 1414 2186 Corvus
1435 2154 1523 2185 initio

864 2204 923 2235 fuit
938 2205 1103 2240 candidus,
1122 2204 1176 2235 sed
1202 2214 1298 2245 quum
1319 2204 1385 2245 ejus
1408 2203 1525 2233 indicio

864 2253 978 2296 Apollo
999 2253 1194 2295 cognovisset
1216 2252 1371 2284 Coronida
1390 2252 1524 2282 amicam

865 2314 936 2333 cum
950 2303 1010 2334 alio
1031 2302 1166 2344 quodam
1182 2302 1299 2344 juvene
1318 2312 1383 2332 rem
1399 2301 1524 2338 habere,

864 2362 996 2393 eamque
1012 2351 1134 2392 sagittis
1148 2350 1363 2387 interfecisset,
1375 2360 1523 2392 puerum-

865 2411 925 2442 que
942 2399 1160 2442 AEsculapium
1177 2400 1281 2430 exciso
1297 2405 1384 2429 utero
1401 2403 1526 2429 extrax-

863 2449 948 2486 isset,
962 2449 1148 2490 poenitentia
1162 2449 1288 2485 ductus,
1303 2458 1429 2479 corvum
1446 2447 1526 2478 indi-

866 2509 944 2535 cem,
967 2498 1026 2528 sibi
1051 2498 1172 2539 aliquid
1196 2497 1314 2540 praemii
1339 2502 1526 2537 sperantem,

867 2558 905 2578 ex
926 2548 996 2578 albo
1018 2547 1139 2589 nigrum
1156 2547 1239 2578 fecit.
1285 2548 1358 2577 Alcis
1376 2545 1526 2582 nominat,

868 2602 899 2626 et
911 2596 1036 2626 omnino
1049 2606 1167 2638 pennas
1182 2595 1366 2637 plumasque
1381 2594 1530 2635 intelligit

867 2648 1036 2687 nigrantes,
1055 2646 1175 2686 nigras:
1200 2647 1329 2675 vertitur
1345 2645 1376 2674 in
1396 2644 1460 2673 alas
1479 2646 1527 2673 ηἰ-

865 2701 1000 2735 grantes,
1025 2695 1152 2725 vertitur
1180 2694 1237 2729 sic,
1263 2699 1298 2724 ut
1323 2693 1379 2723 alae
1410 2692 1527 2734 nigres-

870 2748 955 2773 cant.
