1763 3181
409 177 1030 222 METAMORPHOSEON
1063 176 1183 218 LIB.
1206 177 1262 217 V.
1445 175 1528 217 341

141 295 347 344 Lamina
369 295 600 352 dissiluit,
622 294 911 358 dominique
937 294 985 340 in
1021 299 1218 356 gutture
1242 291 1344 339 fixa
1366 298 1458 338 est.

139 372 255 420 Non
278 379 446 420 tamen
471 372 533 420 ad
558 372 712 419 letum
737 386 915 418 causas
941 369 1060 417 satis
1086 368 1172 416 illa
1194 368 1414 416 valentes

137 448 295 513 Plaga
317 449 484 498 dedit:
513 448 762 512 trepidum
789 447 1022 502 Perseus,
1046 454 1096 494 et
1120 445 1328 494 inermia
1345 445 1527 492 frustra

139 527 356 575 Brachia
377 527 667 575 tendentem
695 526 960 590 Cyllenide
988 524 1212 571 confodit
1235 524 1404 586 harpe.
1438 525 1528 570 176

203 604 390 651 Verum
416 603 500 651 ubi
524 603 756 651 virtutem
781 604 939 651 turbae
967 602 1295 665 succumbere
1318 600 1457 657 vidit,

138 686 169 705 “
187 679 492 737 Auxilium,”
512 680 746 737 Perseus,
777 686 809 705 “
826 680 1063 744 quoniam
1089 679 1160 726 sic
1184 678 1361 741 cogitis
1386 676 1530 742 ipsi‚”

140 757 298 814 Dixit,
327 763 358 782 “
377 758 439 805 ab
464 758 608 805 hoste
629 764 827 821 petam;
868 758 1032 804 vultus
1058 757 1264 804 avertite
1288 762 1495 810 vestros,

140 834 194 881 Si
220 834 332 898 quis
358 834 546 882 amicus
572 835 715 882 adest
733 834 776 883 :⁹⁹
815 841 864 881 et
891 834 1140 896 Gorgonis
1167 831 1348 880 extulit
1371 847 1471 879 ora.

138 911 317 966 Quaere
343 912 509 969 alium,
533 919 621 960 tua
646 928 795 975 quem
821 918 1053 958 moveant
1077 909 1362 965 miracula,’'
1387 908 1516 956 dixit

138 988 439 1038 Thescelus:
479 996 635 1053 utque
660 1004 811 1036 manu
836 988 1060 1051 jaculum
1086 987 1234 1034 fatale
1260 986 1467 1050 parabat

138 1064 358 1123 Mittere,
386 1067 436 1113 in
461 1067 556 1114 hoc
581 1067 727 1114 haesit
752 1066 949 1129 signum
975 1066 1038 1113 de
1064 1080 1309 1112 marmore
1334 1070 1496 1126 gestu,

139 1141 404 1191 Proximus
428 1143 544 1191 huic
570 1143 776 1208 Ampyx
801 1144 952 1191 animi
978 1142 1267 1208 plenissima
1289 1140 1457 1203 magni

139 1218 351 1267 Pectora
378 1220 615 1284 Lyncidae
643 1220 808 1283 gladio
833 1220 987 1285 petit;
1016 1220 1167 1282 inque
1193 1219 1410 1282 petendo
1442 1220 1532 1264 185

139 1297 363 1346 Dextera
385 1298 603 1361 diriguit,
632 1315 724 1346 nec
750 1299 873 1346 citra
897 1305 1047 1353 mota,
1075 1312 1168 1344 nec
1193 1295 1338 1342 ultra.

137 1374 206 1422 At
231 1374 423 1431 Nileus,
451 1375 537 1438 qui
563 1392 617 1423 se
643 1375 868 1438 genitum
893 1372 1220 1438 septemplice
1249 1371 1365 1418 Nilo

139 1450 425 1500 Ementitus
452 1460 573 1509 erat,
601 1455 779 1518 clypeo
806 1467 1010 1516 quoque
1035 1450 1240 1498 fiumina
1271 1455 1466 1512 septem

138 1528 360 1592 Argento
384 1530 581 1594 partim,
609 1531 788 1594 partim
814 1531 1078 1577 caelaverat
1102 1543 1237 1582 auro,

139 1612 170 1630 “
196 1606 432 1671 Aspice,”
453 1607 537 1664 ait,
567 1614 597 1632 “
616 1607 822 1663 Persem
846 1613 1026 1654 nostrae
1047 1603 1316 1669 primordia
1337 1602 1500 1666 gentis
1520 1619 1531 1650 :

140 1683 330 1747 Magna
352 1684 480 1732 feres
505 1685 683 1733 tacitas
710 1684 887 1732 solatia
911 1683 1082 1730 mortis
1104 1683 1167 1729 ad
1192 1681 1392 1728 umbras
1442 1682 1525 1727 19]

181 1807 252 1837 173.
276 1807 437 1843 Dominus,
451 1807 505 1849 qui
525 1807 618 1838 utitur
634 1807 742 1850 aliqua
756 1818 800 1839 re.

139 1856 306 1896 Cyllenide,
322 1867 416 1898 quam
432 1867 451 1887 a
466 1856 621 1899 Cyllenio,
635 1857 699 1888 sive
713 1858 800 1888 Mer-

138 1904 224 1935 curio
256 1910 438 1947 acceperat:
477 1905 550 1936 vide
584 1906 623 1937 ad
649 1905 692 1936 iv.
724 1906 798 1936 726.

136 1953 240 1985 Etiam
263 1955 420 1996 Orpheus,
441 1955 525 1986 Lith.
540 1967 591 1987 xv.
609 1957 660 1987 45.
685 1955 800 1997 ἅρπην

140 2002 336 2042 Κυλληνίδα
351 2004 459 2035 habet.

184 2053 254 2083 177.
282 2053 391 2083 Verum
412 2055 474 2089 nbi,
492 2053 570 2093 ete.]
618 2052 721 2084 Serius
741 2052 800 2083 hoc

137 2100 255 2132 auxilio
284 2101 382 2133 utitur
409 2108 444 2133 ut
470 2101 681 2133 fortitudinem
711 2108 803 2132 antea

137 2155 319 2182 ostentaret.
362 2152 408 2181 Ab
432 2152 509 2182 hoste
526 2157 635 2191 petam.
680 2151 731 2181 Sic
746 2151 803 2191 fas

138 2206 167 2230 et
181 2201 218 2230 ab
233 2201 312 2231 hoste
325 2202 434 2232 doceri.
480 2201 592 2237 Hostis,
609 2201 714 2242 Gorgo
729 2200 803 2231 olim

138 2248 253 2280 occisa.
309 2249 388 2291 Ejus
411 2249 514 2292 capite
539 2249 571 2280 in
599 2259 705 2292 pugna
731 2260 803 2280 cum

138 2297 328 2339 Gigantibus
355 2298 495 2330 similiter
531 2298 629 2329 utitur
659 2298 806 2329 Minerva

139 2346 222 2388 apud
238 2347 351 2378 Claud.
363 2347 480 2378 xxxvii.
495 2348 536 2378 93
552 2358 620 2389 sqq.
668 2347 801 2378 Extulit.

137 2396 179 2429 iv.
196 2398 268 2428 655.
280 2398 417 2437 prodidit
442 2408 505 2429 ora.
552 2398 721 2433 Miracula,
736 2407 802 2427 ma-

139 2445 217 2487 gicae
234 2452 326 2483 artes,
341 2457 431 2478 versu
447 2448 520 2478 197.
568 2446 723 2482 Maneant,
740 2452 802 2478 ter-

140 2503 241 2528 reant.
301 2497 410 2528 Fatale
439 2502 497 2532 est,
529 2496 613 2537 quod
647 2501 804 2537 arreptum

141 2556 238 2576 eausa
251 2545 310 2576 fuit
323 2546 383 2587 ipsi
399 2546 592 2577 mutationis.
634 2546 730 2576 Hoesz't
744 2547 805 2586 sig-

141 2606 214 2626 num
229 2595 394 2636 exquisite,
410 2595 527 2627 factum
543 2601 589 2626 est
606 2595 738 2636 signum.
766 2595 782 2624 1
787 2607 804 2624 n

144 2645 196 2675 hoc
210 2646 330 2686 signum
351 2645 432 2675 haesit
443 2656 454 2682 ,·
479 2644 537 2675 1106
561 2651 620 2680 est,
637 2643 806 2675 Thescelus

141 2704 174 2723 111
203 2698 337 2724 statuam
359 2703 562 2725 marmoream
589 2693 632 2723 ita
659 2699 706 2723 est
734 2703 806 2722 con-

143 2752 260 2778 versus,
271 2748 306 2773 ut
318 2742 458 2784 jaculum
476 2742 615 2775 emittere
630 2741 709 2773 velle
722 2741 808 2772 vide·

188 2791 291 2822 VOL.
314 2791 378 2822 111.

867 1807 970 1837 batur.
1019 1805 1126 1836 Gestus
1150 1803 1197 1834 illi
1222 1811 1275 1834 aut
1300 1802 1415 1834 similes
1437 1800 1537 1833 notati

868 1855 953 1886 haud
974 1854 1069 1885 dubie
1087 1854 1154 1896 jam
1179 1853 1218 1884 ab
1235 1851 1408 1894 antiquiore
1431 1857 1535 1893 poeta.

868 1904 993 1935 Etenim
1007 1903 1103 1934 etiam
1120 1902 1152 1933 111
1172 1901 1353 1943 Polydectae
1371 1910 1402 1932 61
1420 1900 1534 1931 amico-

867 1964 935 1984 rum
948 1951 1228 1987 transformatione,
1241 1951 1425 1981 observante
1438 1948 1536 1990 Apol·

867 2002 931 2033 lod.
951 2002 996 2033 II.
1015 2001 1056 2031 iv.
1082 2002 1120 2032 3:
1157 2003 1222 2032 τῶν
1247 1998 1393 2034 ἰδόντων,
1418 1998 1536 2029 οτι-οῖον

868 2050 1003 2089 ἕκαστος
1028 2051 1121 2092 ἔτυχε
1153 2052 1266 2091 σχῆμα
1299 2048 1396 2090 ἔχων,
1423 2047 1537 2078 ἀπελι-

869 2101 966 2139 Θώθη.
1012 2100 1081 2130 Hoc
1110 2109 1182 2140 ergo
1208 2098 1322 2128 Noster
1350 2102 1381 2127 et
1405 2096 1447 2128 iv.
1474 2097 1535 2127 551

869 2160 938 2191 sqq.
965 2154 1114 2191 sequutus
1140 2153 1198 2178 est.
1245 2147 1413 2188 Diriguit5
1436 2144 1538 2186 rigida

870 2205 901 2230 et
917 2199 995 2230 dura
1011 2199 1095 2229 facta
1111 2203 1169 2228 est.

917 2249 988 2279 187.
1012 2249 1051 2277 Ac
1076 2247 1194 2282 Nileus,
1212 2245 1291 2285 616.]
1340 2245 1390 2275 Sic
1412 2244 1537 2274 Turnus

872 2299 903 2329 in
924 2298 1035 2339 clypeo
1054 2295 1209 2327 Inachum
1234 2294 1376 2329 fluvium,
1404 2292 1478 2334 quia
1499 2293 1538 2324 ab

869 2348 988 2379 Inacho
1015 2355 1114 2387 genus
1141 2344 1287 2379 ducebat,
1311 2343 1457 2373 caelatum
1483 2341 1538 2372 ha-

869 2397 977 2428 bebat.
1002 2394 1129 2426 AEneid.
1155 2394 1206 2425 vii.
1229 2394 1301 2424 789.
1349 2393 1535 2428 Prinna-dia,

871 2447 965 2487 origo.
1012 2445 1126 2475 Cadere
1146 2445 1181 2473 al]
1203 2444 1302 2483 aliquo
1326 2452 1382 2483 per
1404 2440 1540 2471 brevilo-

872 2494 1031 2537 quentiam
1048 2493 1162 2524 dicitur
1177 2492 1213 2529 is,
1230 2492 1283 2533 qui
1300 2491 1484 2522 interfectus
1499 2490 1538 2520 ab

873 2556 909 2576 eo
926 2544 1023 2575 cadit.
1050 2543 1203 2584 Exempla
1219 2542 1315 2572 habet
1329 2542 1542 2571 Burmannus.

876 2595 1032 2634 Magnum
1057 2598 1160 2623 autem
1184 2591 1353 2622 Veteribus
1374 2595 1440 2620 erat
1461 2588 1541 2619 sola-

877 2643 967 2679 tium,
990 2653 1008 2673 a
1032 2651 1146 2683 magno
1166 2640 1231 2672 viro
1251 2639 1381 2673 cadere:
1409 2638 1478 2670 vide
1503 2637 1543 2668 ad

875 2693 922 2724 ix.
936 2694 969 2723 6.

1013 2790 1076 2820 Oo
