1763 3181
415 179 1035 223 METAMORPHOSEON
1067 180 1188 222 LIB.
1220 180 1277 222 V.
1456 183 1542 225 353

157 295 237 344 Ne
261 303 443 360 pateat,
469 296 671 359 latoque
696 296 856 343 solum
880 302 1131 358 retegatur
1156 296 1310 352 hiatu,

157 373 517 436 Immissusque
541 373 647 421 dies
672 372 977 436 trepidantes
1003 380 1185 420 terreat
1208 374 1427 421 umbras.

157 450 302 498 Hanc
326 458 552 499 metuens
577 451 770 498 cladem
795 451 1059 498 tenebrosa
1085 451 1203 497 sede
1233 457 1475 514 tyrannus

158 527 390 585 Exierat3
430 544 676 591 curruque
702 534 919 575 atrorum
943 534 1116 573 vectus
1143 543 1400 589 equorum,
1445 531 1541 576 360

155 605 393 653 Ambibat
419 605 600 652 Siculae
626 612 800 652 cautus
826 604 1113 663 fundamina
1137 611 1296 651 terrae.

156 681 433 746 Postquam
458 684 772 746 exploratum
797 682 916 729 satis
943 688 1034 737 est,
1060 682 1170 728 loca
1199 682 1334 728 nulla
1356 681 1540 739 labare,

156 759 487 824 Depositique
511 767 700 818 metus3
728 761 865 807 videt
882 760 1014 806 hunc
1037 758 1255 823 Erycina
1278 766 1541 821 vagantem

154 835 330 884 Monte
350 854 438 885 suo
457 837 695 894 residens,
714 844 987 900 natumque
1008 837 1241 900 amplexa
1257 836 1532 893 volucrem;

156 918 188 937 “
213 913 381 971 Arma,
423 930 702 978 manusque
743 929 883 971 rneae,
928 929 1055 970 mea,
1100 920 1232 969 nate,
1271 913 1542 977 potentia,”

352 991 497 1048 dixit,
1445 993 1541 1038 365

157 1073 189 1092 “
216 1068 325 1125 Illa,
352 1069 533 1132 quibus
559 1085 764 1133 superas
789 1085 977 1125 omneS‚
1005 1084 1128 1132 cape
1152 1068 1267 1123 tela,
1297 1067 1511 1131 Cupido,

155 1144 315 1209 Inque
342 1146 437 1194 Dei
462 1154 638 1211 pectus
664 1148 852 1195 celeres
878 1147 1049 1194 molire
1075 1146 1297 1209 sagittas,

156 1221 252 1269 Cui
275 1223 482 1287 triplicis
507 1224 658 1272 cessit
676 1223 872 1272 fortuna
896 1223 1162 1271 novissima
1185 1222 1340 1284 regni.

155 1299 231 1346 Tu
258 1299 492 1364 Superos,
519 1301 787 1365 ipsumque
811 1300 841 1348 J
846 1317 1003 1357 ovem,
1030 1308 1084 1347 tu
1109 1298 1312 1346 numina
1336 1297 1476 1362 ponti

157 1376 305 1424 Victa
327 1378 515 1435 domaS,
538 1379 804 1442 ipsumque
830 1378 956 1441 regit
981 1377 1068 1441 qui
1093 1376 1297 1424 numina
1320 1376 1475 1439 ponti.

155 1549 234 1586 θων,
251 1548 344 1581 Οἰκία
359 1548 390 1581 δὲ
401 1550 549 1589 Θνητοῗσι
560 1551 615 1581 καὶ
628 1550 819 1582 ἀθανάτοισι

156 1598 283 1640 φανείη.
320 1600 422 1637 Quem
438 1599 543 1630 locum
557 1599 770 1641 magnificum,
787 1605 819 1631 et

156 1648 307 1689 Longino,
319 1649 350 1679 9.
369 1648 546 1684 laudatum,
558 1649 707 1691 expressit
722 1649 817 1680 etiam

157 1697 271 1739 Virgil.
286 1697 418 1729 AEneid.
435 1699 502 1729 viii.
519 1700 594 1730 243.
614 1699 669 1729 sed
694 1705 817 1729 tantum

156 1747 189 1778 in
205 1746 420 1779 similitudine.
466 1749 583 1779 Verum
602 1748 632 1778 h.
646 1749 667 1779 l.
682 1754 718 1779 ut
733 1748 817 1790 apud

156 1797 339 1834 Homerum,
362 1808 454 1828 verus
479 1797 621 1828 Plutonis
645 1798 736 1829 timor
761 1798 815 1829 de-

156 1845 304 1877 claratur.
354 1846 415 1877 Sed
447 1847 543 1877 verba
571 1846 669 1889 petita
697 1857 735 1878 ex
764 1847 818 1879 illo

157 1894 296 1937 Virgilii,
323 1898 528 1936 trepidentque
554 1898 679 1927 immisso
705 1898 818 1927 lumine

158 1944 276 1976 Manes.
323 1944 448 1976 silentes
471 1945 665 1988 simpliciter,
693 1945 818 1977 mortui.

158 1994 280 2031 Pateat,
295 2000 448 2036 patescat.
494 1995 578 2031 Dies,
601 1995 667 2027 lux.
714 1996 817 2036 Trepi-

157 2045 262 2074 dantes
276 2050 400 2080 terreat,
416 2050 540 2081 terreat,
555 2051 590 2076 ut
604 2044 773 2087 trepident.

201 2094 274 2125 360.
305 2095 384 2124 Atra
406 2094 520 2131 omnia,
545 2105 614 2136 quae
642 2094 682 2125 ad
705 2093 818 2125 inferos

157 2142 323 2184 pertinent.
353 2144 583 2187 Κυανότριχας
597 2142 727 2182 ἵππους
741 2145 817 2175 Plu-

158 2192 222 2222 toni
237 2192 290 2223 dat
305 2192 399 2224 etiam
416 2194 579 2235 Orpheus;
600 2195 739 2225 caeruleos
752 2194 818 2224 No-

157 2247 230 2277 ster,
243 2243 326 2274 Fast.
342 2242 376 2272 d.
392 2243 416 2273 l.
460 2243 613 2283 Equorum
626 2242 749 2274 illorum
764 2254 816 2274 no-

159 2290 245 2322 mina
258 2291 352 2323 habet
363 2292 531 2324 Claudian.
544 2292 584 2323 R.
597 2291 618 2323 i.
628 2294 702 2323 282.
747 2294 819 2323 Am-

159 2341 249 2377 bibat,
279 2346 314 2371 ut
342 2341 466 2383 Jupiter
491 2341 609 2372 moenia
636 2341 755 2378 mundi,
784 2341 819 2372 ii.

159 2390 234 2421 401.

202 2440 277 2471 363.
302 2439 450 2480 Erycina,
461 2440 547 2476 Erix,
557 2438 649 2470 hodie
666 2430 818 2471 sfouna-

160 2499 212 2524 no,
227 2499 316 2520 mons
332 2488 499 2520 altissimus
514 2500 575 2520 non
593 2489 685 2529 longe
701 2499 719 2519 a
735 2489 821 2530 Lily-

158 2538 238 2574 baeo,
255 2538 386 2569 Veneris
404 2539 543 2579 Erycinae
565 2538 682 2580 templo
705 2549 820 2568 memo-

159 2587 276 2618 rabilis.
320 2586 382 2617 Hic
410 2587 520 2618 Venus
555 2597 612 2617 sua
646 2593 755 2628 sponte
789 2586 821 2616 in

159 2636 294 2666 Plutone
323 2646 458 2667 amorem
488 2636 623 2674 excitat3
651 2635 706 2666 sed
740 2634 823 2676 apud

161 2684 385 2721 Claudianum,
401 2696 496 2727 quum
519 2685 644 2727 Jupiter
667 2685 818 2715 constitu-

160 2732 235 2765 isset
260 2733 477 2776 Proserpinam
503 2733 630 2766 Plutoni
657 2734 821 2775 conjugem

886 1548 1023 1592 poscenti
1043 1549 1187 1590 jungere,
1205 1548 1333 1589 jubetur
1356 1546 1444 1578 illam
1466 1546 1546 1577 dolis

885 1598 1068 1640 perducere,
1082 1607 1117 1628 ut
1141 1604 1224 1628 certo
1244 1596 1294 1627 die
1315 1597 1346 1627 in
1368 1596 1485 1638 campis
1498 1596 1545 1627 lu-

885 1647 952 1684 dat,
972 1647 1150 1688 Venerique
1175 1648 1303 1677 comites
1327 1656 1359 1676 se
1382 1646 1457 1676 dant
1482 1645 1546 1675 Mi-

885 1707 980 1727 nerva
999 1702 1030 1728 et
1045 1697 1160 1727 Diana.
1205 1695 1385 1726 Secundum
1400 1695 1548 1737 Apollod.

883 1757 932 1777 res
947 1747 981 1777 fit
996 1747 1070 1784 Διὸς
1085 1747 1333 1788 συνεργοῦντος.
1372 1745 1423 1776 Cf.
1439 1745 1546 1786 hymn.

884 1796 981 1826 Hom.
994 1795 1026 1826 in
1042 1796 1116 1827 Cer.
1128 1796 1181 1826 79.
1231 1795 1406 1836 Vagantem,
1419 1799 1547 1824 euntem

883 1852 915 1876 et
929 1845 1125 1876 redeuntem.
1140 1845 1176 1876 ii.
1194 1845 1267 1876 409.

927 1896 1000 1926 365.
1038 1896 1143 1931 Arma,
1169 1904 1331 1934 manusque
1359 1904 1438 1929 meae,
1468 1892 1546 1932 etc.]

884 1944 956 1975 Non
984 1944 1116 1986 imperat
1138 1943 1211 1979 filio,
1237 1943 1292 1974 sed
1317 1941 1435 1974 socium
1460 1940 1547 1981 regni

885 1998 991 2034 captat
1008 1992 1199 2034 argumentis
1219 1991 1344 2023 blandis
1361 1996 1392 2021 et
1407 1990 1547 2021 fortibus.

884 2042 968 2072 Ante
984 2042 1090 2072 oculos
1109 2048 1201 2083 poeta
1220 2041 1330 2071 habuit
1347 2041 1421 2070 AEn.
1436 2040 1458 2070 i.
1473 2040 1549 2073 664,

884 2091 934 2123 Ibi
953 2103 1074 2134 quoque
1091 2092 1200 2122 Venus
1215 2090 1341 2121 Amori:
1369 2090 1461 2126 Nate,
1480 2101 1548 2120 meae

885 2143 972 2177 vires,
989 2153 1052 2172 mea
1075 2153 1184 2183 magna
1207 2142 1353 2180 potentia,
1376 2150 1430 2181 per
1453 2150 1548 2180 quem

886 2201 943 2231 ego
957 2190 1044 2221 valeo
1060 2196 1091 2221 et
1106 2196 1213 2231 potens
1225 2199 1305 2219 sum.
1334 2189 1449 2218 Noster
1463 2200 1549 2218 arma

886 2245 917 2270 et
930 2251 1036 2270 manus
1048 2238 1181 2275 addidit,
1193 2238 1306 2279 quibus
1321 2237 1434 2267 milites
1450 2237 1548 2278 impe-

886 2289 965 2320 rium
981 2289 1148 2329 proferunt.
1180 2288 1319 2326 Superas,
1333 2287 1458 2324 domas3
1475 2297 1548 2316 con-

887 2340 932 2370 fer
957 2339 978 2370 i.
1002 2339 1075 2369 463.
1122 2338 1243 2373 Molire,
1265 2336 1366 2367 mitte.
1415 2336 1547 2375 Triplex,

885 2390 917 2420 in
934 2396 997 2420 tres
1019 2394 1121 2430 partes
1143 2388 1288 2418 divisum.
1339 2387 1470 2417 Fortuna
1496 2398 1548 2416 no-

886 2441 1017 2474 vissima,
1034 2448 1098 2469 sors
1113 2437 1245 2475 ultima3
1270 2447 1342 2467 nam
1358 2436 1479 2466 fortuna
1495 2435 1548 2465 tri-

886 2489 955 2519 buit
969 2493 1094 2518 sortem.
1132 2486 1220 2518 Jovis
1230 2497 1293 2517 sors
1308 2485 1407 2527 prima
1420 2485 1549 2522 exierat,

887 2536 1055 2568 novissima
1070 2535 1224 2571 Plutonis,
1236 2535 1288 2577 qui
1300 2535 1372 2565 hinc
1384 2545 1402 2564 a
1416 2535 1548 2569 Seneca,

888 2586 1018 2617 Hercul.
1034 2587 1108 2616 Fur.
1127 2586 1200 2615 833.
1218 2586 1312 2615 ter-tire
1329 2595 1374 2614 rei
1393 2585 1476 2613 sortis
1492 2593 1547 2612 vo-

889 2642 991 2667 catur.
1038 2634 1204 2666 Claudian.
1220 2633 1354 2675 Rapt.i.
1372 2634 1448 2663 100:
1479 2632 1549 2662 Ter·-

889 2689 930 2716 tia
947 2695 1088 2725 suprema:
1101 2688 1201 2725 patior
1216 2685 1370 2724 dispendia
1386 2685 1482 2713 sortis.
