1763 3181
398 191 1023 235 METAMORPHOSEON
1058 191 1177 232 LIB.
1212 191 1292 232 IV.
1446 190 1531 232 317

142 307 201 355 In
216 309 362 356 silvas
378 310 591 366 abeunt,
615 310 738 372 juga
757 314 872 355 sunt
891 307 1200 370 humerique,
1218 321 1494 370 manusque
1511 325 1521 363 ς

141 384 288 439 Quod
312 393 464 450 caput
487 392 601 434 ante
633 385 742 442 fuit,
770 401 962 432 summo
995 391 1072 432 est
1101 385 1152 430 in
1178 391 1345 431 monte
1378 399 1523 431 cacu-

143 462 274 510 Ossa
287 463 413 527 lapis
429 463 553 511 fiunt
570 480 580 511 :
604 471 708 511 tum
725 470 891 527 partes
911 469 1087 510 auctus
1105 462 1154 508 in
1170 478 1340 509 omnes
1362 462 1523 523 [men3

143 539 312 589 Crevit
334 541 385 588 in
409 542 722 598 immensum,
747 541 817 588 sic
845 541 910 588 Di
935 540 1195 595 statuistis,
1223 546 1272 587 et
1296 555 1441 586 omne

143 617 273 665 Cum
297 624 370 666 tot
394 619 638 666 sideribus
664 619 844 666 coelum
868 617 1112 681 requievit
1136 617 1185 664 in
1210 617 1312 664 illo.

1431 618 1522 663 661

206 694 268 743 V.
299 695 562 744 Clauserat
578 695 889 760 Hippotades
908 702 1092 742 aeterno
1115 710 1311 742 carcere
1326 700 1524 749 ventos;

141 770 538 837 Admonitorque
563 789 770 837 operum
795 773 920 820 coelo
945 771 1249 819 clarissimus
1275 771 1374 818 alto

144 847 338 896 Lucifer
361 857 497 897 ortus
523 858 654 898 erat:
694 849 870 913 pennis
895 849 1017 911 ligat
1040 848 1122 895 ille
1147 849 1413 911 resumptis

145 925 294 975 Parte
319 928 380 975 ab
401 935 612 991 utraque
632 928 787 992 pedes
806 946 815 984 ;
846 927 1049 989 teloque
1075 925 1353 988 accingitur
1372 941 1524 982 unco;

143 1002 208 1051 Et
232 1005 477 1070 liquidum
501 1006 647 1053 motis
672 1005 911 1054 talaribus
938 1020 1052 1050 aera
1075 1003 1233 1049 findit.

142 1127 260 1158 lebant.
292 1128 419 1160 Pindar.
443 1128 539 1169 Pyth.
559 1128 583 1159 i.
606 1130 659 1160 36.
707 1129 801 1172 Apud

142 1177 325 1213 Homerum,
350 1178 412 1209 Od.
434 1182 474 1210 A.
494 1180 546 1209 52.
569 1178 661 1209 Atlas
685 1179 802 1209 eoelum

143 1226 298 1258 sustinens
327 1228 432 1269 (ἔχων
461 1227 574 1265 κίονας
597 1228 733 1270 μακρὰς,
766 1227 802 1258 αἲ

143 1275 245 1317 γαῖάν
268 1288 302 1308 τε
324 1277 376 1308 καὶ
393 1277 537 1319 οὐρανὸν
555 1276 653 1318 ἀμφὶς
673 1276 801 1318 ἔχουσι)

143 1324 234 1356 homo
260 1331 319 1362 est,
347 1326 436 1367 isque
460 1326 664 1368 peritissimus
688 1337 802 1363 rerum,

143 1373 322 1417 ὀλοόφρων,
340 1375 393 1416 qui
410 1380 441 1406 et
458 1375 551 1406 maris
566 1375 660 1407 totius
674 1376 801 1418 prosun—

143 1422 259 1454 ditates
273 1425 402 1455 noverit.
431 1425 501 1455 Hoc
513 1424 699 1466 phantasma
716 1425 801 1466 Hey-

144 1473 214 1503 nius
234 1473 274 1504 ad
294 1473 442 1515 Apollod.
465 1474 529 1504 ΠΙ.
546 1485 576 1505 x.
604 1476 631 1504 1.
655 1485 673 1505 a
699 1480 803 1506 monte

143 1521 272 1553 ductum
288 1528 406 1560 censet,
419 1523 509 1565 cujus
520 1523 640 1554 radices
654 1529 802 1554 extremae

143 1571 177 1602 in
212 1571 305 1603 maris
340 1572 472 1603 fundum
501 1579 693 1614 procurrant,
722 1573 803 1603 coelo

143 1620 252 1652 vertici
274 1621 487 1652 incumbente.
524 1621 554 1652 A
575 1622 673 1664 poetis
688 1621 804 1663 passim

144 1675 296 1711 tanquam
315 1677 421 1701 vastus
445 1670 535 1712 gigas
558 1671 755 1706 describitur,
771 1677 806 1701 ut

144 1718 398 1761 Virgil.AEneid.
413 1720 457 1751 iv.
478 1721 553 1751 246.
575 1720 629 1750 ubi
651 1719 679 1750 ei
703 1727 806 1759 caput,

144 1769 270 1805 humeri,
283 1771 384 1805 barba,
397 1769 586 1800 tribuuntur.
602 1769 694 1800 Conf.
707 1769 804 1805 idem,

144 1818 208 1849 viii.
226 1819 288 1849 136
304 1830 374 1861 sqq.
396 1824 428 1850 et
451 1818 557 1855 Silius,
578 1819 600 1850 i.
622 1820 682 1850 201
708 1829 779 1860 sqq.
798 1831 804 1848 :

147 1868 243 1898 Canet
258 1870 348 1899 barba
365 1870 447 1910 gelu,
459 1868 654 1910 frontemque
670 1871 808 1900 immani-

146 1918 198 1948 bus
209 1919 322 1949 umbris
338 1918 434 1948 Pinea
446 1919 521 1949 silva
533 1921 653 1958 premit.

190 1967 372 1998 662—751.
401 1967 499 2010 Vz'rgae
521 1970 555 1998 in
574 1968 704 2003 curalia,
727 1967 804 2008 etc.]

145 2016 274 2058 Legitur
292 2016 360 2047 haec
381 2017 640 2058 metamorphosis
663 2017 758 2048 etiam
774 2017 806 2048 in

147 2066 266 2108 Orphei
291 2076 388 2097 carm.
417 2065 457 2097 de
478 2066 662 2108 Lapidibus,
686 2077 738 2097 xv.
764 2067 806 2097 49

146 2120 217 2157 sqq.
234 2125 415 2156 quanquam
431 2125 503 2146 cum
517 2115 669 2146 varietate
686 2115 805 2157 aliqua.

147 2163 197 2195 Ibi
221 2164 304 2194 enim
327 2164 459 2195 mutatio
482 2164 518 2195 fit
543 2164 649 2195 statim
666 2170 737 2206 post
760 2175 807 2195 re-

148 2218 268 2244 sectum
302 2218 334 2244 et
363 2213 467 2244 adhuc
496 2213 636 2245 calidum
665 2213 809 2245 Medusae

148 2267 261 2305 caput:
285 2263 341 2294 sed
364 2262 498 2294 Ovidius
528 2263 596 2294 haec
622 2263 810 2305 conjungere

147 2311 259 2342 maluit
294 2322 366 2342 eum
393 2312 588 2343 Andromeda:
616 2310 811 2348 liberatione,

150 2371 219 2402 quae
235 2371 309 2392 sane
324 2365 372 2391 est
385 2371 457 2403 pars
478 2360 661 2403 gravissima
683 2361 811 2392 fabulae.

150 2410 240 2447 Eam,
262 2420 357 2452 quam
380 2410 500 2452 Hygin.
530 2412 696 2441 notissimas
722 2412 810 2441 histo-

150 2461 211 2490 rias
238 2464 340 2496 vocat,
369 2460 544 2490 tractatam
579 2460 750 2501 Sophocles
779 2467 810 2491 et

150 2508 327 2551 EuripideS.
356 2509 435 2540 Inde
450 2509 568 2551 pendet
583 2508 739 2539 Eratosth.
758 2510 809 2545 15,

154 2558 206 2594 16,
232 2558 280 2589 17.
317 2557 393 2590 Vid.
416 2562 448 2588 et
469 2558 587 2600 Hygin.
615 2557 680 2588 fab.
705 2559 757 2588 64.
779 2563 811 2589 et

155 2607 193 2638 P.
207 2606 249 2638 A.
264 2606 297 2638 ii.
312 2608 416 2638 9—11
431 2619 440 2647 3
464 2607 618 2650 Apollod.
643 2608 691 2638 Π.
712 2609 754 2638 iv.
771 2609 810 2645 33

151 2656 259 2687 Schol.
288 2657 446 2699 Lycophr.
485 2658 573 2695 8363
612 2657 731 2688 Conon.
758 2658 810 2688 40.

153 2707 279 2737 AEterno
294 2717 423 2738 carcere.
458 2707 536 2737 Haec
551 2707 703 2738 vocabula
718 2706 810 2737 valde

154 2755 315 2787 offendunt
330 2756 531 2798 Interpretes,
548 2756 601 2787 sed
622 2756 689 2787 sine
704 2766 810 2787 causa.

199 2805 299 2837 VOL.
321 2805 388 2837 III.

1433 1004 1528 1049 666

869 1126 1067 1168 Intelligntur
1094 1126 1137 1156 nil
1168 1125 1265 1161 aliud,
1296 1124 1356 1155 nisi
1381 1129 1533 1166 perpetua

869 1182 1033 1208 ventorum
1057 1175 1157 1211 sedes,
1180 1175 1212 1205 in
1234 1185 1339 1216 quam,
1362 1175 1456 1205 AEolo
1473 1174 1531 1204 im-

869 1231 1011 1269 perante,
1028 1224 1138 1256 reverti
1155 1234 1276 1264 semper
1298 1229 1462 1264 coguntur,
1478 1223 1533 1254 ubi

870 1275 1019 1305 mandata
1046 1273 1171 1304 executi
1198 1279 1280 1308 sunt,
1307 1278 1339 1303 et
1363 1272 1403 1303 ad
1426 1283 1532 1313 quam,

870 1331 1019 1366 tanquam
1046 1323 1086 1354 ad
1110 1333 1278 1359 carcerem,
1301 1321 1441 1352 damnati
1461 1328 1534 1353 sunt

870 1385 888 1405 a
902 1375 992 1410 Jove,
1014 1384 1111 1415 quum
1127 1378 1221 1404 antea
1236 1372 1332 1403 libere
1348 1378 1535 1413 vagarentur

870 1435 924 1466 per
945 1425 1064 1454 orbem.
1100 1422 1197 1464 Apud
1215 1422 1305 1463 Virg.
1322 1423 1396 1452 AEn.
1412 1421 1433 1453 i.
1449 1423 1535 1452 52-—

871 1475 924 1504 63.
956 1474 1068 1503 AEolus
1097 1473 1198 1503 clauso
1227 1478 1385 1502 ventorum
1415 1482 1534 1502 carcere

870 1529 989 1565 regnat,
999 1533 1068 1563 quae
1082 1523 1178 1552 verba
1194 1520 1328 1552 Ovidius
1343 1526 1414 1551 ante
1427 1521 1535 1552 oculos

871 1572 993 1603 habuit.
1028 1572 1078 1602 Sic
1095 1571 1157 1602 fere
1173 1577 1204 1601 et
1219 1570 1265 1601 vir
1281 1571 1391 1601 doctus
1406 1570 1437 1600 in
1453 1570 1534 1601 Mis-

872 1621 942 1652 cell.
959 1621 1038 1651 Obs.
1056 1620 1118 1651 vol.
1136 1620 1213 1651 VH.
1230 1625 1303 1650 tom.
1319 1619 1351 1650 ii.
1367 1629 1443 1661 pag.
1457 1619 1537 1651 274.

878 1671 1067 1710 Hippotades,
1099 1670 1222 1704 Aiolus,
1247 1669 1395 1710 Hippotae
1425 1679 1534 1710 nepos.

875 1720 1003 1762 Lucrjbr
1030 1719 1180 1761 praeclare
1212 1720 1382 1749 admonitor
1416 1730 1536 1758 operum

874 1780 935 1810 quo
950 1768 1068 1799 oriente
1084 1767 1224 1799 homines
1240 1779 1256 1798 e
1272 1778 1378 1798 somno
1398 1768 1537 1798 excitan-

875 1825 924 1848 tur
938 1825 969 1849 et
983 1818 1023 1848 ad
1039 1829 1116 1859 opus
1136 1828 1227 1847 suum
1249 1816 1349 1847 redire
1365 1817 1536 1848 admonen-

875 1874 934 1899 tur.
979 1867 1128 1898 Similiter
1148 1866 1237 1908 Virg.
1253 1867 1368 1908 Georg.
1389 1866 1430 1897 iv.
1450 1867 1533 1898 186:

880 1918 985 1957 Vesper
1001 1918 1137 1947 admonet
1160 1918 1298 1947 decedere
1319 1917 1439 1955 campis.
1477 1917 1534 1947 [Ἑ-

873 1967 957 1997 neid.
976 1966 1018 1998 xi.
1041 1966 1121 1997 183:
1148 1967 1271 1996 Aurora
1294 1965 1427 2007 ¹referens
1448 1977 1537 2005 opera

873 2022 961 2057 atque
990 2017 1111 2047 labores.
1155 2015 1339 2046 Tenendum
1369 2014 1465 2046 etiam
1491 2021 1539 2046 est

874 2066 945 2102 hoc,
972 2067 1128 2096 monitores
1153 2064 1253 2095 dictos
1277 2075 1355 2100 esse,
1385 2063 1439 2106 qui
1460 2075 1538 2107 opus

874 2115 1062 2146 facientibus
1080 2120 1261 2157 praeessent,
1273 2120 1304 2145 et
1321 2113 1465 2145 facienda
1480 2114 1536 2146 do-

876 2170 994 2195 cerent.
1047 2165 1140 2195 Corte
1170 2163 1209 2194 ad
1239 2163 1435 2200 Sallustium,
1462 2164 1537 2206 Jug.

876 2214 987 2244 lxxxv.
1009 2214 1059 2244 10.

920 2264 994 2294 664.
1006 2263 1099 2303 Ligat
1112 2264 1219 2301 pennis
1230 2263 1328 2302 pedes,
1339 2261 1449 2303 alligat
1461 2272 1538 2304 pen-

877 2323 931 2343 nas
946 2311 1089 2354 pedibus.
1125 2310 1220 2341 Parte
1238 2312 1274 2341 ab
1288 2317 1429 2350 utraque.
1454 2310 1538 2342 Vide

877 2362 917 2392 ad
933 2361 987 2392 xii.
1001 2361 1076 2392 272.
1122 2359 1257 2397 Talaria,
1279 2359 1458 2402 πτερόεντα
1483 2360 1538 2392 πέ-

876 2410 961 2447 διλα,
998 2409 1147 2451 πτερωτὰ
1183 2408 1393 2451 ὑποδήματα,
1423 2416 1455 2440 et
1483 2420 1539 2451 ga-

875 2461 958 2491 leam
975 2460 1108 2490 Perseus
1123 2458 1272 2490 adversus
1284 2458 1453 2490 Medusam
1468 2470 1538 2500 pro-

877 2510 1019 2540 ficiscens
1039 2508 1163 2549 accepit
1179 2508 1228 2539 vel
1249 2518 1268 2538 a
1282 2507 1453 2544 Mercurio,
1470 2508 1538 2550 Hy-

877 2559 940 2600 gin.
970 2558 1033 2589 fab.
1054 2558 1107 2589 64.
1135 2558 1183 2589 vel
1212 2568 1231 2588 a
1260 2557 1416 2599 Nymphis
1442 2568 1538 2599 prope

879 2609 1040 2649 Gorgonas
1066 2607 1291 2642 habitantibus,
1317 2607 1452 2637 Pausan.
1475 2608 1537 2637 La—

878 2669 946 2689 con.
970 2669 1002 2699 p.
1019 2658 1079 2688 251
1097 2668 1106 2695 3
1132 2655 1280 2698 Apollod.
1301 2656 1387 2695 d.l.;
1418 2655 1537 2698 Hygin.

879 2709 914 2738 P.
931 2708 972 2738 A.
988 2706 1021 2737 ii.
1040 2707 1091 2737 12.

1009 2803 1061 2835 Ll
