<?xml version="1.0" encoding="UTF-8"?>
<!DOCTYPE html PUBLIC "-//W3C//DTD XHTML 1.0 Transitional//EN"
    "http://www.w3.org/TR/xhtml1/DTD/xhtml1-transitional.dtd">
<html xmlns="http://www.w3.org/1999/xhtml" xml:lang="en" lang="en">
 <head>
  <title>
</title>
<meta http-equiv="Content-Type" content="text/html;charset=utf-8" />
  <meta name='ocr-system' content='tesseract 3.04.00' />
  <meta name='ocr-capabilities' content='ocr_page ocr_carea ocr_par ocr_line ocrx_word'/>
</head>
<body>
  <div class='ocr_page' id='page_1' title='image "./povidiinasonisop03oviduoft_0442.png"; bbox 0 0 1763 3181; ppageno 0'>
   <div class='ocr_carea' id='block_1_1' title="bbox 210 173 1209 217">
    <p class='ocr_par' dir='ltr' id='par_1_1' title="bbox 210 173 1209 217">
     <span class='ocr_line' id='line_1_1' title="bbox 210 173 1209 217; baseline -0.001 0"><span class='ocrx_word' id='word_1_1' title='bbox 210 176 296 217; x_wconf 79' lang='lat'>432</span> <span class='ocrx_word' id='word_1_2' title='bbox 602 175 652 215; x_wconf 92' lang='lat' dir='ltr'>P.</span> <span class='ocrx_word' id='word_1_3' title='bbox 686 173 897 216; x_wconf 91' lang='lat' dir='ltr'>OVIDII</span> <span class='ocrx_word' id='word_1_4' title='bbox 932 173 1209 216; x_wconf 88' lang='lat' dir='ltr'><strong>NASONIS</strong></span> 
     </span>
    </p>
   </div>
   <div class='ocr_carea' id='block_1_2' title="bbox 213 289 1604 1424">
    <p class='ocr_par' dir='ltr' id='par_1_2' title="bbox 213 289 1604 1201">
     <span class='ocr_line' id='line_1_2' title="bbox 217 289 1517 354; baseline -0.002 -16"><span class='ocrx_word' id='word_1_5' title='bbox 217 291 477 338; x_wconf 84' lang='lat' dir='ltr'>Deteriora</span> <span class='ocrx_word' id='word_1_6' title='bbox 501 305 709 353; x_wconf 89' lang='lat' dir='ltr'>sequor:</span> <span class='ocrx_word' id='word_1_7' title='bbox 750 289 870 353; x_wconf 92' lang='lat' dir='ltr'>quid</span> <span class='ocrx_word' id='word_1_8' title='bbox 896 289 945 335; x_wconf 91' lang='lat' dir='ltr'>in</span> <span class='ocrx_word' id='word_1_9' title='bbox 969 289 1181 354; x_wconf 82' lang='lat' dir='ltr'>hospite,</span> <span class='ocrx_word' id='word_1_10' title='bbox 1208 289 1343 352; x_wconf 82' lang='lat' dir='ltr'>regia</span> <span class='ocrx_word' id='word_1_11' title='bbox 1365 289 1517 352; x_wconf 87' lang='lat' dir='ltr'>virgo,</span> 
     </span>
     <span class='ocr_line' id='line_1_3' title="bbox 217 365 1597 430; baseline -0.001 -16"><span class='ocrx_word' id='word_1_12' title='bbox 217 366 424 414; x_wconf 78' lang='lat' dir='ltr'>Ureris&#39;?</span> <span class='ocrx_word' id='word_1_13' title='bbox 449 373 500 414; x_wconf 90' lang='lat' dir='ltr'>et</span> <span class='ocrx_word' id='word_1_14' title='bbox 521 366 764 414; x_wconf 83' lang='lat' dir='ltr'>thalamos</span> <span class='ocrx_word' id='word_1_15' title='bbox 790 365 936 413; x_wconf 84' lang='lat' dir='ltr'>alieni</span> <span class='ocrx_word' id='word_1_16' title='bbox 961 366 1182 430; x_wconf 85' lang='lat' dir='ltr'>concipis</span> <span class='ocrx_word' id='word_1_17' title='bbox 1208 366 1373 413; x_wconf 75' lang='lat' dir='ltr'>orbis?</span> <span class='ocrx_word' id='word_1_18' title='bbox 1408 367 1491 420; x_wconf 86' lang='lat' dir='ltr'>[an</span> <span class='ocrx_word' id='word_1_19' title='bbox 1516 366 1597 413; x_wconf 87' lang='lat' dir='ltr'>ille</span> 
     </span>
     <span class='ocr_line' id='line_1_4' title="bbox 217 442 1596 507; baseline -0.001 -17"><span class='ocrx_word' id='word_1_20' title='bbox 217 442 341 490; x_wconf 87' lang='lat' dir='ltr'>Haec</span> <span class='ocrx_word' id='word_1_21' title='bbox 363 459 564 507; x_wconf 92' lang='lat' dir='ltr'>quoque</span> <span class='ocrx_word' id='word_1_22' title='bbox 588 450 719 491; x_wconf 81' lang='lat' dir='ltr'>terra</span> <span class='ocrx_word' id='word_1_23' title='bbox 742 449 925 507; x_wconf 91' lang='lat' dir='ltr'>potest,</span> <span class='ocrx_word' id='word_1_24' title='bbox 948 443 1081 506; x_wconf 92' lang='lat' dir='ltr'>quod</span> <span class='ocrx_word' id='word_1_25' title='bbox 1102 459 1254 499; x_wconf 84' lang='lat' dir='ltr'>ames,</span> <span class='ocrx_word' id='word_1_26' title='bbox 1276 443 1421 491; x_wconf 82' lang='lat' dir='ltr'>dare:</span> <span class='ocrx_word' id='word_1_27' title='bbox 1449 443 1596 497; x_wconf 85' lang='lat' dir='ltr'>vivat,</span> 
     </span>
     <span class='ocr_line' id='line_1_5' title="bbox 216 519 1587 584; baseline 0 -18"><span class='ocrx_word' id='word_1_28' title='bbox 216 519 445 577; x_wconf 86' lang='lat' dir='ltr'>Occidat,</span> <span class='ocrx_word' id='word_1_29' title='bbox 472 520 522 567; x_wconf 89' lang='lat' dir='ltr'>in</span> <span class='ocrx_word' id='word_1_30' title='bbox 553 519 644 566; x_wconf 79' lang='lat' dir='ltr'>Dis</span> <span class='ocrx_word' id='word_1_31' title='bbox 670 526 773 576; x_wconf 83' lang='lat' dir='ltr'>est3</span> <span class='ocrx_word' id='word_1_32' title='bbox 812 519 945 566; x_wconf 82' lang='lat' dir='ltr'>vivat</span> <span class='ocrx_word' id='word_1_33' title='bbox 968 527 1165 578; x_wconf 83' lang='lat' dir='ltr'>tamen;</span> <span class='ocrx_word' id='word_1_34' title='bbox 1204 520 1356 583; x_wconf 91' lang='lat' dir='ltr'>idque</span> <span class='ocrx_word' id='word_1_35' title='bbox 1380 519 1587 584; x_wconf 85' lang='lat' dir='ltr'>precari,</span> 
     </span>
     <span class='ocr_line' id='line_1_6' title="bbox 215 596 1600 661; baseline 0.001 -19"><span class='ocrx_word' id='word_1_36' title='bbox 215 597 309 645; x_wconf 93' lang='lat' dir='ltr'>Vel</span> <span class='ocrx_word' id='word_1_37' title='bbox 334 596 440 645; x_wconf 89' lang='lat' dir='ltr'>sine</span> <span class='ocrx_word' id='word_1_38' title='bbox 465 613 631 645; x_wconf 84' lang='lat' dir='ltr'>amore</span> <span class='ocrx_word' id='word_1_39' title='bbox 654 597 799 655; x_wconf 83' lang='lat' dir='ltr'>licet3</span> <span class='ocrx_word' id='word_1_40' title='bbox 841 597 962 661; x_wconf 93' lang='lat' dir='ltr'>quid</span> <span class='ocrx_word' id='word_1_41' title='bbox 987 597 1118 644; x_wconf 91' lang='lat' dir='ltr'>enim</span> <span class='ocrx_word' id='word_1_42' title='bbox 1142 596 1391 644; x_wconf 85' lang='lat' dir='ltr'>commisit</span> <span class='ocrx_word' id='word_1_43' title='bbox 1416 596 1600 644; x_wconf 79' lang='lat' dir='ltr'>Iason?</span> 
     </span>
     <span class='ocr_line' id='line_1_7' title="bbox 214 672 1599 737; baseline -0.001 -16"><span class='ocrx_word' id='word_1_44' title='bbox 214 672 394 730; x_wconf 83' lang='lat' dir='ltr'>Quam,</span> <span class='ocrx_word' id='word_1_45' title='bbox 421 674 515 721; x_wconf 88' lang='lat' dir='ltr'>nisi</span> <span class='ocrx_word' id='word_1_46' title='bbox 539 674 808 730; x_wconf 78' lang='lat' dir='ltr'>crudelem,</span> <span class='ocrx_word' id='word_1_47' title='bbox 836 690 934 721; x_wconf 92' lang='lat' dir='ltr'>non</span> <span class='ocrx_word' id='word_1_48' title='bbox 958 681 1132 737; x_wconf 82' lang='lat' dir='ltr'>tangat</span> <span class='ocrx_word' id='word_1_49' title='bbox 1157 673 1349 721; x_wconf 83' lang='lat' dir='ltr'>Iasonis</span> <span class='ocrx_word' id='word_1_50' title='bbox 1371 680 1508 730; x_wconf 85' lang='lat' dir='ltr'>aetas,</span> <span class='ocrx_word' id='word_1_51' title='bbox 1535 676 1599 720; x_wconf 84' lang='lat'>26</span> 
     </span>
     <span class='ocr_line' id='line_1_8' title="bbox 216 748 1582 815; baseline 0 -17"><span class='ocrx_word' id='word_1_52' title='bbox 216 748 284 798; x_wconf 88' lang='lat' dir='ltr'>Et</span> <span class='ocrx_word' id='word_1_53' title='bbox 307 767 481 814; x_wconf 86' lang='lat' dir='ltr'>genus,</span> <span class='ocrx_word' id='word_1_54' title='bbox 508 758 559 799; x_wconf 89' lang='lat' dir='ltr'>et</span> <span class='ocrx_word' id='word_1_55' title='bbox 580 751 769 799; x_wconf 77' lang='lat' dir='ltr'>virtus?</span> <span class='ocrx_word' id='word_1_56' title='bbox 807 767 958 815; x_wconf 80' lang='lat' dir='ltr'>quam</span> <span class='ocrx_word' id='word_1_57' title='bbox 982 768 1097 807; x_wconf 91' lang='lat' dir='ltr'>non,</span> <span class='ocrx_word' id='word_1_58' title='bbox 1124 758 1178 798; x_wconf 91' lang='lat' dir='ltr'>ut</span> <span class='ocrx_word' id='word_1_59' title='bbox 1202 758 1384 798; x_wconf 82' lang='lat' dir='ltr'>caetera</span> <span class='ocrx_word' id='word_1_60' title='bbox 1403 751 1582 806; x_wconf 86' lang='lat' dir='ltr'>desint,</span> 
     </span>
     <span class='ocr_line' id='line_1_9' title="bbox 215 827 1566 893; baseline 0.001 -18"><span class='ocrx_word' id='word_1_61' title='bbox 215 827 396 876; x_wconf 80' lang='lat' dir='ltr'>Forma</span> <span class='ocrx_word' id='word_1_62' title='bbox 419 845 616 877; x_wconf 90' lang='lat' dir='ltr'>movere</span> <span class='ocrx_word' id='word_1_63' title='bbox 640 829 839 893; x_wconf 79' lang='lat' dir='ltr'>potest?</span> <span class='ocrx_word' id='word_1_64' title='bbox 877 836 1011 877; x_wconf 91' lang='lat' dir='ltr'>certe</span> <span class='ocrx_word' id='word_1_65' title='bbox 1036 845 1147 876; x_wconf 81' lang='lat' dir='ltr'>mea</span> <span class='ocrx_word' id='word_1_66' title='bbox 1172 835 1376 893; x_wconf 84' lang='lat' dir='ltr'>pectora</span> <span class='ocrx_word' id='word_1_67' title='bbox 1399 827 1566 876; x_wconf 90' lang='lat' dir='ltr'>movit.</span> 
     </span>
     <span class='ocr_line' id='line_1_10' title="bbox 213 905 1469 970; baseline 0.001 -19"><span class='ocrx_word' id='word_1_68' title='bbox 213 905 297 961; x_wconf 88' lang='lat' dir='ltr'>At,</span> <span class='ocrx_word' id='word_1_69' title='bbox 325 905 419 953; x_wconf 90' lang='lat' dir='ltr'>nisi</span> <span class='ocrx_word' id='word_1_70' title='bbox 443 922 591 970; x_wconf 91' lang='lat' dir='ltr'>opem</span> <span class='ocrx_word' id='word_1_71' title='bbox 613 906 788 962; x_wconf 91' lang='lat' dir='ltr'>tulero,</span> <span class='ocrx_word' id='word_1_72' title='bbox 815 912 1066 954; x_wconf 83' lang='lat' dir='ltr'>taurorum</span> <span class='ocrx_word' id='word_1_73' title='bbox 1092 905 1335 953; x_wconf 83' lang='lat' dir='ltr'>afflabitur</span> <span class='ocrx_word' id='word_1_74' title='bbox 1359 921 1469 962; x_wconf 83' lang='lat' dir='ltr'>ore3</span> 
     </span>
     <span class='ocr_line' id='line_1_11' title="bbox 218 982 1604 1046; baseline -0.001 -17"><span class='ocrx_word' id='word_1_75' title='bbox 218 982 596 1046; x_wconf 89' lang='lat' dir='ltr'>Concurretque</span> <span class='ocrx_word' id='word_1_76' title='bbox 621 999 723 1030; x_wconf 89' lang='lat' dir='ltr'>suae</span> <span class='ocrx_word' id='word_1_77' title='bbox 749 983 924 1046; x_wconf 87' lang='lat' dir='ltr'>segeti,</span> <span class='ocrx_word' id='word_1_78' title='bbox 947 983 1123 1030; x_wconf 88' lang='lat' dir='ltr'>tellure</span> <span class='ocrx_word' id='word_1_79' title='bbox 1148 982 1326 1031; x_wconf 83' lang='lat' dir='ltr'>creatis</span> <span class='ocrx_word' id='word_1_80' title='bbox 1539 984 1604 1028; x_wconf 89' lang='lat'>30</span> 
     </span>
     <span class='ocr_line' id='line_1_12' title="bbox 218 1058 1567 1123; baseline -0.001 -16"><span class='ocrx_word' id='word_1_81' title='bbox 218 1059 459 1107; x_wconf 89' lang='lat' dir='ltr'>Hostibus</span> <span class='ocrx_word' id='word_1_82' title='bbox 479 1076 489 1107; x_wconf 73' lang='grc' dir='ltr'>ε</span> <span class='ocrx_word' id='word_1_83' title='bbox 529 1066 616 1107; x_wconf 82' lang='lat' dir='ltr'>aut</span> <span class='ocrx_word' id='word_1_84' title='bbox 641 1059 784 1107; x_wconf 82' lang='lat' dir='ltr'>avido</span> <span class='ocrx_word' id='word_1_85' title='bbox 809 1059 1006 1107; x_wconf 83' lang='lat' dir='ltr'>dabitur</span> <span class='ocrx_word' id='word_1_86' title='bbox 1030 1059 1134 1107; x_wconf 83' lang='lat' dir='ltr'>fera</span> <span class='ocrx_word' id='word_1_87' title='bbox 1157 1059 1326 1123; x_wconf 83' lang='lat' dir='ltr'>praeda</span> <span class='ocrx_word' id='word_1_88' title='bbox 1350 1058 1567 1106; x_wconf 86' lang='lat' dir='ltr'>draconi.</span> 
     </span>
     <span class='ocr_line' id='line_1_13' title="bbox 218 1135 1447 1201; baseline -0.002 -17"><span class='ocrx_word' id='word_1_89' title='bbox 218 1135 328 1184; x_wconf 90' lang='lat' dir='ltr'>Hoc</span> <span class='ocrx_word' id='word_1_90' title='bbox 354 1153 447 1199; x_wconf 87' lang='lat' dir='ltr'>ego</span> <span class='ocrx_word' id='word_1_91' title='bbox 472 1137 513 1184; x_wconf 91' lang='lat' dir='ltr'>si</span> <span class='ocrx_word' id='word_1_92' title='bbox 538 1137 712 1201; x_wconf 83' lang='lat' dir='ltr'>patiar,</span> <span class='ocrx_word' id='word_1_93' title='bbox 738 1144 845 1184; x_wconf 89' lang='lat' dir='ltr'>tum</span> <span class='ocrx_word' id='word_1_94' title='bbox 869 1152 949 1184; x_wconf 90' lang='lat' dir='ltr'>me</span> <span class='ocrx_word' id='word_1_95' title='bbox 973 1137 1035 1184; x_wconf 92' lang='lat' dir='ltr'>de</span> <span class='ocrx_word' id='word_1_96' title='bbox 1060 1136 1239 1199; x_wconf 84' lang='lat' dir='ltr'>tigride</span> <span class='ocrx_word' id='word_1_97' title='bbox 1265 1143 1447 1192; x_wconf 84' lang='lat' dir='ltr'>natam,</span> 
     </span>
    </p>

    <p class='ocr_par' dir='ltr' id='par_1_3' title="bbox 216 1213 1604 1424">
     <span class='ocr_line' id='line_1_14' title="bbox 216 1213 1585 1277; baseline -0.001 -18"><span class='ocrx_word' id='word_1_98' title='bbox 216 1213 345 1260; x_wconf 91' lang='lat' dir='ltr'>Tum</span> <span class='ocrx_word' id='word_1_99' title='bbox 369 1213 550 1261; x_wconf 90' lang='lat' dir='ltr'>ferrum</span> <span class='ocrx_word' id='word_1_100' title='bbox 575 1220 627 1261; x_wconf 90' lang='lat' dir='ltr'>et</span> <span class='ocrx_word' id='word_1_101' title='bbox 651 1214 887 1277; x_wconf 90' lang='lat' dir='ltr'>scopulos</span> <span class='ocrx_word' id='word_1_102' title='bbox 912 1219 1107 1275; x_wconf 82' lang='lat' dir='ltr'>gestare</span> <span class='ocrx_word' id='word_1_103' title='bbox 1133 1213 1183 1260; x_wconf 89' lang='lat' dir='ltr'>in</span> <span class='ocrx_word' id='word_1_104' title='bbox 1208 1214 1356 1261; x_wconf 89' lang='lat' dir='ltr'>corde</span> <span class='ocrx_word' id='word_1_105' title='bbox 1380 1213 1585 1261; x_wconf 81' lang='lat' dir='ltr'>fatebor.</span> 
     </span>
     <span class='ocr_line' id='line_1_15' title="bbox 219 1289 1604 1354; baseline -0.001 -17"><span class='ocrx_word' id='word_1_106' title='bbox 219 1289 323 1337; x_wconf 88' lang='lat' dir='ltr'>Cur</span> <span class='ocrx_word' id='word_1_107' title='bbox 347 1306 446 1337; x_wconf 92' lang='lat' dir='ltr'>non</span> <span class='ocrx_word' id='word_1_108' title='bbox 470 1297 521 1338; x_wconf 88' lang='lat' dir='ltr'>et</span> <span class='ocrx_word' id='word_1_109' title='bbox 545 1297 717 1354; x_wconf 85' lang='lat' dir='ltr'>specto</span> <span class='ocrx_word' id='word_1_110' title='bbox 742 1291 1071 1354; x_wconf 81' lang='lat' dir='ltr'>pereuntem?</span> <span class='ocrx_word' id='word_1_111' title='bbox 1096 1291 1369 1354; x_wconf 90' lang='lat' dir='ltr'>oculosque</span> <span class='ocrx_word' id='word_1_112' title='bbox 1392 1290 1604 1337; x_wconf 89' lang='lat' dir='ltr'>videndo</span> 
     </span>
     <span class='ocr_line' id='line_1_16' title="bbox 219 1367 1600 1424; baseline 0 -10"><span class='ocrx_word' id='word_1_113' title='bbox 219 1367 554 1415; x_wconf 78' lang='lat' dir='ltr'>Conscelero?</span> <span class='ocrx_word' id='word_1_114' title='bbox 590 1383 678 1415; x_wconf 91' lang='lat' dir='ltr'>cur</span> <span class='ocrx_word' id='word_1_115' title='bbox 701 1383 799 1414; x_wconf 91' lang='lat' dir='ltr'>non</span> <span class='ocrx_word' id='word_1_116' title='bbox 823 1373 990 1414; x_wconf 83' lang='lat' dir='ltr'>tauros</span> <span class='ocrx_word' id='word_1_117' title='bbox 1016 1367 1251 1415; x_wconf 88' lang='lat' dir='ltr'>exhortor</span> <span class='ocrx_word' id='word_1_118' title='bbox 1276 1367 1325 1414; x_wconf 90' lang='lat' dir='ltr'>in</span> <span class='ocrx_word' id='word_1_119' title='bbox 1350 1368 1503 1424; x_wconf 89' lang='lat' dir='ltr'>illum,</span> <span class='ocrx_word' id='word_1_120' title='bbox 1538 1370 1600 1414; x_wconf 90' lang='lat'>35</span> 
     </span>
    </p>
   </div>
   <div class='ocr_carea' id='block_1_3' title="bbox 210 1550 883 2772">
    <p class='ocr_par' dir='ltr' id='par_1_4' title="bbox 215 1550 879 1936">
     <span class='ocr_line' id='line_1_17' title="bbox 258 1550 876 1592; baseline -0.002 -10"><span class='ocrx_word' id='word_1_121' title='bbox 258 1551 313 1582; x_wconf 86' lang='lat'>22.</span> <span class='ocrx_word' id='word_1_122' title='bbox 341 1550 399 1581; x_wconf 74' lang='lat' dir='ltr'>Uri</span> <span class='ocrx_word' id='word_1_123' title='bbox 418 1551 451 1581; x_wconf 81' lang='lat' dir='ltr'>in</span> <span class='ocrx_word' id='word_1_124' title='bbox 470 1551 581 1591; x_wconf 77' lang='lat' dir='ltr'>aliquo,</span> <span class='ocrx_word' id='word_1_125' title='bbox 596 1555 631 1582; x_wconf 88' lang='lat' dir='ltr'>ut</span> <span class='ocrx_word' id='word_1_126' title='bbox 653 1553 686 1582; x_wconf 80' lang='lat' dir='ltr'>in</span> <span class='ocrx_word' id='word_1_127' title='bbox 704 1552 804 1592; x_wconf 82' lang='lat' dir='ltr'>aliquo</span> <span class='ocrx_word' id='word_1_128' title='bbox 824 1562 876 1582; x_wconf 74' lang='lat' dir='ltr'>ar-</span> 
     </span>
     <span class='ocr_line' id='line_1_18' title="bbox 216 1599 876 1640; baseline 0 -10"><span class='ocrx_word' id='word_1_129' title='bbox 216 1602 295 1636; x_wconf 81' lang='lat' dir='ltr'>dere,</span> <span class='ocrx_word' id='word_1_130' title='bbox 311 1606 446 1636; x_wconf 68' lang='lat' dir='ltr'>aestuam,</span> <span class='ocrx_word' id='word_1_131' title='bbox 461 1602 541 1639; x_wconf 83' lang='lat' dir='ltr'>capi.</span> <span class='ocrx_word' id='word_1_132' title='bbox 581 1599 729 1640; x_wconf 79' lang='lat' dir='ltr'>concipis,</span> <span class='ocrx_word' id='word_1_133' title='bbox 744 1600 876 1637; x_wconf 88' lang='lat' dir='ltr'>scilicet,</span> 
     </span>
     <span class='ocr_line' id='line_1_19' title="bbox 218 1648 878 1690; baseline 0 -10"><span class='ocrx_word' id='word_1_134' title='bbox 218 1648 333 1685; x_wconf 82' lang='lat' dir='ltr'>animo,</span> <span class='ocrx_word' id='word_1_135' title='bbox 349 1648 438 1690; x_wconf 86' lang='lat' dir='ltr'>cupis</span> <span class='ocrx_word' id='word_1_136' title='bbox 453 1653 485 1680; x_wconf 89' lang='lat' dir='ltr'>et</span> <span class='ocrx_word' id='word_1_137' title='bbox 499 1658 615 1690; x_wconf 76' lang='lat' dir='ltr'>speras·</span> <span class='ocrx_word' id='word_1_138' title='bbox 650 1648 748 1679; x_wconf 88' lang='lat' dir='ltr'>Amat</span> <span class='ocrx_word' id='word_1_139' title='bbox 763 1649 878 1681; x_wconf 87' lang='lat' dir='ltr'>Noster</span> 
     </span>
     <span class='ocr_line' id='line_1_20' title="bbox 215 1697 877 1740; baseline 0.002 -12"><span class='ocrx_word' id='word_1_140' title='bbox 215 1698 283 1729; x_wconf 86' lang='lat' dir='ltr'>haec</span> <span class='ocrx_word' id='word_1_141' title='bbox 311 1698 475 1734; x_wconf 86' lang='lat' dir='ltr'>vocabula,</span> <span class='ocrx_word' id='word_1_142' title='bbox 504 1700 538 1728; x_wconf 89' lang='lat' dir='ltr'>in</span> <span class='ocrx_word' id='word_1_143' title='bbox 568 1697 637 1734; x_wconf 70' lang='lat' dir='ltr'>Dis,</span> <span class='ocrx_word' id='word_1_144' title='bbox 665 1698 697 1728; x_wconf 91' lang='lat' dir='ltr'>in</span> <span class='ocrx_word' id='word_1_145' title='bbox 725 1703 877 1740; x_wconf 83' lang='lat' dir='ltr'>potestate</span> 
     </span>
     <span class='ocr_line' id='line_1_21' title="bbox 216 1746 878 1789; baseline 0 -11"><span class='ocrx_word' id='word_1_146' title='bbox 216 1748 369 1783; x_wconf 89' lang='lat' dir='ltr'>Deorum,</span> <span class='ocrx_word' id='word_1_147' title='bbox 385 1747 502 1789; x_wconf 90' lang='lat' dir='ltr'>pendet</span> <span class='ocrx_word' id='word_1_148' title='bbox 524 1757 543 1778; x_wconf 90' lang='lat' dir='ltr'>a</span> <span class='ocrx_word' id='word_1_149' title='bbox 567 1746 659 1786; x_wconf 88' lang='lat' dir='ltr'>Diis;</span> <span class='ocrx_word' id='word_1_150' title='bbox 682 1747 811 1778; x_wconf 89' lang='lat' dir='ltr'>Heroid.</span> <span class='ocrx_word' id='word_1_151' title='bbox 826 1759 878 1779; x_wconf 83' lang='lat' dir='ltr'>xx.</span> 
     </span>
     <span class='ocr_line' id='line_1_22' title="bbox 217 1796 878 1828; baseline 0.003 -2"><span class='ocrx_word' id='word_1_152' title='bbox 217 1797 270 1828; x_wconf 85' lang='lat'>44.</span> <span class='ocrx_word' id='word_1_153' title='bbox 287 1796 395 1827; x_wconf 62' lang='lat' dir='ltr'>Exitus</span> <span class='ocrx_word' id='word_1_154' title='bbox 417 1798 451 1827; x_wconf 83' lang='lat' dir='ltr'>in</span> <span class='ocrx_word' id='word_1_155' title='bbox 477 1796 535 1827; x_wconf 75' lang='lat' dir='ltr'>Dis</span> <span class='ocrx_word' id='word_1_156' title='bbox 549 1803 601 1827; x_wconf 85' lang='lat' dir='ltr'>est.</span> <span class='ocrx_word' id='word_1_157' title='bbox 625 1796 788 1828; x_wconf 87' lang='lat' dir='ltr'>Demosth.</span> <span class='ocrx_word' id='word_1_158' title='bbox 804 1797 878 1828; x_wconf 92' lang='lat' dir='ltr'>Cor.</span> 
     </span>
     <span class='ocr_line' id='line_1_23' title="bbox 216 1844 879 1888; baseline 0.002 -12"><span class='ocrx_word' id='word_1_159' title='bbox 216 1857 247 1888; x_wconf 91' lang='lat' dir='ltr'>p.</span> <span class='ocrx_word' id='word_1_160' title='bbox 269 1846 347 1877; x_wconf 87' lang='lat'>292.</span> <span class='ocrx_word' id='word_1_161' title='bbox 373 1844 433 1877; x_wconf 87' lang='grc' dir='ltr'>Ἐν</span> <span class='ocrx_word' id='word_1_162' title='bbox 453 1846 518 1888; x_wconf 82' lang='grc' dir='ltr'>γὰρ</span> <span class='ocrx_word' id='word_1_163' title='bbox 539 1845 588 1887; x_wconf 70' lang='grc' dir='ltr'>τῷ</span> <span class='ocrx_word' id='word_1_164' title='bbox 611 1846 674 1887; x_wconf 76' lang='grc' dir='ltr'>Θεῷ</span> <span class='ocrx_word' id='word_1_165' title='bbox 695 1846 733 1877; x_wconf 84' lang='grc' dir='ltr'>τὸ</span> <span class='ocrx_word' id='word_1_166' title='bbox 761 1845 879 1878; x_wconf 74' lang='grc' dir='ltr'>τούτου</span> 
     </span>
     <span class='ocr_line' id='line_1_24' title="bbox 215 1893 600 1936; baseline -0.005 -9"><span class='ocrx_word' id='word_1_167' title='bbox 215 1894 309 1932; x_wconf 76' lang='grc' dir='ltr'>τέλος</span> <span class='ocrx_word' id='word_1_168' title='bbox 324 1893 379 1934; x_wconf 84' lang='grc' dir='ltr'>ἦν,</span> <span class='ocrx_word' id='word_1_169' title='bbox 396 1894 453 1926; x_wconf 81' lang='grc' dir='ltr'>οὐκ</span> <span class='ocrx_word' id='word_1_170' title='bbox 470 1894 506 1926; x_wconf 82' lang='grc' dir='ltr'>ἐν</span> <span class='ocrx_word' id='word_1_171' title='bbox 519 1894 600 1936; x_wconf 79' lang='grc' dir='ltr'><strong>ἐμοί.</strong></span> 
     </span>
    </p>

    <p class='ocr_par' dir='ltr' id='par_1_5' title="bbox 210 1944 883 2480">
     <span class='ocr_line' id='line_1_25' title="bbox 260 1944 878 1985; baseline 0.002 -10"><span class='ocrx_word' id='word_1_172' title='bbox 260 1946 315 1976; x_wconf 82' lang='grc'>27.</span> <span class='ocrx_word' id='word_1_173' title='bbox 341 1944 383 1975; x_wconf 72' lang='lat' dir='ltr'>Ut</span> <span class='ocrx_word' id='word_1_174' title='bbox 407 1951 514 1975; x_wconf 84' lang='lat' dir='ltr'>coetera</span> <span class='ocrx_word' id='word_1_175' title='bbox 531 1946 640 1980; x_wconf 80' lang='lat' dir='ltr'>desint,</span> <span class='ocrx_word' id='word_1_176' title='bbox 655 1944 733 1985; x_wconf 88' lang='lat' dir='ltr'>etc.]</span> <span class='ocrx_word' id='word_1_177' title='bbox 780 1944 831 1976; x_wconf 89' lang='lat' dir='ltr'>Sic</span> <span class='ocrx_word' id='word_1_178' title='bbox 845 1944 878 1976; x_wconf 88' lang='lat' dir='ltr'>in</span> 
     </span>
     <span class='ocr_line' id='line_1_26' title="bbox 217 1994 879 2035; baseline 0 -10"><span class='ocrx_word' id='word_1_179' title='bbox 217 1995 295 2025; x_wconf 88' lang='lat' dir='ltr'>libro</span> <span class='ocrx_word' id='word_1_180' title='bbox 317 2005 347 2025; x_wconf 84' lang='lat' dir='ltr'>V.</span> <span class='ocrx_word' id='word_1_181' title='bbox 363 1994 444 2025; x_wconf 84' lang='lat'>527:</span> <span class='ocrx_word' id='word_1_182' title='bbox 469 2000 505 2024; x_wconf 81' lang='lat' dir='ltr'>ut</span> <span class='ocrx_word' id='word_1_183' title='bbox 529 1995 626 2024; x_wconf 76' lang='lat' dir='ltr'>desint</span> <span class='ocrx_word' id='word_1_184' title='bbox 651 2000 767 2030; x_wconf 78' lang='lat' dir='ltr'>caetera,</span> <span class='ocrx_word' id='word_1_185' title='bbox 782 2006 879 2035; x_wconf 80' lang='lat' dir='ltr'>quan-</span> 
     </span>
     <span class='ocr_line' id='line_1_27' title="bbox 218 2043 877 2085; baseline 0 -11"><span class='ocrx_word' id='word_1_186' title='bbox 218 2051 281 2075; x_wconf 76' lang='lat' dir='ltr'>tum</span> <span class='ocrx_word' id='word_1_187' title='bbox 304 2050 346 2074; x_wconf 83' lang='lat' dir='ltr'>est</span> <span class='ocrx_word' id='word_1_188' title='bbox 367 2043 436 2074; x_wconf 85' lang='lat' dir='ltr'>Esse</span> <span class='ocrx_word' id='word_1_189' title='bbox 455 2043 537 2073; x_wconf 79' lang='lat' dir='ltr'>Jovis</span> <span class='ocrx_word' id='word_1_190' title='bbox 551 2043 700 2085; x_wconf 82' lang='lat' dir='ltr'>fratrem.</span> <span class='ocrx_word' id='word_1_191' title='bbox 744 2043 877 2080; x_wconf 81' lang='lat' dir='ltr'>Fortem,</span> 
     </span>
     <span class='ocr_line' id='line_1_28' title="bbox 216 2092 882 2124; baseline 0 0"><span class='ocrx_word' id='word_1_192' title='bbox 216 2093 383 2124; x_wconf 85' lang='lat' dir='ltr'>formosum</span> <span class='ocrx_word' id='word_1_193' title='bbox 406 2102 443 2123; x_wconf 84' lang='lat' dir='ltr'>ac</span> <span class='ocrx_word' id='word_1_194' title='bbox 464 2092 599 2123; x_wconf 90' lang='lat' dir='ltr'>nobilem</span> <span class='ocrx_word' id='word_1_195' title='bbox 621 2093 770 2124; x_wconf 85' lang='lat' dir='ltr'>Jasonem</span> <span class='ocrx_word' id='word_1_196' title='bbox 790 2099 882 2124; x_wconf 86' lang='lat' dir='ltr'>vocat</span> 
     </span>
     <span class='ocr_line' id='line_1_29' title="bbox 218 2142 881 2184; baseline 0.002 -12"><span class='ocrx_word' id='word_1_197' title='bbox 218 2142 374 2184; x_wconf 85' lang='lat' dir='ltr'>Hyginus,</span> <span class='ocrx_word' id='word_1_198' title='bbox 390 2142 496 2173; x_wconf 83' lang='lat' dir='ltr'>fabula</span> <span class='ocrx_word' id='word_1_199' title='bbox 510 2143 562 2173; x_wconf 86' lang='lat'>25.</span> <span class='ocrx_word' id='word_1_200' title='bbox 607 2142 658 2172; x_wconf 90' lang='lat' dir='ltr'>De</span> <span class='ocrx_word' id='word_1_201' title='bbox 680 2142 787 2172; x_wconf 83' lang='lat' dir='ltr'>Forma</span> <span class='ocrx_word' id='word_1_202' title='bbox 809 2142 881 2174; x_wconf 86' lang='lat' dir='ltr'>vide</span> 
     </span>
     <span class='ocr_line' id='line_1_30' title="bbox 217 2190 878 2232; baseline 0 -11"><span class='ocrx_word' id='word_1_203' title='bbox 217 2191 322 2222; x_wconf 86' lang='lat' dir='ltr'>Schol.</span> <span class='ocrx_word' id='word_1_204' title='bbox 345 2190 483 2227; x_wconf 86' lang='lat' dir='ltr'>Pindari,</span> <span class='ocrx_word' id='word_1_205' title='bbox 511 2190 551 2221; x_wconf 86' lang='lat' dir='ltr'>ad</span> <span class='ocrx_word' id='word_1_206' title='bbox 578 2190 672 2232; x_wconf 79' lang='lat' dir='ltr'>Pyth.</span> <span class='ocrx_word' id='word_1_207' title='bbox 697 2190 759 2222; x_wconf 93' lang='lat' dir='ltr'>Od.</span> <span class='ocrx_word' id='word_1_208' title='bbox 783 2201 814 2221; x_wconf 87' lang='lat' dir='ltr'>v.</span> <span class='ocrx_word' id='word_1_209' title='bbox 839 2191 878 2222; x_wconf 78' lang='lat'>6:</span> 
     </span>
     <span class='ocr_line' id='line_1_31' title="bbox 217 2238 881 2282; baseline 0 -10"><span class='ocrx_word' id='word_1_210' title='bbox 217 2241 268 2272; x_wconf 80' lang='grc' dir='ltr'>’ότι</span> <span class='ocrx_word' id='word_1_211' title='bbox 290 2240 322 2271; x_wconf 74' lang='grc' dir='ltr'>δὲ</span> <span class='ocrx_word' id='word_1_212' title='bbox 345 2240 515 2282; x_wconf 80' lang='grc' dir='ltr'>εὐπρεπὴς</span> <span class='ocrx_word' id='word_1_213' title='bbox 535 2238 577 2279; x_wconf 85' lang='grc' dir='ltr'>ἦν</span> <span class='ocrx_word' id='word_1_214' title='bbox 593 2239 610 2271; x_wconf 86' lang='grc' dir='ltr'><strong>ὁ</strong></span> <span class='ocrx_word' id='word_1_215' title='bbox 630 2238 760 2276; x_wconf 83' lang='grc' dir='ltr'><strong>Ἰάσων,</strong></span> <span class='ocrx_word' id='word_1_216' title='bbox 776 2239 881 2279; x_wconf 75' lang='grc' dir='ltr'>δῆλον</span> 
     </span>
     <span class='ocr_line' id='line_1_32' title="bbox 218 2288 880 2331; baseline 0 -10"><span class='ocrx_word' id='word_1_217' title='bbox 218 2291 250 2321; x_wconf 79' lang='grc' dir='ltr'>ἐκ</span> <span class='ocrx_word' id='word_1_218' title='bbox 267 2292 323 2321; x_wconf 83' lang='grc' dir='ltr'>τοῦ</span> <span class='ocrx_word' id='word_1_219' title='bbox 339 2291 392 2321; x_wconf 87' lang='grc' dir='ltr'>καὶ</span> <span class='ocrx_word' id='word_1_220' title='bbox 408 2291 472 2328; x_wconf 82' lang='grc' dir='ltr'>τὴν</span> <span class='ocrx_word' id='word_1_221' title='bbox 485 2288 591 2331; x_wconf 86' lang='grc' dir='ltr'>Ἡραν</span> <span class='ocrx_word' id='word_1_222' title='bbox 605 2289 705 2331; x_wconf 61' lang='grc' dir='ltr'>αὐτῷ’</span> <span class='ocrx_word' id='word_1_223' title='bbox 719 2289 880 2331; x_wconf 77' lang='grc' dir='ltr'>ἐπιμανῆ-</span> 
     </span>
     <span class='ocr_line' id='line_1_33' title="bbox 217 2339 881 2371; baseline 0 0"><span class='ocrx_word' id='word_1_224' title='bbox 217 2353 285 2371; x_wconf 83' lang='grc' dir='ltr'><strong>ναι.</strong></span> <span class='ocrx_word' id='word_1_225' title='bbox 332 2339 462 2371; x_wconf 85' lang='lat' dir='ltr'>Heroid.</span> <span class='ocrx_word' id='word_1_226' title='bbox 491 2339 545 2370; x_wconf 86' lang='lat' dir='ltr'>xii.</span> <span class='ocrx_word' id='word_1_227' title='bbox 575 2341 623 2371; x_wconf 93' lang='lat' dir='ltr'>ll.</span> <span class='ocrx_word' id='word_1_228' title='bbox 649 2339 677 2371; x_wconf 92' lang='lat' dir='ltr'>ei</span> <span class='ocrx_word' id='word_1_229' title='bbox 702 2339 881 2371; x_wconf 85' lang='lat' dir='ltr'>tribuuntur</span> 
     </span>
     <span class='ocr_line' id='line_1_34' title="bbox 210 2389 883 2431; baseline 0.001 -11"><span class='ocrx_word' id='word_1_230' title='bbox 210 2391 292 2431; x_wconf 76' lang='lat' dir='ltr'>flavi</span> <span class='ocrx_word' id='word_1_231' title='bbox 317 2390 433 2429; x_wconf 72' lang='lat' dir='ltr'>capilli,</span> <span class='ocrx_word' id='word_1_232' title='bbox 457 2391 544 2419; x_wconf 81' lang='lat' dir='ltr'>decor</span> <span class='ocrx_word' id='word_1_233' title='bbox 574 2394 606 2420; x_wconf 82' lang='lat' dir='ltr'>et</span> <span class='ocrx_word' id='word_1_234' title='bbox 630 2391 735 2429; x_wconf 83' lang='lat' dir='ltr'>gratia</span> <span class='ocrx_word' id='word_1_235' title='bbox 760 2389 883 2430; x_wconf 80' lang='lat' dir='ltr'>linguae.</span> 
     </span>
     <span class='ocr_line' id='line_1_35' title="bbox 219 2437 870 2480; baseline 0 -11"><span class='ocrx_word' id='word_1_236' title='bbox 219 2439 260 2469; x_wconf 89' lang='lat' dir='ltr'>Et</span> <span class='ocrx_word' id='word_1_237' title='bbox 276 2438 376 2469; x_wconf 79' lang='lat' dir='ltr'>multa</span> <span class='ocrx_word' id='word_1_238' title='bbox 389 2438 428 2469; x_wconf 88' lang='lat' dir='ltr'>de</span> <span class='ocrx_word' id='word_1_239' title='bbox 442 2437 498 2468; x_wconf 88' lang='lat' dir='ltr'>illa</span> <span class='ocrx_word' id='word_1_240' title='bbox 503 2438 609 2479; x_wconf 82' lang='lat' dir='ltr'>forma</span> <span class='ocrx_word' id='word_1_241' title='bbox 626 2438 710 2480; x_wconf 87' lang='lat' dir='ltr'>apud</span> <span class='ocrx_word' id='word_1_242' title='bbox 727 2439 870 2470; x_wconf 83' lang='lat' dir='ltr'>Veteres.</span> 
     </span>
    </p>

    <p class='ocr_par' dir='ltr' id='par_1_6' title="bbox 215 2487 883 2772">
     <span class='ocr_line' id='line_1_36' title="bbox 262 2487 883 2529; baseline 0 -12"><span class='ocrx_word' id='word_1_243' title='bbox 262 2489 315 2518; x_wconf 90' lang='grc'>30.</span> <span class='ocrx_word' id='word_1_244' title='bbox 340 2487 527 2518; x_wconf 79' lang='lat' dir='ltr'>Concurrere</span> <span class='ocrx_word' id='word_1_245' title='bbox 541 2487 666 2529; x_wconf 88' lang='lat' dir='ltr'>ponitur</span> <span class='ocrx_word' id='word_1_246' title='bbox 681 2487 720 2517; x_wconf 90' lang='lat' dir='ltr'>de</span> <span class='ocrx_word' id='word_1_247' title='bbox 736 2487 883 2518; x_wconf 87' lang='lat' dir='ltr'>conflictu</span> 
     </span>
     <span class='ocr_line' id='line_1_37' title="bbox 219 2535 881 2579; baseline 0 -13"><span class='ocrx_word' id='word_1_248' title='bbox 219 2536 329 2579; x_wconf 79' lang='lat' dir='ltr'>praelii.</span> <span class='ocrx_word' id='word_1_249' title='bbox 376 2536 499 2572; x_wconf 81' lang='lat' dir='ltr'>Praeda,</span> <span class='ocrx_word' id='word_1_250' title='bbox 530 2535 584 2577; x_wconf 91' lang='lat' dir='ltr'>qui</span> <span class='ocrx_word' id='word_1_251' title='bbox 614 2535 804 2578; x_wconf 86' lang='lat' dir='ltr'>objiciuntur</span> <span class='ocrx_word' id='word_1_252' title='bbox 830 2536 881 2567; x_wconf 90' lang='lat' dir='ltr'>vel</span> 
     </span>
     <span class='ocr_line' id='line_1_38' title="bbox 219 2584 883 2621; baseline 0 -6"><span class='ocrx_word' id='word_1_253' title='bbox 219 2584 293 2621; x_wconf 89' lang='lat' dir='ltr'>vivi,</span> <span class='ocrx_word' id='word_1_254' title='bbox 307 2585 357 2615; x_wconf 88' lang='lat' dir='ltr'>vel</span> <span class='ocrx_word' id='word_1_255' title='bbox 380 2584 491 2615; x_wconf 91' lang='lat' dir='ltr'>mortui</span> <span class='ocrx_word' id='word_1_256' title='bbox 507 2584 579 2616; x_wconf 83' lang='lat' dir='ltr'>feris</span> <span class='ocrx_word' id='word_1_257' title='bbox 603 2584 786 2615; x_wconf 84' lang='lat' dir='ltr'>devorandi.</span> <span class='ocrx_word' id='word_1_258' title='bbox 832 2584 883 2615; x_wconf 85' lang='lat' dir='ltr'>Ita</span> 
     </span>
     <span class='ocr_line' id='line_1_39' title="bbox 215 2632 881 2675; baseline 0 -11"><span class='ocrx_word' id='word_1_259' title='bbox 215 2634 282 2675; x_wconf 84' lang='lat' dir='ltr'>jam</span> <span class='ocrx_word' id='word_1_260' title='bbox 311 2633 477 2669; x_wconf 88' lang='lat' dir='ltr'>Homerus,</span> <span class='ocrx_word' id='word_1_261' title='bbox 510 2633 552 2664; x_wconf 92' lang='lat' dir='ltr'>Il.</span> <span class='ocrx_word' id='word_1_262' title='bbox 581 2637 622 2664; x_wconf 87' lang='grc' dir='ltr'>Α.</span> <span class='ocrx_word' id='word_1_263' title='bbox 649 2634 680 2663; x_wconf 87' lang='grc'>4.</span> <span class='ocrx_word' id='word_1_264' title='bbox 707 2633 827 2671; x_wconf 84' lang='grc' dir='ltr'>αὐτοὺς</span> <span class='ocrx_word' id='word_1_265' title='bbox 856 2632 881 2664; x_wconf 82' lang='grc' dir='ltr'>δ’</span> 
     </span>
     <span class='ocr_line' id='line_1_40' title="bbox 219 2682 882 2725; baseline 0.002 -12"><span class='ocrx_word' id='word_1_266' title='bbox 219 2683 334 2724; x_wconf 81' lang='grc' dir='ltr'>ἑλώρια</span> <span class='ocrx_word' id='word_1_267' title='bbox 361 2685 454 2725; x_wconf 80' lang='grc' dir='ltr'>τεῦχε</span> <span class='ocrx_word' id='word_1_268' title='bbox 483 2682 645 2714; x_wconf 82' lang='grc' dir='ltr'>κύνεσσιν.</span> <span class='ocrx_word' id='word_1_269' title='bbox 699 2682 826 2713; x_wconf 83' lang='lat' dir='ltr'>Ferrum</span> <span class='ocrx_word' id='word_1_270' title='bbox 853 2690 882 2714; x_wconf 80' lang='lat' dir='ltr'>et</span> 
     </span>
     <span class='ocr_line' id='line_1_41' title="bbox 221 2732 882 2772; baseline 0.003 -11"><span class='ocrx_word' id='word_1_271' title='bbox 221 2733 350 2772; x_wconf 75' lang='lat' dir='ltr'>scopulos</span> <span class='ocrx_word' id='word_1_272' title='bbox 366 2734 396 2762; x_wconf 75' lang='lat' dir='ltr'>in</span> <span class='ocrx_word' id='word_1_273' title='bbox 410 2734 517 2769; x_wconf 68' lang='lat' dir='ltr'>corde,</span> <span class='ocrx_word' id='word_1_274' title='bbox 535 2733 639 2763; x_wconf 87' lang='lat' dir='ltr'>confer</span> <span class='ocrx_word' id='word_1_275' title='bbox 651 2732 692 2762; x_wconf 86' lang='lat' dir='ltr'>ix.</span> <span class='ocrx_word' id='word_1_276' title='bbox 706 2733 780 2763; x_wconf 84' lang='lat'>612.</span> <span class='ocrx_word' id='word_1_277' title='bbox 804 2732 882 2763; x_wconf 88' lang='lat' dir='ltr'>Cru-</span> 
     </span>
    </p>
   </div>
   <div class='ocr_carea' id='block_1_4' title="bbox 943 1550 1611 2771">
    <p class='ocr_par' dir='ltr' id='par_1_7' title="bbox 943 1550 1609 1927">
     <span class='ocr_line' id='line_1_42' title="bbox 943 1550 1606 1594; baseline 0.002 -12"><span class='ocrx_word' id='word_1_278' title='bbox 943 1550 1102 1583; x_wconf 85' lang='lat' dir='ltr'>delissimo</span> <span class='ocrx_word' id='word_1_279' title='bbox 1125 1556 1157 1582; x_wconf 88' lang='lat' dir='ltr'>et</span> <span class='ocrx_word' id='word_1_280' title='bbox 1182 1550 1343 1582; x_wconf 85' lang='lat' dir='ltr'>durissimo</span> <span class='ocrx_word' id='word_1_281' title='bbox 1364 1557 1502 1594; x_wconf 87' lang='lat' dir='ltr'>pectore,</span> <span class='ocrx_word' id='word_1_282' title='bbox 1525 1550 1606 1593; x_wconf 82' lang='grc' dir='ltr'>χάλ-</span> 
     </span>
     <span class='ocr_line' id='line_1_43' title="bbox 943 1600 1606 1643; baseline 0 -11"><span class='ocrx_word' id='word_1_283' title='bbox 943 1600 1132 1643; x_wconf 81' lang='grc' dir='ltr'>κεοκάρδιος,</span> <span class='ocrx_word' id='word_1_284' title='bbox 1161 1611 1271 1632; x_wconf 87' lang='lat' dir='ltr'>essem.</span> <span class='ocrx_word' id='word_1_285' title='bbox 1313 1600 1490 1642; x_wconf 82' lang='lat' dir='ltr'>Euripides,</span> <span class='ocrx_word' id='word_1_286' title='bbox 1517 1601 1606 1632; x_wconf 85' lang='lat' dir='ltr'>Med.</span> 
     </span>
     <span class='ocr_line' id='line_1_44' title="bbox 947 1648 1608 1693; baseline 0.002 -13"><span class='ocrx_word' id='word_1_287' title='bbox 947 1651 1041 1682; x_wconf 87' lang='lat'>1279.</span> <span class='ocrx_word' id='word_1_288' title='bbox 1053 1650 1126 1682; x_wconf 86' lang='grc' dir='ltr'>ὥστ’</span> <span class='ocrx_word' id='word_1_289' title='bbox 1137 1650 1185 1692; x_wconf 84' lang='grc' dir='ltr'>ἄρ’</span> <span class='ocrx_word' id='word_1_290' title='bbox 1197 1648 1283 1690; x_wconf 86' lang='grc' dir='ltr'><strong><em>ἦσθα</em></strong></span> <span class='ocrx_word' id='word_1_291' title='bbox 1294 1649 1412 1691; x_wconf 75' lang='grc' dir='ltr'>πέτρος</span> <span class='ocrx_word' id='word_1_292' title='bbox 1426 1650 1445 1688; x_wconf 85' lang='grc' dir='ltr'>ἢ</span> <span class='ocrx_word' id='word_1_293' title='bbox 1459 1649 1589 1693; x_wconf 75' lang='grc' dir='ltr'>σίδαρος</span> <span class='ocrx_word' id='word_1_294' title='bbox 1600 1662 1608 1689; x_wconf 87' lang='grc'><strong>;</strong></span> 
     </span>
     <span class='ocr_line' id='line_1_45' title="bbox 944 1698 1607 1741; baseline 0 -11"><span class='ocrx_word' id='word_1_295' title='bbox 944 1700 1089 1741; x_wconf 85' lang='lat' dir='ltr'>AEschyl.</span> <span class='ocrx_word' id='word_1_296' title='bbox 1113 1700 1219 1730; x_wconf 90' lang='lat' dir='ltr'>Prom.</span> <span class='ocrx_word' id='word_1_297' title='bbox 1236 1700 1311 1730; x_wconf 88' lang='lat'>242.</span> <span class='ocrx_word' id='word_1_298' title='bbox 1327 1698 1528 1741; x_wconf 77' lang='grc' dir='ltr'>σιδηρόφρων</span> <span class='ocrx_word' id='word_1_299' title='bbox 1547 1699 1607 1730; x_wconf 83' lang='grc' dir='ltr'>κάκ</span> 
     </span>
     <span class='ocr_line' id='line_1_46' title="bbox 946 1747 1608 1790; baseline 0 -10"><span class='ocrx_word' id='word_1_300' title='bbox 946 1747 1069 1790; x_wconf 83' lang='grc' dir='ltr'>πέτρας</span> <span class='ocrx_word' id='word_1_301' title='bbox 1082 1747 1312 1790; x_wconf 77' lang='grc' dir='ltr'>είργασμένος;</span> <span class='ocrx_word' id='word_1_302' title='bbox 1328 1748 1443 1779; x_wconf 84' lang='lat' dir='ltr'>Noster</span> <span class='ocrx_word' id='word_1_303' title='bbox 1457 1748 1500 1779; x_wconf 86' lang='lat' dir='ltr'>iii.</span> <span class='ocrx_word' id='word_1_304' title='bbox 1514 1748 1608 1780; x_wconf 88' lang='lat' dir='ltr'>Trist.</span> 
     </span>
     <span class='ocr_line' id='line_1_47' title="bbox 946 1797 1609 1838; baseline 0.002 -9"><span class='ocrx_word' id='word_1_305' title='bbox 946 1797 989 1829; x_wconf 89' lang='lat' dir='ltr'>xi.</span> <span class='ocrx_word' id='word_1_306' title='bbox 1015 1799 1055 1830; x_wconf 86' lang='lat'>3:</span> <span class='ocrx_word' id='word_1_307' title='bbox 1095 1799 1196 1832; x_wconf 71' lang='lat' dir='ltr'>Natus</span> <span class='ocrx_word' id='word_1_308' title='bbox 1219 1809 1248 1829; x_wconf 86' lang='lat' dir='ltr'>es</span> <span class='ocrx_word' id='word_1_309' title='bbox 1271 1809 1286 1828; x_wconf 91' lang='lat' dir='ltr'>e</span> <span class='ocrx_word' id='word_1_310' title='bbox 1311 1799 1448 1838; x_wconf 78' lang='lat' dir='ltr'>scopulis,</span> <span class='ocrx_word' id='word_1_311' title='bbox 1472 1800 1609 1830; x_wconf 74' lang='lat' dir='ltr'>nutritus</span> 
     </span>
     <span class='ocr_line' id='line_1_48' title="bbox 947 1847 1607 1889; baseline 0.002 -12"><span class='ocrx_word' id='word_1_312' title='bbox 947 1847 1147 1889; x_wconf 83' lang='lat' dir='ltr'>lacteferino‚</span> <span class='ocrx_word' id='word_1_313' title='bbox 1161 1848 1203 1878; x_wconf 86' lang='lat' dir='ltr'>Et</span> <span class='ocrx_word' id='word_1_314' title='bbox 1217 1849 1315 1878; x_wconf 79' lang='lat' dir='ltr'>dicam</span> <span class='ocrx_word' id='word_1_315' title='bbox 1331 1848 1427 1878; x_wconf 80' lang='lat' dir='ltr'>silices</span> <span class='ocrx_word' id='word_1_316' title='bbox 1436 1859 1542 1888; x_wconf 82' lang='lat' dir='ltr'>corpus</span> <span class='ocrx_word' id='word_1_317' title='bbox 1556 1849 1607 1878; x_wconf 83' lang='lat' dir='ltr'>ha-</span> 
     </span>
     <span class='ocr_line' id='line_1_49' title="bbox 947 1897 1124 1927; baseline 0.006 -1"><span class='ocrx_word' id='word_1_318' title='bbox 947 1897 1012 1927; x_wconf 86' lang='lat' dir='ltr'>bere</span> <span class='ocrx_word' id='word_1_319' title='bbox 1028 1903 1124 1927; x_wconf 81' lang='lat' dir='ltr'>tuum.</span> 
     </span>
    </p>

    <p class='ocr_par' dir='ltr' id='par_1_8' title="bbox 946 1945 1611 2771">
     <span class='ocr_line' id='line_1_50' title="bbox 989 1945 1609 1986; baseline 0.002 -10"><span class='ocrx_word' id='word_1_320' title='bbox 989 1946 1044 1977; x_wconf 88' lang='lat'>35.</span> <span class='ocrx_word' id='word_1_321' title='bbox 1071 1945 1179 1976; x_wconf 85' lang='lat' dir='ltr'>Oculos</span> <span class='ocrx_word' id='word_1_322' title='bbox 1198 1946 1389 1982; x_wconf 83' lang='lat' dir='ltr'>conscelerat,</span> <span class='ocrx_word' id='word_1_323' title='bbox 1412 1945 1466 1986; x_wconf 90' lang='lat' dir='ltr'>qui</span> <span class='ocrx_word' id='word_1_324' title='bbox 1488 1945 1609 1977; x_wconf 84' lang='lat' dir='ltr'>facinus</span> 
     </span>
     <span class='ocr_line' id='line_1_51' title="bbox 947 1993 1611 2035; baseline 0.002 -11"><span class='ocrx_word' id='word_1_325' title='bbox 947 1993 1075 2035; x_wconf 83' lang='lat' dir='ltr'>aliquod</span> <span class='ocrx_word' id='word_1_326' title='bbox 1090 1993 1223 2024; x_wconf 89' lang='lat' dir='ltr'>libenter</span> <span class='ocrx_word' id='word_1_327' title='bbox 1238 1999 1370 2035; x_wconf 80' lang='lat' dir='ltr'>spectat.</span> <span class='ocrx_word' id='word_1_328' title='bbox 1401 1993 1452 2023; x_wconf 85' lang='lat' dir='ltr'>Sic</span> <span class='ocrx_word' id='word_1_329' title='bbox 1466 1995 1611 2025; x_wconf 84' lang='lat' dir='ltr'>scelerare</span> 
     </span>
     <span class='ocr_line' id='line_1_52' title="bbox 946 2042 1610 2084; baseline 0.002 -12"><span class='ocrx_word' id='word_1_330' title='bbox 946 2054 1052 2073; x_wconf 73' lang='lat' dir='ltr'>marrus</span> <span class='ocrx_word' id='word_1_331' title='bbox 1065 2042 1150 2084; x_wconf 83' lang='lat' dir='ltr'>apud</span> <span class='ocrx_word' id='word_1_332' title='bbox 1165 2042 1345 2083; x_wconf 84' lang='lat' dir='ltr'>Virgilium,</span> <span class='ocrx_word' id='word_1_333' title='bbox 1361 2043 1435 2074; x_wconf 80' lang='lat' dir='ltr'>AEn.</span> <span class='ocrx_word' id='word_1_334' title='bbox 1450 2042 1494 2074; x_wconf 89' lang='lat' dir='ltr'>iii.</span> <span class='ocrx_word' id='word_1_335' title='bbox 1509 2043 1562 2073; x_wconf 87' lang='lat'>42.</span> <span class='ocrx_word' id='word_1_336' title='bbox 1577 2048 1610 2074; x_wconf 91' lang='lat' dir='ltr'>et</span> 
     </span>
     <span class='ocr_line' id='line_1_53' title="bbox 949 2091 1610 2133; baseline 0.002 -11"><span class='ocrx_word' id='word_1_337' title='bbox 949 2093 1146 2122; x_wconf 78' lang='lat' dir='ltr'>conscelera-re</span> <span class='ocrx_word' id='word_1_338' title='bbox 1161 2103 1248 2122; x_wconf 80' lang='lat' dir='ltr'>aures</span> <span class='ocrx_word' id='word_1_339' title='bbox 1264 2092 1348 2133; x_wconf 87' lang='lat' dir='ltr'>apud</span> <span class='ocrx_word' id='word_1_340' title='bbox 1371 2092 1506 2128; x_wconf 87' lang='lat' dir='ltr'>Livium,</span> <span class='ocrx_word' id='word_1_341' title='bbox 1521 2091 1564 2122; x_wconf 82' lang='lat' dir='ltr'>xl.</span> <span class='ocrx_word' id='word_1_342' title='bbox 1580 2094 1610 2123; x_wconf 91' lang='lat'>8.</span> 
     </span>
     <span class='ocr_line' id='line_1_54' title="bbox 950 2140 1609 2177; baseline 0.002 -6"><span class='ocrx_word' id='word_1_343' title='bbox 950 2141 1109 2171; x_wconf 71' lang='lat' dir='ltr'>Exhortor.</span> <span class='ocrx_word' id='word_1_344' title='bbox 1142 2140 1193 2171; x_wconf 88' lang='lat' dir='ltr'>Sic</span> <span class='ocrx_word' id='word_1_345' title='bbox 1221 2141 1337 2171; x_wconf 79' lang='lat' dir='ltr'>hortari</span> <span class='ocrx_word' id='word_1_346' title='bbox 1363 2152 1461 2177; x_wconf 86' lang='lat' dir='ltr'>canes,</span> <span class='ocrx_word' id='word_1_347' title='bbox 1483 2152 1514 2172; x_wconf 87' lang='lat' dir='ltr'>x.</span> <span class='ocrx_word' id='word_1_348' title='bbox 1536 2142 1609 2172; x_wconf 86' lang='lat'>536.</span> 
     </span>
     <span class='ocr_line' id='line_1_55' title="bbox 951 2189 1610 2232; baseline -0.002 -12"><span class='ocrx_word' id='word_1_349' title='bbox 951 2190 1140 2232; x_wconf 81' lang='lat' dir='ltr'>Terrigenas,</span> <span class='ocrx_word' id='word_1_350' title='bbox 1154 2200 1172 2220; x_wconf 86' lang='lat' dir='ltr'>e</span> <span class='ocrx_word' id='word_1_351' title='bbox 1189 2195 1270 2220; x_wconf 83' lang='lat' dir='ltr'>terra</span> <span class='ocrx_word' id='word_1_352' title='bbox 1290 2196 1389 2221; x_wconf 86' lang='lat' dir='ltr'>natos.</span> <span class='ocrx_word' id='word_1_353' title='bbox 1434 2189 1610 2230; x_wconf 80' lang='lat' dir='ltr'>Insopitum,</span> 
     </span>
     <span class='ocr_line' id='line_1_56' title="bbox 948 2237 1608 2281; baseline 0.002 -12"><span class='ocrx_word' id='word_1_354' title='bbox 948 2238 1129 2281; x_wconf 87' lang='lat' dir='ltr'>pervigilem</span> <span class='ocrx_word' id='word_1_355' title='bbox 1145 2250 1151 2268; x_wconf 91' lang='lat'>:</span> <span class='ocrx_word' id='word_1_356' title='bbox 1200 2237 1378 2279; x_wconf 88' lang='lat' dir='ltr'>Euripides,</span> <span class='ocrx_word' id='word_1_357' title='bbox 1414 2239 1502 2269; x_wconf 89' lang='lat' dir='ltr'>Med.</span> <span class='ocrx_word' id='word_1_358' title='bbox 1531 2240 1608 2270; x_wconf 86' lang='lat'>481.</span> 
     </span>
     <span class='ocr_line' id='line_1_57' title="bbox 948 2287 1610 2329; baseline 0 -10"><span class='ocrx_word' id='word_1_359' title='bbox 948 2287 1092 2319; x_wconf 78' lang='grc' dir='ltr'><strong>ἄϋπνον.</strong></span> <span class='ocrx_word' id='word_1_360' title='bbox 1138 2288 1317 2324; x_wconf 83' lang='lat' dir='ltr'>Draconem,</span> <span class='ocrx_word' id='word_1_361' title='bbox 1332 2288 1386 2329; x_wconf 90' lang='lat' dir='ltr'>qui</span> <span class='ocrx_word' id='word_1_362' title='bbox 1402 2288 1508 2318; x_wconf 80' lang='lat' dir='ltr'>multis</span> <span class='ocrx_word' id='word_1_363' title='bbox 1522 2288 1610 2320; x_wconf 89' lang='lat' dir='ltr'>volu-</span> 
     </span>
     <span class='ocr_line' id='line_1_58' title="bbox 949 2336 1609 2368; baseline 0 0"><span class='ocrx_word' id='word_1_364' title='bbox 949 2337 1084 2368; x_wconf 88' lang='lat' dir='ltr'>minibus</span> <span class='ocrx_word' id='word_1_365' title='bbox 1099 2337 1244 2368; x_wconf 84' lang='lat' dir='ltr'>servabat</span> <span class='ocrx_word' id='word_1_366' title='bbox 1265 2347 1393 2368; x_wconf 87' lang='lat' dir='ltr'>aureum</span> <span class='ocrx_word' id='word_1_367' title='bbox 1408 2336 1520 2368; x_wconf 89' lang='lat' dir='ltr'>vellus.</span> <span class='ocrx_word' id='word_1_368' title='bbox 1566 2337 1609 2368; x_wconf 78' lang='lat' dir='ltr'>Di</span> 
     </span>
     <span class='ocr_line' id='line_1_59' title="bbox 949 2384 1611 2422; baseline 0 -6"><span class='ocrx_word' id='word_1_369' title='bbox 949 2387 1085 2422; x_wconf 80' lang='lat' dir='ltr'>meliora,</span> <span class='ocrx_word' id='word_1_370' title='bbox 1104 2385 1303 2417; x_wconf 80' lang='lat' dir='ltr'>abominandi</span> <span class='ocrx_word' id='word_1_371' title='bbox 1322 2391 1354 2417; x_wconf 83' lang='lat' dir='ltr'>et</span> <span class='ocrx_word' id='word_1_372' title='bbox 1377 2384 1536 2417; x_wconf 89' lang='lat' dir='ltr'>avertendi</span> <span class='ocrx_word' id='word_1_373' title='bbox 1550 2385 1611 2416; x_wconf 89' lang='lat' dir='ltr'>for-</span> 
     </span>
     <span class='ocr_line' id='line_1_60' title="bbox 949 2434 1610 2477; baseline -0.002 -11"><span class='ocrx_word' id='word_1_374' title='bbox 949 2436 1046 2466; x_wconf 87' lang='lat' dir='ltr'>mula.</span> <span class='ocrx_word' id='word_1_375' title='bbox 1069 2435 1210 2466; x_wconf 84' lang='lat' dir='ltr'>Brisson.</span> <span class='ocrx_word' id='word_1_376' title='bbox 1234 2435 1336 2465; x_wconf 89' lang='lat' dir='ltr'>Form.</span> <span class='ocrx_word' id='word_1_377' title='bbox 1353 2435 1374 2466; x_wconf 92' lang='lat' dir='ltr'>i.</span> <span class='ocrx_word' id='word_1_378' title='bbox 1393 2446 1427 2477; x_wconf 90' lang='lat' dir='ltr'>p.</span> <span class='ocrx_word' id='word_1_379' title='bbox 1441 2436 1496 2466; x_wconf 87' lang='grc'>94.</span> <span class='ocrx_word' id='word_1_380' title='bbox 1541 2434 1610 2466; x_wconf 88' lang='lat' dir='ltr'>Ad-</span> 
     </span>
     <span class='ocr_line' id='line_1_61' title="bbox 948 2484 1610 2526; baseline -0.002 -11"><span class='ocrx_word' id='word_1_381' title='bbox 948 2485 1031 2516; x_wconf 88' lang='lat' dir='ltr'>ditur</span> <span class='ocrx_word' id='word_1_382' title='bbox 1046 2485 1105 2516; x_wconf 88' lang='lat' dir='ltr'>hoc</span> <span class='ocrx_word' id='word_1_383' title='bbox 1122 2485 1190 2515; x_wconf 91' lang='lat' dir='ltr'>loco</span> <span class='ocrx_word' id='word_1_384' title='bbox 1205 2486 1312 2520; x_wconf 75' lang='lat' dir='ltr'>velint,</span> <span class='ocrx_word' id='word_1_385' title='bbox 1329 2484 1412 2526; x_wconf 86' lang='lat' dir='ltr'>quod</span> <span class='ocrx_word' id='word_1_386' title='bbox 1427 2484 1610 2526; x_wconf 85' lang='lat' dir='ltr'>plerumque</span> 
     </span>
     <span class='ocr_line' id='line_1_62' title="bbox 949 2533 1608 2575; baseline 0 -12"><span class='ocrx_word' id='word_1_387' title='bbox 949 2533 1107 2565; x_wconf 84' lang='lat' dir='ltr'>reticetur.</span> <span class='ocrx_word' id='word_1_388' title='bbox 1139 2534 1330 2570; x_wconf 74' lang='lat' dir='ltr'>Prodamne5</span> <span class='ocrx_word' id='word_1_389' title='bbox 1354 2543 1466 2575; x_wconf 88' lang='lat' dir='ltr'>nempe</span> <span class='ocrx_word' id='word_1_390' title='bbox 1481 2543 1608 2574; x_wconf 88' lang='lat' dir='ltr'>respon-</span> 
     </span>
     <span class='ocr_line' id='line_1_63' title="bbox 949 2584 1606 2623; baseline -0.002 -10"><span class='ocrx_word' id='word_1_391' title='bbox 949 2593 1018 2613; x_wconf 89' lang='lat' dir='ltr'>sum</span> <span class='ocrx_word' id='word_1_392' title='bbox 1050 2588 1116 2614; x_wconf 88' lang='lat' dir='ltr'>erat</span> <span class='ocrx_word' id='word_1_393' title='bbox 1145 2584 1261 2619; x_wconf 81' lang='lat' dir='ltr'>AEetae‚</span> <span class='ocrx_word' id='word_1_394' title='bbox 1291 2592 1362 2613; x_wconf 90' lang='lat' dir='ltr'>eum</span> <span class='ocrx_word' id='word_1_395' title='bbox 1395 2587 1606 2623; x_wconf 86' lang='lat' dir='ltr'>regnaturum,</span> 
     </span>
     <span class='ocr_line' id='line_1_64' title="bbox 948 2630 1608 2674; baseline -0.005 -11"><span class='ocrx_word' id='word_1_396' title='bbox 948 2632 1098 2674; x_wconf 85' lang='lat' dir='ltr'>quamdiu</span> <span class='ocrx_word' id='word_1_397' title='bbox 1113 2631 1212 2662; x_wconf 89' lang='lat' dir='ltr'>vellus</span> <span class='ocrx_word' id='word_1_398' title='bbox 1228 2642 1354 2662; x_wconf 88' lang='lat' dir='ltr'>aureum</span> <span class='ocrx_word' id='word_1_399' title='bbox 1368 2636 1484 2663; x_wconf 88' lang='lat' dir='ltr'>teneat.</span> <span class='ocrx_word' id='word_1_400' title='bbox 1527 2630 1608 2668; x_wconf 83' lang='lat' dir='ltr'>Qui-</span> 
     </span>
     <span class='ocr_line' id='line_1_65' title="bbox 948 2680 1609 2721; baseline -0.003 -9"><span class='ocrx_word' id='word_1_401' title='bbox 948 2681 1020 2712; x_wconf 87' lang='lat' dir='ltr'>dam</span> <span class='ocrx_word' id='word_1_402' title='bbox 1037 2681 1214 2716; x_wconf 81' lang='lat' dir='ltr'>Perdamne,</span> <span class='ocrx_word' id='word_1_403' title='bbox 1230 2680 1313 2721; x_wconf 83' lang='lat' dir='ltr'>quud</span> <span class='ocrx_word' id='word_1_404' title='bbox 1329 2691 1403 2712; x_wconf 85' lang='lat' dir='ltr'>sane</span> <span class='ocrx_word' id='word_1_405' title='bbox 1422 2680 1534 2712; x_wconf 85' lang='lat' dir='ltr'>melius</span> <span class='ocrx_word' id='word_1_406' title='bbox 1553 2690 1609 2721; x_wconf 88' lang='lat' dir='ltr'>op-</span> 
     </span>
     <span class='ocr_line' id='line_1_66' title="bbox 949 2730 1325 2771; baseline -0.005 -10"><span class='ocrx_word' id='word_1_407' title='bbox 949 2730 1070 2771; x_wconf 86' lang='lat' dir='ltr'>ponitur</span> <span class='ocrx_word' id='word_1_408' title='bbox 1085 2730 1132 2771; x_wconf 79' lang='grc' dir='ltr'><em>τῷ</em></span> <span class='ocrx_word' id='word_1_409' title='bbox 1147 2731 1325 2760; x_wconf 74' lang='lat' dir='ltr'>servabitur.</span> 
     </span>
    </p>
   </div>
  </div>
 </body>
</html>
