1763 3181
403 181 1025 225 METAMORPHOSEON
1059 181 1178 222 LIB.
1202 181 1284 223 IV.

1451 183 1535 225 321

155 299 387 362 Occupat
410 314 662 353 aversu1n3
704 313 800 344 neu
826 313 956 344 saeva
980 303 1266 360 retorqueat
1292 313 1391 353 ora,
1444 301 1538 346 715

155 376 494 439 Squamigeris
520 374 689 422 avidos
714 374 823 440 figit
847 374 1121 421 cervicibus
1142 391 1362 437 ungues:

154 453 238 500 Sic
264 453 411 500 celeri
436 453 606 499 fissum
631 468 854 516 praeceps
881 469 969 515 per
993 453 1138 499 inane
1162 453 1328 499 volatu

151 530 312 592 Terga
335 529 450 577 ferae
476 529 683 593 pressit3
724 529 1004 592 dextroque
1029 529 1284 577 frementis
1312 529 1360 575 in
1386 545 1521 577 armo

152 606 418 654 Inachides
443 606 625 653 ferrum
650 622 798 653 curvo
822 613 966 653 tenus
993 607 1184 664 abdidit
1207 606 1370 653 hamo.

153 683 368 731 Vulnere
392 684 512 730 laesa
531 684 666 746 gravi
691 683 837 730 modo
863 699 916 730 se
942 684 1167 730 sublimis
1192 683 1241 729 in
1265 699 1408 731 auras
1446 687 1542 731 720

151 759 378 818 Attollit3
419 761 565 808 modo
591 761 760 808 subdit
785 761 955 824 aquis3
996 761 1144 808 modo
1171 777 1305 808 more
1330 760 1507 808 ferocis

151 837 331 886 Versat
355 839 476 903 apri,
498 855 648 902 quem
673 839 819 885 turba
838 854 1017 885 canum
1039 839 1349 886 circumsona
1368 845 1536 886 terret.

154 914 246 962 Ille
272 916 440 963 avidos
466 932 657 963 morsus
682 915 937 963 velocibus
964 915 1137 978 effugit
1162 915 1252 963 alis
1273 933 1283 963 ε

153 992 365 1057 Quaque
412 1000 600 1057 patent,
641 1009 770 1040 nunc
816 1000 958 1056 terga
1003 993 1137 1040 cavis
1181 1010 1330 1058 super
1377 994 1542 1042 obsita

352 1070 572 1126 conchis,

1445 1075 1538 1119 724

154 1147 301 1196 Nunc
326 1149 536 1196 laterum
557 1154 737 1205 costas,
764 1164 894 1195 nunc
921 1163 1022 1211 qua
1046 1148 1339 1196 tenuissima
1362 1150 1522 1197 cauda

152 1225 352 1274 Desinit
376 1225 425 1272 in
451 1226 657 1290 piscem,
685 1225 864 1272 falcato
885 1226 1112 1273 verberat
1136 1241 1273 1273 ense.

155 1303 334 1350 Bellua
357 1304 582 1367 poeniceo
608 1302 790 1350 mixtos
817 1318 931 1349 cum
957 1303 1198 1365 sanguine
1221 1303 1402 1351 fluctus

156 1380 258 1428 Ore
275 1380 455 1428 vomit:
496 1380 731 1428 maduere
756 1396 931 1443 graves
957 1380 1220 1444 aspergine
1243 1396 1447 1444 pennae;

154 1456 263 1505 Nec
288 1457 472 1506 bibulis
499 1458 629 1505 ultra
654 1457 870 1505 Perseus
892 1457 1132 1505 talaribus
1158 1473 1308 1505 ausus

1449 1461 1543 1506 729

156 1534 393 1591 Credere,
421 1535 685 1599 conspexit
710 1535 1002 1598 scopulum3
1033 1533 1118 1597 qui
1143 1534 1326 1582 vertice
1352 1551 1544 1582 summo

156 1611 414 1660 Stantibus
441 1613 547 1659 exit
570 1611 729 1675 aquis,
753 1611 973 1675 operitur
998 1611 1060 1658 ab
1086 1626 1286 1673 aequore
1310 1618 1459 1659 moto.

153 1689 316 1737 Nixus
342 1706 417 1746 eo,
445 1690 684 1754 rupisque
709 1696 884 1737 tenens
904 1690 1028 1751 juga
1052 1688 1212 1752 prima
1236 1688 1450 1744 sinistra,

194 1857 268 1888 717.
300 1856 417 1888 Fissum
443 1857 598 1897 praeceps]
637 1857 771 1888 Lenzius
799 1869 815 1888 e

152 1905 243 1936 variis
253 1904 440 1936 lectionibus
450 1905 573 1947 praefert
584 1908 687 1937 missas
695 1917 815 1946 praepes,

151 1954 282 1991 scilicet,
296 1954 439 1986 Perseus.
463 1955 536 1985 Non
547 1954 705 1986 assentior.
728 1955 816 1986 Male

151 2002 234 2035 enim
255 2003 339 2034 idem
356 2014 423 2034 voc.
438 2003 471 2034 in
487 2003 625 2045 prothesi
640 2009 672 2034 et
686 2004 719 2034 in
741 2014 815 2046 apo-

152 2052 219 2084 dosi
233 2052 369 2095 ponitur,
384 2060 420 2083 ut
435 2053 518 2085 Jovis
530 2056 726 2094 praepes—sic
740 2065 817 2093 prte-

150 2113 211 2141 pes.
257 2102 385 2138 Contra,
405 2114 534 2143 prceceps
554 2103 634 2134 bene
658 2103 696 2134 de
722 2103 817 2134 celeri

153 2150 316 2182 descensu.
337 2152 445 2183 Valer.
456 2151 544 2184 Flac.
555 2152 597 2183 iv.
608 2153 682 2184 682.
690 2164 818 2192 praeceps

152 2211 186 2230 ea:
199 2201 305 2231 aethere
317 2200 423 2231 Pallas
438 2200 542 2232 Insilit
556 2204 698 2242 scopulos.
727 2203 816 2232 Pres-

152 2252 201 2286 sit,
212 2249 375 2287 transfixit,
388 2256 443 2281 aut
456 2251 558 2292 petiit.
605 2251 656 2282 Sic
666 2252 816 2293 jugulum

149 2310 292 2339 premere,
312 2298 395 2330 Plin.
417 2300 446 2331 Ι.
469 2301 529 2341 Ep.
552 2312 606 2331 xx.
624 2301 674 2331 14.
719 2300 817 2331 Inane

150 2347 231 2379 dixit
253 2358 327 2379 aera
351 2359 422 2380 cum
446 2349 591 2381 Lucretio
614 2354 645 2381 et
669 2349 816 2391 Virgilio.

152 2397 322 2434 Inachides,
333 2398 476 2434 Perseus,
486 2398 623 2440 Argivus
634 2400 673 2430 ab
687 2399 818 2434 Inacho,

152 2446 341 2488 Argivorum
348 2459 432 2489 rege.
455 2449 569 2480 Abdere
570 2449 708 2491 ferrum,
716 2455 751 2480 ut
762 2449 819 2479 ali-

152 2496 184 2527 bi
194 2499 329 2528 condere.
354 2498 468 2528 Hamo:
481 2509 511 2530 v.
523 2499 576 2529 80.
586 2500 725 2529 hamatus
734 2501 819 2530 ensis.

196 2547 270 2577 721.
301 2547 392 2579 DIodo
420 2559 508 2584 more,
535 2549 613 2589 etc.]
648 2548 733 2579 Plin.
759 2549 818 2579 IX.

155 2594 246 2636 epist.
262 2595 350 2626 xxiii.
375 2598 413 2627 5:
439 2598 537 2633 exilit,
557 2599 717 2639 mergitur,
737 2599 817 2628 vari-

153 2655 236 2685 osque
253 2647 333 2677 orbes
352 2647 513 2686 implicitat
529 2649 701 2688 expetiitque
710 2659 722 2685 ;
746 2658 817 2678 con-

153 2694 200 2725 fer
220 2694 350 2726 Homer.
375 2695 470 2727 Iliad.
495 2701 543 2728 M.
566 2697 604 2727 41
629 2707 697 2738 sqq.
747 2697 818 2727 Ver-

153 2750 209 2780 sat,
233 2743 353 2777 scilicet
377 2756 421 2781 se,
449 2751 482 2777 ut
506 2758 589 2788 soepe
615 2748 729 2777 volvere
752 2757 818 2787 pro,

883 1857 1005 1888 volvere
1035 1867 1079 1892 se,
1105 1855 1188 1897 apud
1218 1854 1306 1885 alios.
1354 1855 1404 1886 De
1431 1857 1548 1886 conchis

883 1905 945 1937 illis
962 1905 1034 1936 vide
1057 1905 1097 1936 ad
1110 1905 1133 1935 i.
1149 1905 1224 1936 333.
1271 1904 1340 1939 Qua
1350 1911 1468 1945 patent,
1484 1916 1546 1946 qua

884 1955 1012 1986 conchae
1029 1955 1134 1986 nullse.
1167 1954 1318 1990 Verberat,
1335 1953 1439 1985 caedit.
1475 1955 1548 1984 Fal-

884 2012 970 2035 catus
990 2007 1077 2040 ensis,
1093 2015 1208 2036 curvus
1229 2003 1354 2044 gladius
1368 2003 1400 2034 in
1421 2003 1547 2034 modum

885 2053 986 2090 falcis,
998 2053 1105 2096 harpe,
1117 2063 1211 2095 quam
1222 2053 1353 2084 Perseus
1365 2053 1415 2084 vel
1429 2052 1549 2083 invenit

886 2103 990 2144 (Serv.
1014 2103 1053 2134 ad
1068 2102 1156 2144 Virg.
1172 2101 1303 2132 AEneid.
1328 2101 1371 2132 ix.
1391 2101 1482 2142 505.)
1498 2102 1547 2132 vel

886 2163 904 2183 a
917 2152 1075 2184 Mercurio
1091 2151 1277 2194 (Apollod.)
1294 2157 1348 2182 aut
1371 2162 1390 2182 a
1404 2152 1548 2183 Vulcano

886 2202 1023 2244 (Hygin.
1041 2203 1078 2232 P.
1090 2202 1131 2233 A.
1147 2202 1179 2232 ii.
1198 2201 1264 2241 12.)
1281 2200 1418 2242 accepit.

929 2252 1002 2283 727.
1026 2251 1138 2282 Bellua
1149 2253 1290 2291 poeniceO,
1304 2250 1383 2290 etc.]
1415 2250 1548 2287 Plinius,

885 2300 944 2332 IX.
959 2300 1004 2332 iv.
1021 2302 1040 2332 3
1055 2313 1061 2331 :
1089 2301 1234 2340 Plzyseter
1251 2301 1383 2341 ingentis
1405 2301 1549 2330 columnae

884 2353 968 2382 modo
995 2362 1023 2381 se
1061 2351 1201 2381 attollens
1227 2351 1371 2380 diluviem
1399 2351 1549 2390 quandam

887 2407 1017 2431 eructat.
1064 2399 1213 2430 Maduere
1230 2410 1348 2441 graves,
1363 2398 1497 2429 madidae
1520 2403 1550 2429 et

887 2458 998 2491 graves
1012 2448 1103 2480 factae
1120 2453 1205 2479 sunt.
1237 2448 1364 2478 Talaria
1379 2447 1434 2478 illa
1444 2447 1549 2478 Schol.

887 2500 1003 2531 Juven.
1019 2498 1060 2530 ad
1083 2499 1150 2529 Sat.
1164 2497 1211 2528 iii.
1228 2498 1299 2528 117.
1313 2500 1421 2537 pinnas
1442 2498 1551 2527 talares

886 2553 996 2586 vocat3
1029 2548 1107 2578 Stat.
1132 2547 1153 2578 i.
1177 2546 1276 2577 Theb.
1299 2546 1374 2577 304.
1396 2547 1552 2585 plantares

886 2599 964 2628 alas.
1010 2598 1077 2628 Stat
1091 2607 1188 2632 mare,
1203 2595 1330 2638 quando
1348 2595 1458 2626 leviter
1477 2606 1548 2626 suc-

888 2647 1015 2684 cutitur,
1039 2658 1097 2678 nec
1121 2647 1194 2683 huc,
1215 2656 1271 2677 nec
1298 2645 1374 2676 illuc
1400 2644 1549 2687 impetum

887 2697 982 2738 capit.
1014 2696 1124 2727 Senec.
1140 2696 1182 2726 N.
1199 2696 1239 2732 Q.
1256 2707 1284 2726 v.
1302 2705 1347 2736 pr.
1396 2695 1466 2724 Erit
1486 2694 1549 2725 ele-

887 2745 1023 2786 gantius,
1039 2756 1132 2786 quain
1148 2750 1240 2775 emat.
