1763 3181
407 167 1023 210 METAMORPHOSEON
1056 168 1175 210 LIB.
1210 167 1315 209 VII.

1445 167 1530 208 439

153 282 398 330 Mirantur
415 282 617 340 Colchi;
649 282 837 346 Minyae
862 283 1157 330 clamoribus
1183 283 1405 346 implent,
1434 285 1524 328 120

151 358 509 422 Adjiciuntque
529 360 716 407 animos
738 377 747 407 ε
788 361 930 422 galea
953 368 1059 407 tum
1085 361 1233 407 sumit
1258 361 1416 407 ahena

150 436 389 500 Vipereos
414 436 616 493 dentes3
658 444 708 484 et
732 445 893 485 aratos
919 438 1106 502 spargit
1130 438 1179 484 in
1204 454 1365 499 agros.

151 512 353 560 Semina
372 513 530 560 mollit
550 513 743 570 humus,
769 514 930 561 valido
955 514 1215 578 praetincta
1238 529 1424 560 veneno
1442 530 1453 567 3

151 589 218 637 Et
241 596 486 645 crescunt,
508 589 732 652 fiuntque
757 591 850 637 sati
875 607 1000 638 nova
1022 607 1228 654 corpora
1251 591 1443 637 dentes,

151 667 324 730 thue
343 666 555 714 hominis
574 668 790 730 speciem
806 658 1028 715 materna
1042 668 1191 715 sumit
1207 668 1257 714 in
1277 667 1401 721 alvo,
1434 667 1523 712 125

149 744 349 807 {ferque
373 760 488 791 suos
513 744 644 791 intus
669 761 898 792 numeros
924 745 1236 809 componitur
1260 743 1449 798 infans;

148 821 195 869 N
201 837 257 869 ec
281 821 375 868 nisi
398 828 619 868 maturus
644 838 931 870 communes
957 823 1062 870 exit
1086 823 1134 868 in
1159 837 1302 869 auras
1325 837 1334 868 :

150 898 233 946 Sic
258 898 342 946 ubi
367 898 636 946 visceribus
662 899 873 961 gravidae
898 899 1087 947 telluris
1113 899 1275 961 imago

148 975 342 1023 Effecta
365 982 442 1023 est
460 975 686 1032 hominis,
712 975 830 1023 foeto
855 976 1109 1038 consurgit
1132 976 1180 1022 in
1207 991 1347 1031 arvo3

147 1052 394 1116 Quodque
419 1052 576 1115 magis
601 1051 793 1107 mirum,
812 1053 956 1098 simul
975 1053 1108 1099 edita
1125 1051 1346 1099 concutit
1369 1064 1519 1097 arma.

147 1129 285 1185 Quos
309 1129 395 1177 ubi
417 1130 645 1177 viderunt
668 1137 930 1193 praeacutae
957 1129 1177 1194 cuspidis
1202 1129 1368 1175 hastas
1431 1128 1518 1173 131

146 1207 207 1254 In
231 1214 383 1271 caput
409 1206 652 1255 Haemonii
670 1207 866 1270 juvenis
891 1214 1123 1270 torquere
1148 1213 1374 1269 paratos;

145 1285 404 1333 Demisere
428 1291 563 1331 metu
587 1284 876 1347 vultumque
902 1285 1221 1346 animumque
1247 1280 1464 1343 Pelasgi.

145 1362 264 1425 Ipsa
288 1377 488 1425 quoque
513 1360 757 1417 extimuit,
785 1376 895 1423 quae
920 1367 1086 1407 tutum·
1100 1360 1285 1407 fecerat
1306 1359 1445 1405 illum
1466 1373 1476 1403 ε

147 1438 318 1502 thue
336 1437 439 1502 peti
457 1438 693 1500 juvenem
717 1444 792 1484 tot
815 1436 936 1484 vidit
959 1437 1021 1484 ab
1046 1436 1270 1484 hostibus
1296 1451 1464 1488 unum,

190 1589 261 1620 120.
272 1588 457 1619 clamoribus
471 1588 606 1627 implens
620 1597 731 1628 nempe
744 1587 764 1618 J
767 1597 799 1618 a—

144 1648 249 1669 sonem
263 1637 302 1668 de
317 1636 456 1678 repetitis
472 1636 658 1667 clamoribus
672 1635 799 1666 hortan-

143 1686 222 1718 tium
248 1685 477 1728 accipiendum.
521 1685 571 1715 Sic
600 1684 728 1715 excitati
753 1685 800 1715 di-

144 1742 256 1768 cuntur
281 1737 362 1776 pleni
383 1736 568 1765 hortantium
591 1735 718 1765 vocibus.
762 1734 801 1765 In

143 1797 177 1817 se
191 1792 296 1817 autem
310 1786 432 1825 implere
442 1784 505 1815 vim
518 1783 662 1815 hortandi
675 1784 799 1821 habere,

143 1836 227 1878 quod
245 1834 395 1866 Heinsius
412 1834 553 1876 putabat,
569 1843 630 1863 non
650 1832 753 1869 credo,
769 1839 800 1864 et

142 1885 175 1915 in
190 1883 266 1915 locis
280 1884 319 1914 ab
336 1883 403 1925 ipso
423 1882 577 1923 congestis
592 1880 717 1912 additur
732 1883 798 1912 hor-

145 1935 266 1970 tatibus,
280 1934 399 1968 animis,
416 1937 477 1962 etc.

162 2002 170 2004 ἡ
188 1984 262 2014 122.
283 1982 417 2021 Vipereos
435 1980 562 2021 dentes.]
581 1981 706 2011 Partem
722 1981 798 2012 den-

141 2032 220 2064 tium
242 2030 392 2073 serpentis
418 2030 513 2066 illius,
541 2040 633 2071 quem
659 2030 797 2062 Cadmus

140 2082 339 2113 interfecerat
360 2079 420 2122 (iii.
435 2080 497 2110 fab.
514 2079 558 2117 1.)
578 2080 680 2110 AEetae
701 2080 796 2111 dede-

141 2139 190 2163 rat
199 2131 354 2162 Minerva.
377 2130 525 2171 Apollon.
533 2129 578 2160 iii.
587 2130 600 2159 l
609 2130 621 2158 l
629 2130 668 2160 75
678 2141 686 2167 ;
698 2130 796 2171 Apol-

141 2180 204 2212 lod.
227 2180 259 2211 d.
273 2180 314 2218 1.;
336 2179 428 2210 Tzetz
452 2178 485 2209 in
507 2178 661 2219 Lycophr.
684 2189 716 2219 p.
740 2179 794 2209 36.

144 2229 322 2265 Proetincta,
330 2228 457 2264 infecta,
470 2227 621 2257 habentia
630 2238 796 2259 venenum.

142 2278 194 2309 De
229 2276 304 2308 satis
338 2277 385 2308 his
421 2276 596 2306 hominibus
632 2275 794 2317 Virgilius,

142 2329 257 2368 Georg.
281 2326 315 2357 ii.
334 2327 405 2356 142.
426 2325 584 2356 ornatius:
606 2326 700 2366 galeis
722 2328 794 2356 den-

140 2379 234 2417 sisque
248 2376 346 2406 υὶτιίπι
361 2386 437 2417 seges
452 2376 570 2405 horruit
585 2375 686 2405 hastis.

188 2426 261 2455 125.
291 2425 389 2465 thue
411 2425 536 2455 hominis
557 2426 690 2464 speciem,
713 2425 791 2465 etc.]

141 2472 318 2504 Similitudo
346 2473 448 2509 obvia,
470 2472 492 2503 i.
517 2474 590 2503 420.
625 2473 793 2509 Numeros,-

141 2522 214 2553 vide
235 2522 275 2553 ad
297 2523 320 2552 i.
344 2523 420 2553 428.
467 2522 673 2561 Componitur,
694 2522 794 2552 absol-

141 2572 233 2604 vitur.
269 2571 423 2608 Maturus,
433 2571 476 2602 ix.
490 2573 565 2603 282.
604 2572 772 2602 Communis
782 2583 794 2608 ;

142 2626 178 2651 ut
191 2620 214 2651 i.
231 2622 302 2652 135.
351 2620 467 2651 Viscera
481 2630 563 2662 saepe
578 2620 617 2651 de
631 2626 724 2656 terra,
740 2619 795 2650 sed

142 2670 201 2701 hoc
221 2670 290 2701 loco
310 2680 382 2701 cum
395 2668 437 2706 vi,
453 2670 528 2711 quia
542 2669 630 2700 liberi
645 2669 724 2700 inter
738 2671 794 2700 vis-

144 2730 212 2750 cera
232 2721 337 2750 matrt's
357 2718 478 2760 concipi
493 2718 653 2749 dicuntur:
679 2719 797 2748 Seneca

867 1586 907 1618 ad
932 1587 1027 1618 Helv.
1047 1587 1095 1618 16.
1142 1586 1245 1627 Imago
1268 1586 1402 1619 hominis,
1418 1583 1521 1614 homo.

868 1636 985 1678 Effecta
1001 1636 1074 1673 diei,
1087 1646 1155 1677 quae
1176 1635 1263 1676 quasi
1283 1633 1408 1665 artificis
1426 1642 1521 1662 manu

866 1686 1003 1727 perfecta
1017 1685 1078 1716 sint
1095 1691 1126 1716 et
1147 1685 1317 1720 elaborata,
1333 1681 1427 1714 tradit
1442 1682 1522 1712 Bur-

867 1746 1019 1773 mannus;
1045 1734 1159 1776 passim
1183 1734 1223 1764 de
1248 1740 1403 1764 structura
1425 1742 1522 1762 mem—

866 1785 988 1816 brorum
999 1784 1132 1826 corporis
1146 1784 1274 1814 humani
1289 1782 1433 1814 occurrit.
1455 1781 1521 1811 Foe-

868 1841 927 1870 tus,
943 1833 997 1875 qui
1018 1834 1109 1864 modo
1131 1833 1263 1875 peperit,
1284 1832 1394 1863 enixus
1416 1836 1473 1866 est,
1489 1835 1524 1861 ut

856 1884 939 1925 floeta
954 1884 1066 1923 vulpes,
1085 1883 1196 1913 Horat.
1212 1882 1277 1912 III.
1295 1880 1357 1912 Od.
1372 1879 1467 1910 xxvii.
1484 1880 1522 1917 4;

854 1933 943 1973 flrtae
964 1933 1093 1971 capellae,
1111 1931 1198 1972 Virg.
1212 1931 1281 1961 Ecl.
1304 1930 1325 1960 i.
1345 1931 1396 1960 50.
1445 1929 1522 1959 Con·

864 1984 973 2023 surgit,
989 1987 1023 2012 ut
1038 1982 1155 2023 planta,
1172 1991 1242 2022 quae
1258 1991 1379 2022 surgere
1394 1978 1520 2013 dicitur,

865 2042 961 2072 quum
984 2030 1149 2061 enascitur.
1197 2029 1349 2060 Concutit.
1371 2028 1465 2064 Vide,
1481 2026 1521 2058 ad

861 2080 881 2111 i.
901 2081 972 2110 143.

908 2130 979 2160 131.
1003 2128 1195 2168 Emeum]
1223 2128 1292 2158 Hoc
1306 2126 1417 2158 vocab.
1438 2125 1518 2155 mu]-

860 2178 900 2209 tis
920 2177 1156 2209 auctoritatibus
1177 2177 1338 2208 confirmat
1358 2175 1518 2206 Heinsius.

861 2227 957 2258 Amat
984 2227 1098 2257 Noster
1124 2225 1212 2261 talia,
1243 2232 1275 2257 ut
1311 2224 1519 2266 praefrigidus‚

857 2277 1035 2315 pmlustris,
1063 2274 1202 2310 illustris,
1227 2275 1394 2315 praesignis,
1423 2272 1519 2313 insig-

861 2324 920 2355 nis.
947 2325 1087 2354 Paratus.
1111 2322 1260 2353 Heinsius
1275 2320 1411 2353 Medicei
1427 2320 1519 2351 unius

862 2373 1045 2404 auctoritate
1075 2372 1195 2414 expulit
1230 2378 1396 2411 parantes;
1434 2369 1518 2411 quod

861 2422 986 2453 defendi
1022 2428 1126 2452 tamen
1164 2427 1267 2462 potest
1304 2431 1342 2451 ex
1370 2419 1414 2450 iii.
1447 2420 1518 2450 115.

864 2472 996 2501 Paratus
1011 2470 1133 2512 ponitur
1147 2470 1186 2500 de
1202 2469 1300 2500 milite
1314 2482 1320 2500 :
1346 2468 1410 2499 vid.
1428 2468 1516 2499 Grae-

862 2520 930 2551 vius
945 2520 985 2551 ad
1000 2519 1102 2551 Cicer.
1118 2518 1214 2550 Catil.
1229 2518 1272 2549 iii.
1287 2519 1316 2549 7.
1355 2518 1516 2553 Demisere,

862 2576 922 2601 etc.
966 2569 1048 2600 Vide
1074 2568 1114 2599 ad
1139 2568 1172 2599 ii.
1200 2568 1282 2598 601:
1317 2566 1420 2598 confer
1449 2566 1515 2596 He-

860 2618 939 2649 roid.
956 2617 1011 2649 xii.
1028 2618 1082 2648 97.
1126 2618 1257 2658 Pelasgi,
1277 2616 1396 2657 Minyae
1419 2614 1517 2646 Thes-

861 2667 930 2698 sali.
976 2666 1044 2705 Ipsa
1069 2677 1191 2707 quoque,
1216 2665 1344 2697 Medea.
1391 2664 1514 2699 Tutum,

863 2715 1051 2747 inviolabile.
