1763 3181
406 196 1025 240 METAMORPHOSEON
1058 195 1176 237 LIB.
1210 195 1266 236 V.
1445 194 1528 233 369

151 314 259 362 Nec
283 330 394 361 mea
418 329 496 361 me
520 313 672 361 facies
698 312 902 359 nimium
926 312 1126 359 laudata
1145 311 1379 374 juvabat3

151 392 363 455 Quaque
387 391 493 439 aliae
518 392 733 454 gaudere
759 391 935 446 solent,
963 406 1054 452 ego
1074 389 1257 436 rustica
1281 388 1396 435 dote

151 469 385 532 Corporis
410 468 599 525 erubui,
626 467 913 530 crimenque
938 467 1134 530 placere
1154 465 1340 529 putavi.

152 545 305 593 Lassa
327 545 621 601 revertebar,
644 543 863 600 memini,
890 542 1240 607 Stymphalide
1266 541 1412 588 silva:
1433 542 1529 587 585

151 622 319 669 AEstus
339 628 459 679 erat,
472 637 809 684 magnumque
824 621 963 668 labor
979 619 1311 683 geminaverat
1326 624 1527 673 aestum3

152 698 356 746 Invenio
381 699 487 746 sine
504 698 688 746 vortice
713 713 885 760 aquas,
913 697 1018 744 sine
1043 711 1290 742 murmure
1315 700 1507 749 euntes,

153 776 451 841 Perspicuas
476 776 590 831 imo,
618 791 706 839 per
731 790 856 838 quas
881 772 1202 821 numerabilis
1226 772 1325 819 alte

155 852 392 900 Calculus
417 852 576 900 omnis
596 858 728 908 erat3
765 867 888 913 quas
913 858 967 897 tu
991 850 1074 896 vix
1098 850 1167 896 ire
1191 855 1409 912 putares.

156 929 296 976 Cana
319 929 492 977 salicta
507 929 710 985 dabant,
727 927 1013 990 nutritaque
1031 926 1244 990 populus
1265 925 1412 980 unda,
1438 926 1533 971 590

157 1006 345 1070 Sponte
370 1023 460 1054 sua
483 1013 623 1054 natas
649 1005 768 1069 ripis
794 1004 1068 1051 declivibus
1094 1004 1310 1049 umbras.

154 1083 377 1139 Accessi,
404 1083 715 1148 primumque
739 1082 880 1146 pedis
904 1081 1115 1143 vestigia
1138 1080 1292 1137 tinxi3

156 1160 355 1225 Poplite
370 1160 550 1208 deinde
564 1167 709 1208 tenus
728 1178 737 1208 :
761 1176 925 1223 neque
941 1176 1000 1206 eo
1019 1165 1267 1213 contenta,
1285 1156 1533 1217 recingor3

158 1237 432 1301 Molliaque
457 1237 657 1301 impono
683 1237 820 1284 salici
843 1236 1089 1283 velamina
1113 1251 1272 1282 curvae
1295 1252 1304 1290 3
1417 1234 1537 1294 [que

158 1314 408 1378 Nudaque
426 1330 618 1377 mergor
634 1314 805 1377 aquis:
835 1330 959 1378 quas
985 1314 1103 1360 dum
1128 1312 1349 1374 ferioque
1373 1309 1535 1356 traho-

160 1390 301 1439 Mille
324 1391 483 1439 modis
503 1392 693 1448 labens,
714 1406 1028 1454 excussaque
1052 1388 1255 1437 brachia
1273 1389 1424 1451 jacto,
1443 1388 1538 1432 596

202 1565 276 1595 582.
298 1563 442 1601 Juvabat‚
462 1564 593 1595 laetabar
609 1571 641 1595 et
657 1565 814 1607 superbie-

160 1613 234 1643 bam
263 1613 354 1645 faeie.
408 1615 547 1650 Rustica,
574 1614 694 1645 scilicet
722 1625 816 1646 vena-

160 1661 230 1692 trix.
274 1662 424 1704 Simplex,
438 1663 579 1704 neglecto
599 1664 702 1694 formae
719 1664 816 1700 cultu,

161 1709 246 1752 quod
270 1711 338 1742 aliae
359 1710 417 1741 sibi
438 1711 557 1747 honori,
575 1711 635 1742 hoc
660 1711 735 1741 mihi
758 1711 815 1742 cri-

161 1758 238 1790 mini
255 1759 341 1797 duxi,
367 1766 400 1791 ut
415 1759 556 1797 formam,
572 1771 634 1802 qua
649 1760 817 1803 placerem,

163 1813 343 1840 astruerem.

206 1858 279 1889 585.
301 1858 506 1899 Stymphalide
526 1858 627 1899 silum]
653 1859 818 1900 Stympha-

162 1906 222 1943 lus,
247 1907 393 1939 Arcadiae
420 1908 454 1939 in
481 1908 708 1950 Peloponneso,
732 1918 821 1939 mons

163 1960 210 1987 est
226 1961 257 1987 et
272 1956 354 1987 urbs.

208 2006 282 2037 587.
304 2007 416 2046 Aquas,
441 2009 503 2038 sine
524 2017 702 2043 murmure5
726 2005 820 2037 etiam

167 2054 353 2091 Pausanias,
374 2067 405 2097 p.
426 2056 499 2087 390.
521 2056 560 2086 de
586 2055 702 2097 Alphei
728 2066 820 2097 aqua,

166 2103 265 2136 ἰδόντι
287 2102 430 2143 ἥδιστον.
473 2104 560 2135 Talis
584 2104 677 2145 igitur
695 2111 772 2140 erat,
787 2110 822 2135 ut

166 2153 206 2184 ad
218 2153 388 2184 lavandum
399 2153 556 2185 invitaret.
595 2153 686 2185 Conf.
700 2152 733 2183 ii.
743 2154 820 2191 4553

164 2202 211 2234 iii.
237 2203 317 2241 1613
338 2202 380 2233 iv.
403 2203 479 2233 297.
527 2203 672 2233 Murmur
700 2203 731 2233 iu
757 2201 822 2233 rivo

167 2251 293 2293 quidem
313 2251 429 2288 suavis,
445 2262 507 2282 non
525 2251 600 2282 item
617 2252 649 2281 in
668 2251 760 2282 fluvio
777 2252 821 2281 la-

166 2300 324 2331 vantibus.
371 2300 432 2337 Ire,
457 2301 565 2336 fluere,
592 2300 668 2331 labi.
702 2300 820 2340 Perspi-

168 2361 238 2380 cuas
255 2352 323 2381 imo.
360 2349 474 2380 Confer
496 2349 664 2380 Claudian.
679 2349 775 2390 Rapt.
790 2349 822 2379 ii.

170 2400 230 2429 114
251 2409 339 2439 sqq.;
362 2398 444 2429 Plin.
460 2399 556 2430 VIII.
580 2399 638 2440 Ep.
654 2398 720 2428 viii.
738 2400 768 2428 2.
784 2398 822 2429 de

168 2447 318 2479 Clitumni
344 2447 438 2484 fonte,
458 2459 555 2488 pirrus
579 2455 607 2478 et
636 2450 759 2483 vitreus,
788 2454 823 2477 ut

169 2500 435 2537 numerarejactas
449 2501 534 2537 stipes
545 2504 572 2528 et
585 2498 747 2528 relucentes
760 2498 822 2527 cal-

168 2548 248 2577 culos
262 2548 359 2586 possis.

212 2597 286 2627 590.
308 2595 420 2636 Garun]
447 2595 575 2626 Plenius
595 2597 623 2626 V
627 2595 684 2636 irg.
711 2596 824 2636 Georg.

169 2645 201 2676 ii.
219 2646 267 2675 13.
290 2645 401 2686 glauca
422 2647 561 2675 canentia
576 2644 693 2686 ji'onde
707 2646 824 2675 salicta.

172 2694 304 2732 Populus
336 2693 428 2735 juxta
463 2693 572 2725 fluvios
608 2693 824 2735 pulcherrima.

171 2742 270 2780 Idem,
285 2742 353 2774 Ecl.
368 2742 422 2774 vii.
435 2743 487 2774 66.
532 2743 563 2773 Si
584 2744 656 2782 ripis
679 2753 750 2773 cum
771 2745 824 2773 ‹la-

884 1566 954 1595 bant
971 1561 1143 1604 conjungis,
1160 1559 1327 1591 dicendum
1343 1563 1400 1595 est,
1413 1561 1539 1599 poetam

884 1615 921 1645 τὸ
936 1620 1023 1643 natas
1037 1611 1177 1643 retulisse
1190 1610 1230 1640 ad
1246 1609 1381 1645 umbras,
1393 1606 1476 1648 quod
1491 1617 1540 1648 pr.

885 1662 925 1693 ad
940 1663 1063 1692 arbores
1078 1659 1271 1691 referendum
1285 1662 1361 1689 erat.
1397 1656 1447 1686 Sic
1463 1656 1541 1687 Gla-

885 1721 970 1742 rean.
1014 1708 1119 1740 Possis
1139 1714 1242 1740 tamen
1263 1714 1351 1737 natas
1371 1707 1444 1745 ripis
1467 1714 1540 1734 con-

881 1760 1026 1802 jungere,
1042 1763 1136 1799 atque
1152 1755 1356 1797 interpretari,
1372 1752 1540 1784 inservien-

886 1814 932 1840 tes
960 1807 1043 1849 ripis.
1099 1807 1199 1848 Supra
1227 1815 1315 1835 versu
1341 1804 1415 1834 561.
1452 1812 1542 1832 canor

887 1858 1059 1887 mulcendas
1084 1862 1175 1886 natus
1197 1856 1236 1885 ατί
1257 1864 1354 1888 aures,
1373 1850 1542 1882 inserviens

887 1905 1061 1937 mulcendis
1084 1905 1221 1936 auribus.
1242 1902 1275 1933 ii.
1294 1903 1368 1932 223.
1394 1906 1483 1931 uatus
1504 1901 1542 1929 ad

885 1968 971 1986 sacra
985 1956 1131 1986 Cithaeron
1144 1954 1251 1985 eodem
1261 1963 1365 1987 sensu,
1377 1961 1438 1992 quo
1449 1949 1544 1979 etiam

887 2005 1028 2035 dativum
1055 2003 1191 2040 additur,
1216 2013 1236 2033 a
1256 2001 1345 2032 Livio
1369 2001 1401 2030 in
1425 1998 1543 2041 primis.

888 2054 970 2085 Vide
983 2052 1130 2085 Gronovii
1146 2053 1224 2083 Obs.
1240 2051 1282 2081 iv.
1300 2051 1352 2080 17.
1392 2049 1540 2078 Primum-

888 2115 955 2144 que,
983 2110 1044 2134 etc.
1088 2103 1138 2133 Sic
1165 2108 1196 2133 et
1220 2101 1335 2136 Diana,
1357 2099 1391 2129 ii.
1416 2099 1490 2129 457.
1514 2102 1545 2127 et

889 2153 1067 2188 Narcissus,
1083 2152 1126 2182 iv.
1143 2151 1216 2181 343.
1260 2150 1399 2189 Vestigia,
1410 2147 1544 2188 plantas.

892 2202 1010 2237 Mollia,
1025 2211 1136 2242 nempe
1152 2200 1253 2230 lanea.
1268 2209 1320 2228 xv.
1340 2198 1410 2226 118.
1425 2195 1464 2225 (le
1480 2194 1545 2225 ovi-

888 2253 958 2287 bus,
982 2252 1101 2285 Mollia,
1129 2261 1192 2289 (μαῖ’
1218 2249 1298 2278 nobis
1327 2253 1436 2276 vestras
1464 2245 1543 2274 vela-

889 2300 971 2329 mina
994 2300 1078 2328 lanas
1101 2298 1252 2328 Pmbetis.
1297 2296 1414 2326 Melius
1441 2299 1545 2324 tamen

890 2358 972 2378 nunc
992 2348 1114 2377 abesset
1133 2346 1190 2376 hoc
1213 2344 1311 2387 epith.
1337 2342 1484 2384 quoniam
1506 2342 1545 2372 dc

891 2397 967 2427 dura
983 2395 1139 2427 venatrice
1157 2405 1266 2425 sermo.

934 2446 1007 2475 595.
1029 2445 1110 2478 Quas
1125 2446 1195 2474 dum
1208 2442 1360 2484 ferioque,
1375 2440 1450 2480 etc.]
1477 2441 1546 2470 Mo-

892 2501 941 2524 tus
966 2494 1183 2524 describuntur
1207 2491 1355 2526 natantis,
1377 2501 1446 2531 quae
1474 2490 1544 2520 bra-

891 2543 969 2574 chiis
990 2543 1083 2584 jerit,
1114 2543 1266 2577 verberat,
1296 2550 1404 2580 aquas,
1433 2549 1547 2579 easque

892 2594 996 2628 trahit,
1011 2592 1085 2622 dum
1109 2591 1238 2622 brachia
1252 2600 1356 2620 versus
1376 2599 1485 2630 corpus
1503 2598 1548 2618 re-

892 2642 996 2673 trahit.
1041 2642 1166 2677 Lubens,
1180 2640 1292 2670 ludens
1303 2638 1450 2669 natandO.
1487 2638 1546 2668 Ex-

892 2694 1079 2731 cussajactu,
1090 2702 1107 2721 e
1119 2690 1209 2731 copia
1217 2688 1355 2731 poetica3
1372 2698 1443 2717 nani
1455 2692 1486 2717 et
1496 2698 1544 2717 ei—

892 2748 993 2771 eutero
1005 2741 1189 2781 estjacta1·e,
1205 2746 1238 2770 ut
1253 2744 1418 2774 concutere,
1428 2737 1548 2768 xi.465.
