1729 3207
376 205 995 248 METAMORPHOSEON
1029 205 1147 247 LIB.
1181 205 1217 246 I.
1432 206 1488 246 (33

110 320 251 369 Unus
275 328 381 369 erat
402 328 507 369 toto
532 319 736 368 Naturae
760 321 925 368 vultus
950 321 1000 368 in
1024 322 1157 378 orbe,

108 397 269 452 Quem
292 398 462 446 dixere
488 397 671 454 Chaos,
698 397 832 444 rudis
857 397 1207 461 indigestaque
1231 398 1414 453 moles3

109 474 217 522 Nec
255 474 546 538 quidquam,
586 475 679 521 nisi
718 474 911 538 pondus
950 474 1107 531 iners;
1148 481 1487 537 congestaque

303 552 476 599 eodem

107 627 222 675 Non
245 629 374 677 bene
393 630 679 692 junctarum
703 627 951 675 discordia
975 627 1166 683 semina
1189 643 1369 674 rerum.

107 704 286 753 Nullus
312 706 474 754 adhuc
499 707 684 753 mundo
710 706 967 770 praebebat
992 706 1180 753 lumina
1203 705 1376 762 Titan:
1428 708 1484 751 lO

103 888 279 920 toritatibus
303 889 416 920 fultum
444 895 475 921 et
502 889 600 920 multo
628 888 760 925 facilius,

103 938 161 969 nisi
174 938 331 975 vidissem,
341 939 604 970 Seidenstikerum
628 938 661 969 in
683 937 761 969 libro

103 989 544 1031 Philologisch-pedagogisches
572 988 715 1029 DIagu:in
743 998 761 1018 a

104 1037 310 1079 VViedeburg.
328 1038 462 1069 Helmst.
487 1038 539 1069 ed.
556 1037 617 1069 vol.
632 1037 652 1068 i.
675 1049 706 1079 p.
730 1039 761 1068 3.

101 1091 134 1118 et
148 1087 209 1117 vol.
227 1085 260 1117 ii.
274 1098 306 1129 p.
320 1088 348 1118 l.
367 1092 461 1128 atque
476 1087 634 1124 Lenzium,
651 1087 761 1118 acriter

103 1146 159 1177 pro
179 1135 288 1167 Heins.
302 1135 419 1167 ratione
439 1141 535 1166 stare.
580 1136 701 1178 Urgent
715 1135 761 1166 illi

103 1185 173 1222 hoc,
193 1196 263 1216 eam
285 1195 353 1217 esse
378 1185 591 1222 difficiliorem,
621 1186 762 1227 adeoque

102 1234 272 1274 veriorem3
295 1245 476 1277 quanquam
500 1235 595 1266 Ovid.
619 1246 680 1265 non
705 1235 762 1265 im-

102 1285 256 1327 peditiora
279 1291 373 1321 amat,
388 1285 444 1315 sed
467 1284 607 1315 faciliora
626 1285 763 1326 praefert.

101 1334 176 1365 Sine
189 1332 284 1365 dubio
299 1334 396 1365 lector
405 1334 530 1376 aliquis,
548 1339 602 1364 aut
610 1333 765 1370 librarius,

102 1383 153 1415 cui
167 1384 238 1415 loca
255 1383 287 1414 in
308 1383 390 1414 notis
413 1383 510 1414 allata
530 1383 764 1420 succurrebant,

102 1433 185 1465 hunc
200 1433 262 1464 illis
281 1432 415 1464 similem
434 1433 556 1464 efficere
572 1433 680 1469 voluit,
696 1444 763 1464 mu-

101 1488 165 1515 tato
180 1489 277 1514 terras
290 1482 323 1514 in
337 1484 436 1514 tellus.
471 1484 563 1519 Ante,
575 1488 647 1513 ante
662 1493 763 1514 rerum

101 1531 263 1573 originem.
304 1531 342 1562 In
352 1533 502 1571 principio
515 1531 595 1562 dixit
608 1531 765 1573 legislator

102 1581 268 1614 JudaicuS.
312 1581 401 1612 Mare
435 1580 529 1622 igitur
566 1586 598 1612 et
634 1581 763 1623 reliqua,

102 1642 182 1662 unus
196 1631 298 1662 vultus
312 1636 388 1667 erat,
402 1630 522 1661 dictum
537 1629 626 1665 foret,
643 1635 679 1661 ut
691 1631 763 1662 Art.

103 1680 212 1711 Amat.
235 1679 269 1710 ii.
292 1680 375 1711 468:
413 1679 538 1720 Unaque
565 1685 653 1710 erant
664 1680 767 1720 facies

99 1731 212 1765 sidera,
227 1735 320 1766 terra,
325 1729 462 1771 fretum,
480 1734 512 1759 et
535 1729 559 1759 F
561 1735 622 1760 ast.
637 1729 658 1759 i.
683 1730 742 1760 106
757 1742 763 1759 :

105 1778 202 1821 Ignis,
211 1789 304 1820 aquoe,
320 1780 410 1810 tellus
424 1789 503 1809 unus
521 1790 646 1809 acervus
664 1786 763 1815 erant,

103 1828 218 1870 quibus
238 1828 316 1859 locis
340 1834 478 1859 nostrum
498 1827 633 1858 illustrat
655 1828 765 1860 Heius.

103 1883 136 1909 et
159 1888 230 1920 quae
250 1888 396 1920 expressa
408 1877 552 1908 videntur
570 1887 608 1908 ex
624 1877 765 1919 Euripid.

105 1926 261 1970 Menalip.
276 1927 387 1969 fragm.
401 1938 432 1969 p.
447 1928 523 1958 454.
539 1934 613 1958 tom.
631 1926 667 1957 ii.
687 1927 764 1958 edit.

105 1977 190 2020 Lips.
212 1977 266 2008 ubi
285 1977 470 2019 Menalippe
490 1976 544 2013 ait,
567 1987 600 2007 se
626 1987 645 2008 a
666 1982 765 2009 matre

106 2027 276 2070 accepisse,
289 2025 346 2064 Ὡς
362 2026 500 2069 οὐρανός
522 2038 554 2057 τε
573 2025 652 2068 γαῖά
672 2024 699 2057 τ’
723 2026 766 2065 ἦν

103 2077 210 2119 μορφὴ
225 2075 296 2118 μία.
341 2076 460 2107 Verum
477 2075 521 2106 sic
543 2075 672 2108 molesta
694 2081 765 2106 sunt

106 2126 202 2157 verba
218 2125 347 2156 Natum
360 2130 392 2156 et
406 2132 466 2156 toto
478 2127 512 2156 in
526 2125 602 2155 orbe.
646 2124 766 2166 Displi-

106 2180 158 2206 cet
177 2174 273 2206 etiam
287 2181 358 2205 ante
372 2174 416 2205 sic
435 2175 467 2205 in
486 2173 638 2216 principio
653 2174 765 2216 operis,

106 2223 160 2256 ubi
175 2222 254 2256 nihil
271 2223 430 2266 praecessit
446 2223 486 2254 ad
500 2223 583 2265 quod
604 2223 765 2254 referatur.

108 2273 172 2305 Vix
187 2283 260 2314 ergo
274 2272 384 2304 dubito
395 2272 539 2314 praeferre
559 2272 688 2303 alteram
703 2272 766 2303 lec-

107 2322 236 2359 tionem,
269 2323 309 2353 ab
336 2322 465 2353 Heinsio
501 2322 632 2353 duorum
668 2321 768 2353 Codd.

108 2371 292 2404 auctoritate
306 2372 441 2413 pulsam,
464 2371 546 2402 Ante
566 2382 648 2402 mare
665 2377 693 2401 et
709 2378 768 2402 ter-

108 2433 159 2454 ras
179 2429 208 2453 et
231 2424 307 2462 quod
332 2424 407 2464 tegit
428 2424 526 2452 omnia
548 2422 664 2458 coelum,
681 2427 768 2452 ante·

108 2481 204 2513 quam
217 2481 302 2501 mare
318 2476 350 2501 et
362 2470 483 2511 reliqua
495 2475 726 2506 exornarentur,
736 2469 768 2500 in

108 2525 174 2552 toto
199 2520 272 2551 orbe
298 2530 378 2550 unus
399 2519 505 2550 vultus
532 2519 663 2550 Naturae
692 2525 769 2551 erat.

110 2570 162 2602 Sic
176 2570 255 2602 nihil
268 2570 320 2601 hic
334 2569 530 2611 impeditum.
573 2569 646 2599 Non
664 2574 769 2599 autem

110 2625 212 2662 poeta,
225 2630 297 2661 quae
321 2624 388 2650 erat
409 2618 630 2650 Seidenstikeri
655 2617 769 2660 opinio,

111 2669 162 2700 hic
179 2669 402 2700 elementorum
424 2678 586 2699 numerum
606 2666 638 2697 in
653 2667 719 2708 ipso
732 2666 769 2697 li-

109 2718 194 2749 mine
226 2718 392 2760 praecipere
425 2716 536 2754 voluit,
570 2716 626 2748 sed
662 2715 771 2746 mundi

111 2772 216 2809 partes
238 2778 256 2799 e
280 2766 401 2808 vulgari
423 2765 575 2797 divisione
601 2765 771 2797 nominare.

831 889 918 924 Quod
933 891 1007 931 tegit
1019 891 1129 924 omnia,
1146 888 1163 919 ὁ
1180 888 1338 931 περιέχων
1348 889 1388 919 τὰ
1405 886 1490 918 πάν-

829 952 870 970 τα
900 939 1019 970 Graecis
1052 939 1215 970 dicebatur
1246 938 1386 969 coelum:
1425 938 1490 968 coeli

830 996 954 1031 tegmen,
985 989 1052 1020 Cic.
1082 989 1160 1019 Nat.
1189 988 1231 1018 D.
1260 987 1292 1018 ii.
1324 988 1384 1025 143
1423 988 1490 1017 cirlb

828 1041 964 1075 amictus,
980 1039 1072 1069 Lucr.
1086 1038 1128 1068 vi.
1148 1038 1239 1068 1131.

871 1089 901 1119 6.
930 1089 1015 1119 [ἰιιιε
1034 1087 1161 1127 tultus]
1189 1087 1262 1117 Una
1281 1084 1412 1127 specieS,
1428 1094 1491 1114 una

827 1138 937 1173 forma,
955 1138 987 1168 in
1010 1148 1073 1179 qua
1094 1137 1188 1167 nullae
1212 1141 1318 1178 partes
1338 1134 1491 1165 vaxiarum

827 1187 995 1228 figurarum
1008 1185 1141 1217 discerni
1150 1191 1285 1227 possent.
1331 1183 1490 1217 Horatius,

829 1236 856 1266 I.
890 1235 911 1266 i.
945 1237 1009 1267 90:
1053 1235 1163 1265 Vultus
1199 1241 1318 1264 mutans
1356 1232 1493 1262 Proteus.

830 1285 1001 1317 Claudian.
1014 1285 1066 1316 87.
1079 1284 1106 1314 i:
1135 1284 1209 1318 Quis
1226 1285 1309 1314 dedit
1322 1284 1492 1312 innumeros

831 1346 891 1365 uno
906 1337 942 1365 de
960 1345 1104 1365 marmore
1122 1334 1243 1364 vultus?
1280 1333 1321 1363 Et
1335 1331 1366 1362 h.
1382 1332 1403 1361 l.
1419 1341 1491 1362 cum

830 1384 959 1415 dilectu.
1006 1384 1144 1414 Nuturae.
1168 1382 1307 1413 Parentis
1331 1386 1363 1412 et
1385 1385 1491 1411 aucto-

831 1433 873 1463 ris
895 1432 1034 1464 omnium
1047 1443 1161 1464 rerum.
1205 1432 1329 1462 Natura
1347 1429 1429 1461 enim
1447 1429 1493 1459 vis

831 1489 878 1513 est
903 1481 1048 1524 quaedam
1075 1492 1138 1523 qua
1165 1481 1269 1511 omnia
1298 1484 1493 1516 nascuntur;

831 1542 926 1573 quam
952 1533 1071 1563 Seneca
1095 1531 1174 1562 nihil
1198 1529 1283 1560 aliud
1307 1539 1373 1560 esse
1398 1539 1493 1570 quam

831 1582 935 1613 Deum
952 1581 1058 1613 sentit.

877 1632 908 1661 8.
932 1631 1045 1671 Iners]
1072 1629 1208 1665 Inutilis,
1231 1628 1290 1659 nisi
1318 1627 1395 1670 quid
1420 1627 1493 1658 inde

833 1680 997 1711 formatum
1019 1685 1111 1711 esset.
1155 1678 1206 1709 Sic
1224 1678 1311 1719 Virg.
1333 1678 1448 1718 Georg.
1472 1677 1493 1708 i.

833 1729 894 1759 94:
919 1730 1008 1771 glebae
1031 1732 1150 1764 inertes,
1171 1726 1309 1762 inutiles,
1329 1725 1389 1756 nisi
1409 1736 1492 1756 com-

833 1778 1022 1809 minuantur.
1066 1778 1118 1808 De
1152 1775 1274 1806 informi
1311 1781 1342 1806 et
1374 1774 1496 1805 inculta

833 1827 914 1858 mole
937 1826 1032 1858 nolim
1053 1837 1126 1857 cum
1151 1825 1219 1855 aliis
1244 1825 1397 1866 accipere,
1420 1822 1495 1865 quia

832 1877 864 1907 id
873 1877 940 1918 jam
952 1875 1122 1918 praecessit.
1157 1874 1218 1905 Sed
1234 1884 1328 1915 quam
1343 1884 1399 1904 nos
1414 1874 1495 1903 iner-

833 1928 906 1957 tiam
919 1925 1133 1967 intelligimus,
1150 1934 1187 1955 ea
1203 1934 1282 1954 vers.
1300 1924 1352 1958 16,
1372 1923 1423 1952 17.
1440 1922 1495 1953 de-

832 1975 987 2007 scribitur.
1033 1975 1152 2005 Semina
1186 1984 1298 2009 rerum,
1328 1973 1494 2008 elementa,

832 2027 990 2067 στοιχεῖα,
1012 2025 1096 2056 unde
1116 2023 1221 2055 omnia
1241 2029 1318 2054 nata
1339 2032 1406 2053 esse
1429 2032 1495 2053 cre-

832 2074 959 2106 duntur.

876 2124 907 2155 9.
932 2123 1119 2164 Discordia]
1146 2122 1258 2153 Heius.
1285 2121 1366 2162 conj.
1389 2121 1495 2150 dissor-

834 2175 888 2204 tia.
903 2174 1047 2205 Frustra:
1074 2174 1278 2212 malejunctae
1299 2169 1401 2212 potius
1424 2175 1496 2200 sunt

833 2223 988 2254 dissortes.
1033 2222 1111 2254 Inde
1127 2232 1199 2253 vero
1215 2220 1370 2251 oriebatur
1384 2221 1495 2249 discor-

834 2274 885 2303 dia
897 2272 963 2309 illa,
979 2282 1072 2314 quam
1094 2271 1224 2306 Auctor,
1244 2269 1378 2300 18-—20.
1394 2278 1497 2309 perse-

835 2322 952 2363 quitur.

882 2372 931 2402 10.
956 2371 1071 2401 Nullus
1085 2370 1194 2402 adhuc.
1210 2368 1287 2408 etc.]
1311 2365 1496 2398 Cavendum

835 2426 883 2451 est
902 2425 1013 2462 poetae,
1028 2429 1067 2450 ne
1088 2418 1121 2449 in
1143 2417 1321 2449 notionibus
1344 2414 1496 2456 generali-

835 2470 894 2500 bus
908 2469 1076 2506 subsistat3
1101 2467 1207 2508 itaque
1225 2472 1257 2497 et
1271 2466 1386 2496 Noster
1409 2463 1500 2506 copia

836 2518 960 2561 poetica
974 2517 1148 2560 praecipuas
1169 2515 1277 2547 mundi
1300 2520 1405 2556 partes
1422 2524 1498 2544 enu-

836 2573 945 2604 merat,
967 2578 1036 2609 quae
1066 2566 1204 2597 nondum
1228 2567 1348 2607 digcstae
1376 2563 1501 2595 fuerint.

836 2617 897 2648 Sed
923 2617 1006 2653 vide,
1030 2627 1124 2658 quam
1149 2616 1284 2646 suaviter
1307 2612 1502 2644 exornaverit

837 2666 944 2697 tenuia
965 2665 1031 2702 illa,
1047 2665 1186 2696 nondum
1207 2669 1273 2695 erat
1288 2662 1344 2698 sol,
1361 2661 1499 2693 nondum

837 2716 923 2752 luna,
939 2721 1001 2746 etc.
1047 2715 1107 2745 Pro
1121 2713 1169 2744 his
1180 2713 1318 2755 partibus
1338 2710 1499 2742 nominan-

838 2770 888 2796 tur
905 2775 1043 2807 personae
1068 2761 1297 2805 mythologicae‚
1314 2760 1430 2803 quibus
1449 2758 1500 2790 hic
