1729 3207
889 213 924 251 iv

220 327 390 375 siturus,
425 325 501 366 CL.
537 325 594 366 G.
623 325 812 374 Cuvfflss,
848 324 998 379 Regiae
1030 322 1265 364 Galliarum
1299 323 1595 365 Universitatis

219 403 424 452 columen,
448 403 699 444 Rostrorum
727 403 871 451 decus,
895 401 1057 443 Rerum
1083 401 1354 456 physicarum
1381 402 1597 456 sagacissi—

219 498 310 523 mus
338 482 560 538 indagator
583 481 703 522 simul
731 489 774 522 et
799 481 1006 534 interpres
1031 480 1341 521 disertissimus.
1403 479 1496 528 Ille,
1517 494 1596 534 pro

218 576 294 602 sua
316 561 358 601 in
384 575 449 602 me
473 559 780 609 benevolentia,
801 559 1007 600 concessit
1028 557 1179 608 libens,
1201 566 1249 599 ut
1276 573 1371 613 quae
1398 558 1452 599 de
1473 557 1599 599 Dilu-

216 640 293 680 viis
333 639 603 688 disseruerat,
640 638 852 680 Ovidiano
886 637 1043 678 diluvio
1077 638 1387 692 praemitterem.
1450 635 1597 678 Laetus

217 718 346 773 igitur
377 718 547 766 inserui,
580 725 623 758 et
650 716 818 759 Gallico
852 717 1036 773 quidem,
1063 725 1111 757 ut
1144 716 1385 771 conscripta
1414 715 1597 765 fuerant,

218 809 432 844 sermone3
464 809 516 836 ne
543 795 645 850 quid
669 794 777 836 forte
802 795 1043 836 detrimenti
1067 795 1178 835 inter
1202 794 1508 836 transeundum
1531 807 1600 835 ca-

217 882 338 928 peret
354 887 495 915 rerum
515 875 589 923 vis,
610 881 684 915 aut
700 874 960 915 concinnitas
981 875 1229 924 verborum3
1259 888 1445 929 gemmas
1466 880 1598 922 ratus,

217 968 326 1007 quae,
355 951 421 993 vel
452 952 545 1006 ipso
577 951 839 993 translatoris
866 951 1016 1001 halitu,
1048 953 1211 1006 possint
1248 951 1463 993 infuscarL
1525 951 1598 993 Sic

218 1031 420 1080 BUFFON,
449 1031 614 1085 quoties
648 1031 883 1073 advocandi
911 1031 1043 1081 locus,
1079 1030 1175 1072 talis
1211 1032 1254 1072 in
1289 1046 1419 1087 opere
1451 1039 1597 1073 nostro

219 1110 392 1164 prodiit,
415 1117 457 1150 et
478 1109 680 1164 prodibit,
703 1109 838 1165 qualis
860 1109 972 1161 olim,
994 1125 1125 1165 quum
1144 1110 1325 1165 patriam
1344 1109 1533 1165 linguam
1549 1124 1600 1152 ea

217 1189 434 1242 majestate
463 1187 753 1243 amplificaret,
775 1203 870 1243 quae
892 1203 977 1230 non
1003 1188 1140 1243 impar
1161 1188 1293 1243 ipsius
1322 1196 1486 1230 naturae
1511 1202 1598 1229 ma-

211 1267 371 1321 jestati,
394 1267 578 1307 omnium
594 1281 801 1308 consensu
821 1266 1036 1309 celebrata
1053 1268 1097 1308 in
1117 1274 1322 1308 aeternum
1341 1267 1515 1322 vigebit.

274 1344 355 1385 His
390 1345 518 1400 igitur
552 1346 745 1387 omnibus
781 1345 938 1395 fruere,
973 1345 1106 1387 lector
1140 1346 1293 1396 amice3
1330 1353 1373 1387 et
1406 1352 1597 1387 nostrum

217 1439 338 1479 opus,
359 1432 406 1466 ut
429 1425 656 1479 occaepisti‚
678 1426 877 1467 continuo
905 1425 1048 1467 favore
1069 1425 1273 1480 excipias,
1294 1423 1418 1465 velim
1437 1431 1480 1466 et
1499 1439 1597 1479 pre-

217 1517 302 1543 cor.
364 1502 486 1544 Vale.

1044 1658 1104 1699 N.
1139 1659 1192 1700 E.
1227 1658 1536 1702 LEMAIRE.
