1729 3207
210 211 268 254 98
583 208 632 248 Ρ.
668 204 879 248 OVIDII
914 204 1192 247 NASONIS

216 325 489 389 Corycidas
516 322 793 386 Nymphas,
820 327 872 368 et
896 320 1096 367 numina
1120 321 1301 367 montis
1327 321 1547 377 adorant,

215 402 588 463 Fatidicamque
613 398 839 453 Themin,
867 413 978 460 quae
1003 413 1133 444 nunc
1158 398 1322 445 oracla
1345 399 1562 445 tenebat.

216 480 328 526 Non
354 478 436 524 illo
457 476 628 523 melior
643 474 925 538 quisquam,
943 489 1034 521 nec
1061 474 1301 522 amantior
1326 475 1454 538 aequi
1492 477 1587 521 322

215 556 301 601 Vir
324 554 430 608 fuit,
457 559 542 600 aut
566 553 649 599 illa
672 551 967 599 metuentior
991 551 1092 598 ulla
1119 551 1355 599 Deorum.

212 632 409 696 Jupiter
433 637 487 677 ut
510 629 712 693 liquidis
737 635 966 691 stagnare
991 629 1254 692 paludibus
1279 629 1465 684 orbem,

215 709 281 757 Et
295 723 554 772 superesse
569 706 703 754 videt
716 707 778 754 de
793 712 868 754 tot
882 706 1029 753 modo
1046 705 1262 752 millibus
1277 721 1446 760 unum,
1495 707 1591 752 325

215 786 283 833 Et
306 800 566 848 superesse
586 783 721 831 videt
744 783 807 830 de
831 789 906 829 tot
930 782 1077 829 modo
1102 781 1319 828 millibus
1345 797 1509 837 unam,

216 863 462 910 Innocuos
488 861 675 916 ambos,
702 860 916 908 cultores
942 858 1155 907 numinis
1180 859 1383 916 ambos;

217 939 405 986 Nubila
427 937 640 1000 disjecit,
667 936 951 1000 nimbisque
975 935 1226 999 Aquilone
1250 935 1466 990 remotis,

218 1016 283 1064 Et
306 1016 431 1063 coelo
456 1022 609 1062 terras
635 1014 869 1069 ostendit,
897 1021 947 1061 et
970 1013 1156 1060 aethera
1178 1012 1336 1059 terris.

260 1188 333 1218 320.
358 1188 520 1226 Corycidas
546 1184 724 1226 Nymphas]
751 1185 872 1226 Coryci-

217 1239 266 1267 <les
305 1241 358 1266 aut
396 1236 527 1276 Corycioe
564 1234 733 1276 Nymphae,
773 1234 873 1271 Plisti,

219 1283 412 1325 Delphorum
436 1283 532 1319 fluvii,
552 1283 634 1319 filim,
654 1283 820 1324 Corycium
843 1282 875 1314 in

220 1334 357 1364 Parnaso
378 1338 500 1363 antrum
515 1331 752 1363 inhabitabant:
778 1332 874 1375 Apol-

220 1384 282 1414 lon.
307 1382 369 1413 Rh.
396 1382 428 1412 ii.
455 1382 528 1412 713.
562 1382 697 1412 Pausan.
721 1382 820 1412 Phoc.
846 1393 876 1423 p.

220 1434 294 1463 811.
313 1432 374 1462 877
385 1441 454 1472 sqq.
492 1431 615 1467 Strabo,
635 1430 741 1462 lib.ix.
762 1443 876 1473 γνωρι-

218 1482 363 1524 μότατον
380 1481 434 1511 καὶ
453 1480 630 1511 κάλλιστον
648 1482 685 1512 τὸ
708 1480 877 1521 Κωρύκιον

219 1533 365 1571 Νυμφῶν
387 1529 518 1571 ἄντρον.
563 1529 613 1559 Ab
639 1529 696 1560 hoc
721 1529 876 1560 diversum

220 1579 385 1621 Corycium
420 1584 541 1609 antrum
573 1578 605 1608 in
633 1578 766 1610 Cilicia:
806 1578 875 1609 vide

220 1630 348 1659 Barnes.
373 1627 412 1658 ad
441 1627 546 1669 Eurip.
569 1627 689 1658 Bacch.
714 1638 776 1657 ver.
802 1628 876 1658 559.

222 1678 299 1713 Has,
315 1682 346 1707 et
359 1676 478 1718 reliqua
500 1679 637 1712 numina,
653 1676 766 1718 quibus
788 1686 876 1707 mons

219 1738 316 1763 sacer,
339 1726 478 1757 adorant.
523 1726 670 1756 Notanda
693 1726 787 1757 etiam
806 1725 837 1756 h.
856 1725 877 1756 l.

220 1782 267 1806 est
287 1775 436 1816 syntaxis,
455 1774 631 1805 Deucalion
653 1785 725 1805 cum
747 1774 878 1815 conjuge

220 1825 353 1860 admisit,
369 1830 410 1859 et,
426 1825 564 1853 adorant.
600 1822 685 1854 Solet
699 1823 781 1853 enim
798 1823 877 1853 Nos—

221 1879 267 1904 ter
287 1872 437 1914 pluralem
450 1881 573 1913 ponere,
590 1872 640 1902 ubi
657 1871 695 1902 de
717 1872 809 1903 duob.
825 1883 878 1914 per

222 1922 467 1964 praepositionem
477 1922 664 1962 ewrijunctis
672 1922 748 1963 agit.
764 1923 878 1953 Burin.

265 1973 339 2003 3⁴21.
363 1971 512 2011 Themin]
541 1970 677 2002 Aetheris
698 1977 729 2001 et
745 1971 878 2002 Telluris

224 2021 299 2056 filia,
316 2020 443 2061 justitiae
464 2030 586 2062 praeseS,
603 2026 667 2050 tum
683 2022 782 2051 oracla
800 2027 877 2051 terne-

224 2072 283 2105 luit,
299 2080 443 2111 responsa
458 2070 554 2100 dabat
569 2069 756 2110 petentibus,
771 2080 878 2100 oracu-

224 2119 262 2149 lis
275 2124 414 2160 praeerat,
425 2118 662 2160 undefatidica,
672 2118 880 2160 χρηστὴριος,

224 2167 349 2198 dicitur.
381 2167 527 2209 Apollod.
552 2166 606 2198 lib.
633 2166 653 2197 i.
675 2177 707 2208 p.
730 2167 778 2198 13.
800 2179 880 2208 χρη·

223 2227 292 2257 σμῳ
316 2215 436 2254 δούσης
457 2215 527 2246 τότε
543 2214 685 2256 Θέμιδος.
718 2215 834 2246 Lucan.
851 2227 881 2248 ν.

226 2267 286 2297 81;
315 2266 414 2300 Quum
438 2276 531 2306 regna
556 2265 680 2299 Themis,
696 2266 882 2305 tripodasque

226 2322 348 2346 teneret.
395 2315 497 2350 Nune,
511 2320 649 2356 tempore
668 2314 881 2350 Deucalionis,

226 2365 408 2405 Loquuntur
425 2368 524 2404 poetae
543 2363 581 2394 de
601 2364 690 2394 rebus
709 2363 881 2405 praeteritis,

227 2419 261 2444 ut
287 2413 325 2443 de
354 2413 567 2454 praesentibus.
606 2413 719 2443 nuum.
778 2412 883 2443 Prima

225 2462 351 2493 oraculo
372 2461 527 2503 Delphico
550 2466 679 2502 praeerat
696 2461 813 2497 Tellus,
829 2472 881 2502 po-

226 2517 292 2542 stea
305 2510 443 2546 Themis,
456 2510 580 2541 tandem
593 2509 708 2551 Apollo
721 2521 727 2539 ε
746 2510 881 2541 Pausan.

226 2560 323 2591 Phoe.
333 2571 363 2601 p.
371 2560 433 2590 809
444 2571 452 2597 ;
464 2559 566 2589 Schol.
579 2557 717 2599 Euripid.
728 2558 767 2588 ad
778 2559 880 2589 Orest.

227 2620 288 2640 ver.
307 2609 377 2639 163.

268 2659 341 2689 322.
368 2658 433 2687 Non
457 2657 506 2686 illo
522 2656 651 2696 meliora]
668 2656 768 2687 Recte
786 2667 882 2688 mores

226 2717 330 2737 corum
360 2706 474 2742 notati3
512 2704 541 2735 hi
575 2704 657 2735 enirn
686 2704 760 2745 ipsis
788 2715 883 2735 causa

227 2762 312 2786 erant
332 2755 450 2785 salutis.
496 2754 621 2785 „Iustitia
636 2761 665 2784 et
682 2760 782 2784 metus
799 2755 881 2784 Deo-

1497 1013 1593 1059 329

939 1195 1006 1215 rum
1035 1194 1142 1215 omnes
1170 1183 1301 1214 virtutes
1337 1180 1600 1223 complectuntur.

940 1235 1019 1271 Quae
1043 1233 1082 1264 de
1099 1232 1228 1274 singulis
1252 1231 1303 1262 hic
1325 1230 1546 1272 praedicantur,
1561 1240 1599 1261 ea

940 1282 979 1314 de
1016 1282 1166 1313 ambobus
1199 1279 1414 1322 intelligenda.
1459 1279 1508 1311 Cf.
1537 1290 1598 1311 ver.

941 1332 1015 1363 327.
1052 1331 1080 1361 A
1097 1330 1236 1361 Luciano
1252 1329 1290 1360 de
1310 1329 1381 1360 Dea
1395 1328 1496 1369 Syria,
1512 1328 1599 1359 Deu-

941 1380 1043 1412 calion
1063 1380 1208 1411 laudatur
1222 1379 1260 1410 ob
1277 1378 1454 1419 εὐβουλίαν
1469 1383 1500 1408 et
1515 1376 1599 1409 εὐσέ-

941 1429 1050 1470 βειαν.
1098 1429 1235 1460 Metuens
1251 1429 1393 1459 Deorum.
1422 1427 1600 1469 Descriptio

944 1479 1075 1510 hominis
1089 1478 1223 1520 religiosi
1237 1490 1243 1508 :
1267 1477 1337 1508 vide
1354 1477 1462 1508 Heins.
1477 1476 1531 1518 qui
1547 1487 1599 1507 co-

943 1529 1027 1570 piose
1042 1528 1123 1558 hanc
1139 1527 1327 1558 locutionem
1342 1526 1488 1558 illustrat.
1515 1525 1602 1557 Infra

943 1588 972 1608 v.
997 1578 1068 1608 100.
1091 1578 1166 1617 oequi
1190 1578 1299 1612 cultor,
1319 1577 1496 1616 timidusque
1522 1575 1599 1606 Deo-

943 1637 1021 1657 rum.
1067 1625 1134 1656 Liv.
1149 1625 1225 1656 xxii.
1241 1626 1271 1656 3.
1290 1636 1347 1655 non
1372 1625 1454 1654 modo
1471 1624 1600 1655 Patrum

943 1676 1116 1715 majestatis,
1129 1676 1177 1705 sed
1192 1685 1229 1705 ne
1246 1674 1377 1704 Deorum
1397 1675 1512 1713 quidem
1531 1675 1603 1704 satis

944 1730 1089 1755 metuens.
1136 1724 1237 1754 Metus
1259 1733 1342 1764 saepe
1368 1722 1407 1753 de
1431 1721 1601 1763 religione:

944 1772 1007 1803 vid.
1023 1772 1126 1804 Cerda
1142 1772 1181 1803 ad
1195 1771 1283 1813 Virg.
1300 1773 1374 1803 AEn.
1390 1771 1443 1803 vii.
1458 1772 1510 1803 60.

988 1822 1062 1852 324.
1071 1821 1247 1862 Stagnum]
1260 1822 1421 1862 Stagnum,
1430 1830 1515 1851 mare
1525 1830 1603 1852 esse.

944 1871 1040 1902 Totus
1055 1877 1203 1901 terrarum
1219 1870 1300 1901 orbis
1321 1875 1422 1900 tectus
1436 1875 1501 1900 erat
1513 1871 1602 1909 palu-

945 1922 1041 1956 dibus,
1063 1920 1163 1962 aquis,
1183 1924 1214 1950 et
1243 1919 1286 1949 sic
1314 1924 1423 1959 stagno
1449 1924 1503 1949 aut
1525 1919 1603 1949 mari

945 1968 1054 1999 similis
1066 1975 1130 1999 erat
1143 1981 1149 1998 :
1166 1974 1304 2009 stagnum
1321 1978 1375 2009 pro
1388 1968 1464 1998 mari
1477 1977 1604 1999 novasse

947 2017 1098 2058 Virgilius
1122 2017 1246 2059 Heynio
1269 2016 1389 2047 videtur
1413 2016 1452 2046 ad
1476 2016 1605 2048 AEneid.

946 2067 966 2098 i.
984 2068 1057 2098 125.
1073 2077 1110 2098 ex
1125 2067 1226 2109 λίμνη
1243 2066 1325 2107 apud
1341 2066 1468 2098 Homer.

990 2117 1063 2147 325.
1081 2116 1121 2147 Et
1135 2126 1289 2156 superesse,
1304 2115 1383 2155 etc.]
1401 2115 1470 2146 Hoc
1482 2115 1604 2153 melius,

948 2175 1041 2206 quam
1068 2165 1093 2195 si
1121 2176 1180 2196 uno
1205 2169 1327 2195 tantum
1352 2174 1441 2194 versu
1463 2163 1605 2202 dixisset,

948 2214 1026 2244 duos
1054 2219 1175 2245 tantum
1203 2213 1400 2255 superfuisse.
1444 2213 1495 2244 Ita
1523 2215 1604 2245 enim

948 2262 1054 2294 clades
1068 2262 1189 2304 utrique
1209 2261 1296 2293 sexui
1311 2261 1400 2292 illata
1415 2261 1521 2293 fortius
1534 2273 1605 2294 sen-

949 2311 1033 2342 titur.
1069 2311 1185 2342 Similis
1210 2310 1351 2352 repetitio
1365 2309 1429 2341 viii.
1451 2311 1513 2342 628
1535 2322 1604 2353 sqq.

950 2361 1057 2392 Horat.
1074 2361 1100 2391 I.
1121 2362 1185 2391 Sat.
1203 2360 1244 2391 vi.
1260 2361 1300 2390 45
1323 2370 1391 2400 sqq.
1425 2361 1488 2401 Ap.
1508 2360 1605 2403 Apol-

949 2409 1010 2441 lod.
1026 2415 1058 2440 et
1079 2409 1170 2451 pauci
1190 2409 1242 2440 alii
1260 2414 1421 2439 servantur
1441 2408 1472 2439 in
1492 2409 1606 2440 monti-

951 2460 1018 2489 bus.

991 2508 1065 2538 327.
1093 2506 1255 2542 Innocuus,
1290 2506 1312 2537 i.
1330 2517 1361 2547 q.
1385 2511 1478 2537 antea
1501 2518 1604 2538 amans

949 2558 1033 2596 αηιιί,
1045 2556 1160 2597 justus-

992 2606 1065 2635 328.
1090 2605 1235 2645 Aquilone
1261 2603 1406 2643 remotis]
1435 2603 1483 2633 Ab
1505 2603 1604 2644 Aqui·

949 2656 1018 2684 lone
1032 2653 1188 2695 depulsis-,3
1204 2658 1250 2684 est
1264 2652 1347 2684 euim
1363 2651 1478 2693 Aquilo
1494 2658 1604 2683 ventus

950 2703 1057 2734 nubila
1071 2702 1234 2743 dissipans,
1252 2712 1286 2732 ac
1302 2702 1496 2732 serenitatem
1513 2701 1603 2732 indu-

950 2762 1032 2782 CssnS.
