1763 3181
233 192 318 234 446
619 190 670 231 Ρ.
704 189 916 231 OVIDII
952 189 1228 232 NASONIS

237 306 352 354 AEra
375 314 484 353 tuos
510 305 761 353 minuant:
790 320 962 352 currus
984 320 1184 368 quoque
1209 304 1425 353 carmine
1450 312 1616 353 nostro

237 384 400 431 Pallet
424 383 527 439 avi;
567 383 719 446 pallet
742 382 923 429 nostris
949 383 1140 429 Aurora
1162 382 1380 430 venenis.

235 461 338 508 Vos
362 459 481 506 mihi
507 466 762 506 taurorum
786 459 1011 506 flammas
1035 459 1338 516 hebetastis;
1377 465 1428 506 et
1450 473 1577 506 unco

237 537 384 585 Haud
410 536 603 601 patiens
629 536 791 584 oneris
817 537 998 584 collum
1023 536 1273 601 pressistis
1298 543 1474 584 aratro.
1519 538 1610 582 211

234 615 337 663 Vos
362 615 722 678 serpentigenis
747 616 796 662 in
823 631 876 662 se
900 613 1003 662 fera
1025 614 1157 661 bella
1180 612 1415 670 dedistis;

238 692 615 755 Custodemque
640 692 813 740 rudem
841 692 998 739 somni
1025 691 1252 755 sopistis;
1293 697 1344 738 et
1367 705 1555 745 aurum,

235 769 445 817 Vindice
470 770 698 834 decepto,
723 770 899 818 Graias
924 769 1126 817 misistis
1152 767 1202 815 in
1226 768 1389 815 urbes.

236 846 385 894 Nunc
410 863 536 910 opus
562 853 639 894 est
663 846 842 903 succis,
868 862 957 910 per
980 862 1106 909 quos
1131 851 1364 892 renovata
1387 850 1618 892 senectus

237 924 298 971 In
322 924 493 971 florem
518 923 704 980 redeat,
731 924 1018 988 primosque
1043 922 1297 984 recolligat
1320 937 1491 970 annos,
1519 924 1615 968 216

237 1000 304 1048 Et
327 1000 539 1058 dabitis3
580 1016 744 1064 neque
769 1000 901 1048 enim
925 1000 1204 1047 micuerunt
1227 998 1389 1046 sidera
1410 997 1615 1054 frustra3

238 1077 347 1126 Nee
373 1077 554 1126 frustra
572 1078 830 1126 volucrum
854 1084 1042 1124 tractus
1067 1075 1257 1124 cervice
1282 1076 1553 1123 draconum

238 1154 425 1202 Currus
446 1155 638 1203 adest.''
675 1155 865 1203 Aderat
882 1155 1128 1203 demissus
1149 1155 1211 1202 ab
1228 1154 1409 1202 aethere
1427 1169 1615 1201 currus.

302 1230 414 1286 Quo
438 1231 584 1280 simul
609 1232 851 1290 ascendit,
872 1232 1163 1296 frenataque
1182 1232 1310 1280 colla
1333 1232 1602 1279 draconum

235 1371 318 1408 184;
355 1371 475 1408 Strabo,
500 1371 542 1402 vi.
570 1382 602 1413 p.
632 1370 708 1403 393.
757 1371 895 1403 Temesaea

233 1430 304 1456 ενα,
320 1419 414 1451 etiam
429 1421 516 1451 Fast.
532 1431 563 1451 v.
579 1420 638 1450 441
654 1432 662 1458 3
685 1420 802 1451 Statius
816 1420 895 1451 Silv.

232 1468 257 1499 i.
273 1469 335 1499 47:
361 1469 416 1499 sed
437 1469 638 1500 Schirachius
662 1475 724 1501 stat
747 1480 802 1511 pro
828 1469 896 1500 vul-

234 1523 308 1559 gata
341 1517 488 1554 lectione,
517 1525 672 1555 temerata,
698 1529 794 1560 quam
822 1528 897 1549 sane

233 1567 326 1598 MSS.
341 1577 448 1597 omnes
463 1573 645 1607 agnoscunt,
660 1572 837 1609 monetque,
854 1574 896 1598 te-

233 1617 346 1646 merari
366 1615 430 1646 dici
449 1626 522 1651 (ενα,
545 1625 644 1656 quum
662 1617 836 1659 pulsentur,
857 1627 896 1648 ne

235 1665 464 1697 incantationes
478 1664 646 1696 audiantur
662 1674 681 1695 a
694 1667 795 1698 Luna.
841 1667 895 1697 Te-

232 1725 349 1745 merare
362 1713 445 1746 enim
461 1723 528 1745 esse
543 1712 669 1744 omnino
683 1712 811 1751 violare,
828 1715 896 1757 pol-

232 1763 329 1795 luere.
358 1763 457 1799 Bene,
472 1762 527 1793 sed
543 1773 618 1793 num
633 1762 704 1793 ideo
718 1762 812 1795 etiam
826 1764 896 1806 pul-

232 1823 300 1844 sare
313 1814 326 1843 t
369 1813 453 1843 Avus
466 1811 590 1843 Medeae
603 1817 671 1843 erat
684 1811 746 1843 Sol.

275 1862 350 1893 210.
367 1862 514 1892 Hebetare
519 1861 673 1903 flammas,
685 1861 827 1904 frangere
836 1861 900 1893 vim

233 1911 441 1948 flammarum,
457 1911 551 1953 paulo
567 1910 727 1942 audacius.

277 1960 353 1991 212.
376 1960 627 2001 Serpentigenae.]
645 1959 813 2001 Supra,iii.
825 1960 899 1992 531.

233 2008 377 2040 Thebani
393 2010 574 2051 anguigenae
587 2021 598 2046 ,-
621 2014 653 2040 et
667 2009 692 2040 F
695 2015 752 2041 ast.
766 2008 810 2040 iii.
825 2010 899 2042 865.

233 2069 340 2089 eorum
355 2059 429 2089 urbs
451 2059 665 2100 draconigena‚
680 2069 750 2100 quae
773 2057 831 2089 tria
845 2069 898 2090 vo-

233 2107 348 2138 cabula
373 2108 413 2138 ab
438 2107 554 2138 Ovidio
581 2107 706 2149 signata
736 2107 893 2139 videntur.

234 2156 314 2187 Fera
334 2158 433 2194 bella‚·
457 2156 587 2198 quidam
610 2168 686 2187 ‘nova
710 2158 796 2194 bella,
812 2157 896 2198 quod

233 2216 295 2237 non
315 2206 409 2248 plane
431 2205 660 2248 spernendum:
685 2217 793 2237 novum
813 2206 896 2237 enim

232 2255 360 2296 passim,
377 2255 460 2298 quod
475 2255 508 2286 in
522 2266 577 2286 suo
598 2265 710 2297 genere
726 2255 894 2297 singulare,

232 2304 422 2336 inauditum.
467 2304 587 2335 Rudem
600 2307 714 2342 somni;
737 2309 896 2347 expertem

233 2353 344 2389 somni,
370 2353 574 2396 pervigilem:
613 2353 652 2385 de
678 2353 802 2396 syntaxi
830 2353 895 2384 vid.

233 2402 394 2434 Heinsius.
454 2403 578 2435 Vindice
607 2405 737 2444 decepto,
768 2402 896 2434 custode

234 2451 383 2484 dracone.

275 2502 351 2533 217.
375 2501 528 2533 Micantia
553 2503 652 2532 sidera
676 2512 725 2533 res
748 2501 898 2534 ominosa.

233 2549 351 2582 Currus
370 2552 552 2590 serpentibus
576 2557 701 2588 tractus,
718 2556 750 2582 et
765 2561 796 2581 v.
811 2551 874 2582 642
888 2561 896 2588 ;

232 2599 302 2630 viii.
315 2600 389 2631 795.
432 2599 558 2631 Medeae
573 2610 696 2631 currum
713 2610 790 2631 avus
804 2599 900 2630 mittit

234 2648 320 2690 apud
342 2648 534 2690 Euripidem,
555 2649 647 2680 Med.
667 2650 767 2680 1321:
793 2654 825 2680 et
848 2648 894 2680 in-

234 2697 292 2733 fra,
308 2698 382 2729 398.
400 2698 565 2729 Titaniacis
584 2699 772 2734 draconibus,
784 2697 817 2728 id
835 2702 892 2733 est,

963 1382 1054 1403 curru
1069 1376 1245 1413 acceperat.
1291 1371 1480 1411 Serpentium
1500 1380 1574 1401 usus
1588 1369 1621 1400 in

962 1420 1106 1462 magicis.

1005 1471 1080 1500 220.
1106 1470 1171 1504 Quo
1184 1471 1285 1504 simut,
1301 1468 1378 1508 etc.]
1412 1468 1535 1499 Medeae
1551 1468 1622 1500 iter.

966 1519 1143 1549 Pei-mulsit.
1198 1518 1357 1548 Dracones
1383 1517 1479 1553 enim,
1508 1517 1623 1558 quibus

962 1567 1006 1598 dii
1030 1567 1232 1609 hominesque
1247 1566 1412 1602 vehuntur,
1427 1566 1545 1608 placidi
1563 1566 1618 1598 de-

962 1616 1139 1647 scribuntur
1158 1627 1176 1647 a
1195 1615 1309 1658 poetis.
1346 1615 1455 1646 Barth.
1470 1615 1510 1646 ad
1526 1615 1623 1646 Clau-

963 1666 1049 1697 dian.
1076 1666 1172 1708 Rapt.
1191 1665 1216 1696 i.
1239 1667 1291 1697 13.
1337 1665 1518 1706 Sublataque
1539 1665 1620 1696 Bur-

963 1725 1096 1746 mannus
1118 1726 1157 1746 ex
1178 1725 1240 1746 uno
1255 1713 1453 1746 Gronoviano
1475 1714 1573 1750 dedit,
1588 1720 1624 1745 ut

963 1775 1053 1796 versu
1064 1766 1138 1796 355.
1152 1766 1271 1795 sublata
1285 1765 1318 1795 in
1328 1775 1410 1795 aera.
1447 1763 1560 1795 Caeteri
1575 1769 1622 1795 ta-

965 1824 1036 1846 men
1058 1815 1151 1845 MSS.
1174 1814 1291 1845 habent
1313 1815 1513 1854 subjectaque,
1538 1812 1622 1854 quod

963 1863 1163 1894 Burmannus
1184 1863 1391 1905 posthabebat
1405 1868 1555 1904 tanquam
1571 1873 1623 1894 su-

964 1913 1127 1954 perfluum,
1143 1923 1240 1954 quum
1260 1914 1407 1952 despicere
1423 1912 1490 1954 jam
1505 1911 1623 1953 signifi·

965 1966 1016 1991 cet
1030 1969 1068 1991 ex
1089 1962 1153 1993 alto
1174 1961 1356 2003 despectare
1379 1961 1523 2003 subjecta
1542 1961 1623 1993 loca.

964 2009 1027 2040 Sed
1048 2010 1106 2041 hoc
1132 2016 1178 2042 est
1202 2010 1312 2042 nihili:
1337 2010 1402 2042 viii.
1417 2011 1491 2042 573.
1506 2022 1623 2051 aequora

963 2061 1143 2099 prospiciens
1156 2062 1249 2092 oculis
1262 2062 1392 2101 suly'ecta
1403 2070 1415 2098 ,·
1438 2065 1470 2091 et
1483 2060 1541 2090 hoc
1556 2060 1623 2102 ipso

962 2107 994 2139 in
1008 2108 1101 2144 libro,
1125 2109 1200 2140 779.
1223 2111 1303 2140 collis
1325 2111 1464 2150 suly'ectis
1488 2111 1622 2141 imminet

962 2160 1052 2188 arvis.
1098 2158 1192 2199 Regii
1217 2159 1312 2189 nostri
1342 2159 1459 2190 habent
1481 2160 1626 2199 subjecta.

966 2208 1113 2239 Thessala.
1156 2207 1318 2238 Thessalia
1341 2209 1429 2239 ferax
1458 2207 1622 2238 herbarum

963 2262 1186 2288 venenatarum
1200 2262 1231 2288 et
1246 2255 1409 2288 abundans
1428 2256 1548 2298 magis3
1569 2256 1623 2287 Ti-

963 2305 1080 2342 bullus,
1095 2306 1142 2336 11.
1158 2306 1200 2337 iv.
1214 2306 1256 2336 56
1269 2318 1276 2336 ι
1301 2304 1378 2336 etin
1391 2313 1430 2336 ea
1442 2311 1524 2336 terra
1537 2315 1621 2336 nunc

963 2360 1030 2386 erat
1044 2355 1172 2386 Medea.
1216 2355 1336 2393 OEtaeis‚·
1359 2355 1464 2385 creteis
1474 2354 1622 2386 Heinsius

961 2404 1109 2446 explicat,
1120 2403 1259 2441 cretosis,
1270 2410 1301 2435 et
1315 2403 1415 2439 addit,
1427 2403 1620 2435 Thessaliam

963 2459 1055 2484 cretae
1078 2453 1171 2485 fuisse
1191 2453 1425 2484 feracissimam.
1468 2452 1552 2484 Mira
1572 2458 1620 2484 ta-

964 2512 1036 2532 men
1059 2501 1136 2533 certi
1159 2502 1322 2545 cujusdam
1349 2501 1411 2533 loci
1440 2500 1623 2544 descriptio.

964 2550 1057 2582 MSS.
1069 2561 1176 2582 omnes
1186 2557 1297 2593 praeter
1307 2561 1414 2587 unum,
1428 2550 1511 2582 unde
1522 2551 1622 2583 Hein-

966 2599 1029 2630 sius
1047 2600 1143 2632 habet
1161 2602 1274 2637 cremis,
1294 2600 1403 2643 legunt
1424 2602 1521 2636 cretis,
1537 2601 1620 2642 quod

962 2647 1244 2690 interpretabantur
1258 2649 1307 2681 vel
1323 2649 1459 2686 secretis,
1471 2649 1520 2680 vel
1537 2649 1622 2686 visis,

962 2697 1011 2729 vel
1026 2698 1178 2730 discretis.
1222 2699 1343 2741 Recepi
1358 2698 1531 2730 Burmanni
1545 2709 1617 2735 con-

235 2755 253 2775 a
266 2745 391 2782 Titane,
404 2746 475 2778 Sole
491 2747 580 2788 cujus
594 2747 701 2778 OEetes
714 2746 807 2782 filius,
822 2756 893 2777 cum
957 2747 1123 2788 jecturam,
1139 2748 1238 2779 OEtaeis
1249 2760 1258 2784 ;
1274 2758 1346 2779 nam
1361 2748 1393 2779 in
1406 2748 1524 2780 Codice
1538 2747 1618 2779 Rot-
