1763 3181
266 187 350 229 188

640 188 690 229 Ρ.
724 188 936 230 OVIDII
986 188 1264 230 NASONIS

265 301 398 356 Quid
418 301 664 350 facerent:
694 302 959 350 commissa
977 303 1088 350 duae
1109 304 1214 350 sine
1234 303 1404 352 fraude
1422 312 1637 362 tuentur,

263 377 562 435 Pandrosos,
581 385 731 441 atque
752 378 912 426 Herse
930 398 940 436 ;
963 379 1162 427 timidas
1177 388 1321 428 vocat
1338 397 1435 428 una
1449 398 1639 430 sorores

261 455 522 518 Aglauros,
551 455 810 518 nodosque
834 472 983 504 manu
1008 457 1227 515 diducit3
1256 466 1306 506 at
1329 459 1462 505 intus

1544 462 1641 506 560

262 531 611 596 Infantemque
635 532 820 589 vident,
848 542 1298 598 apporrectumque
1323 535 1604 583 draconem.

260 609 390 656 Acta
415 609 536 656 Deae
563 608 746 657 refero:
785 626 873 673 pro
900 627 999 674 quo
1019 611 1137 658 mihi
1164 612 1323 674 gratia
1346 611 1458 659 talis

265 687 528 743 Redditur,
556 694 612 734 ut
636 687 772 735 dicar
797 689 956 736 tutela
979 689 1125 753 pulsa
1149 688 1418 745 Minervae;

262 763 329 811 Et
351 780 506 827 ponar
530 771 644 828 post
667 765 826 812 noctis
853 782 992 814 avem
1015 783 1025 813 ε
1065 781 1176 814 mea
1201 782 1348 829 poena
1370 766 1594 813 volucres

259 840 595 888 Admonuisse
614 849 795 904 potest,
818 859 879 890 ne
897 859 1015 890 voce
1031 843 1252 906 pericula
1273 849 1514 906 quaerant.
1544 845 1639 890 565

261 916 330 964 At
353 923 491 981 puto,
518 933 615 964 non
640 918 783 974 ultr0‚
811 935 902 967 nec
929 919 1203 982 quidquam
1228 920 1327 968 tale
1352 926 1607 981 rogantem

261 992 348 1041 Me
373 993 545 1058 petiit:
585 994 696 1058 ipsa
717 995 836 1042 licet
859 995 952 1043 hoc
979 1012 1042 1043 ex
1068 995 1274 1044 Pallade
1299 1012 1521 1060 quaeras:

259 1166 325 1192 nat.
366 1160 472 1191 Ulmus
489 1159 578 1201 cujus
595 1159 699 1191 densis
721 1160 802 1191 foliis
825 1160 918 1192 facile

259 1209 326 1242 avis
337 1208 485 1240 abscondi
501 1215 632 1250 poterat.
668 1209 817 1245 Tueatur,
833 1211 919 1241 clau-

260 1270 327 1291 sam
347 1264 471 1290 servant
486 1258 606 1294 cistam,
623 1261 685 1290 sine
696 1259 826 1300 fraude,
843 1259 919 1290 fide-

259 1308 342 1339 liter.
381 1309 457 1339 Duae
466 1319 477 1345 ,·
495 1308 580 1350 apud
593 1308 730 1339 Pausan.
747 1318 818 1345 una,
837 1309 919 1340 Pan-

261 1357 379 1389 drosos.

303 1407 377 1438 560.
401 1406 580 1448 Aglauros]
613 1406 659 1437 Ab
684 1406 831 1448 Apollod.
855 1407 918 1439 III.

258 1456 300 1487 iv.
316 1458 348 1486 2.
365 1457 516 1497 Agraulos
538 1455 692 1491 scribitur,
711 1456 793 1497 quod
814 1457 918 1498 Heyn.

258 1504 372 1536 rectius
390 1505 523 1547 judicat,
540 1515 636 1546 quum
658 1511 765 1536 contra
790 1507 919 1537 Barnes.

261 1554 301 1585 ad
317 1555 424 1596 Eurip.
438 1554 505 1585 Ion.
521 1555 574 1585 23.
588 1554 692 1585 omnia
707 1554 763 1585 illa
773 1555 853 1591 loca,
866 1556 919 1587 ubi

258 1603 325 1634 haec
341 1603 494 1644 scriptura
516 1602 662 1638 occurrit,
679 1603 830 1634 mutanda
845 1615 917 1635 cen-

258 1658 336 1683 seat.
383 1652 482 1682 Nodos
502 1653 630 1683 diducit.
656 1653 736 1683 Nodi
758 1659 830 1684 sunt
852 1653 920 1695 ipsa

258 1700 376 1733 vimina
391 1707 487 1737 texta,
499 1712 569 1742 quae
577 1702 780 1738 diducuntur,
794 1702 918 1743 quando

258 1751 297 1782 ab
322 1750 372 1786 iis,
390 1750 444 1792 qui
465 1749 665 1792 introspicere
691 1750 832 1793 cupiunt,
855 1752 917 1783 dis-

258 1800 443 1830 trahuntur:
479 1800 522 1830 sic
556 1801 626 1830 nodi
655 1799 713 1830 reti
741 1799 920 1832 tribuuntur

259 1849 367 1885 nexili,
386 1848 500 1889 Virgil.
518 1848 648 1879 .²Eneid.
664 1860 694 1879 v.
715 1850 788 1880 510.
810 1850 917 1892 Eurip.

257 1899 357 1928 λῦσαι
377 1899 502 1938 τεῦχος,
532 1897 661 1928 solvisse
690 1908 808 1928 arcam.
853 1899 919 1929 Alii

258 1945 415 1989 ἀνοίγειν.
450 1946 511 1977 Sed
535 1946 649 1978 Noster
671 1947 837 1988 specialem
862 1959 917 1979 no-

257 1996 372 2027 tionem
401 1996 544 2038 subjecit.
588 1995 705 2027 Plurali
731 1999 832 2028 vident
856 2009 916 2029 non

258 2045 394 2076 debebat
430 2045 564 2087 Schepp.
594 2045 730 2084 offendi3
761 2046 917 2087 Aglauros

257 2094 374 2126 etenim
390 2100 560 2125 arcesserat
574 2105 692 2126 sorores
706 2095 843 2126 diductis
862 2107 914 2127 no-

261 2142 321 2174 dis.

300 2193 374 2223 561.
410 2194 681 2234 Apporrectumque
727 2195 912 2236 draconem]

255 2241 436 2273 Tradebant
472 2242 625 2278 nonnulli,
663 2253 734 2273 eum
771 2243 916 2275 habuisse

257 2302 347 2322 crura
375 2291 522 2332 anguina,
553 2291 815 2333 quemadmodum
845 2304 915 2324 eum

257 2339 312 2371 alii
327 2350 444 2371 merum
466 2351 600 2381 anguem
622 2341 715 2372 fuisse
732 2341 915 2372 fabulaban-

256 2393 317 2420 tur.
354 2388 471 2430 Hygin.
487 2389 518 2420 d.
531 2389 553 2420 1.
585 2389 646 2420 Sed
660 2389 747 2420 illam
763 2390 914 2432 interpre-

256 2437 405 2469 tationem
426 2448 486 2468 non
508 2438 676 2469 admittunt
691 2439 797 2470 Ovidii
812 2441 917 2471 verba.

257 2486 289 2517 Is
318 2487 421 2528 potius
445 2488 597 2519 consentit
621 2499 692 2519 cum
715 2488 864 2531 Apollod.
886 2496 917 2520 et

256 2535 414 2577 Fulgent;
440 2546 571 2577 quorum
598 2536 660 2573 hic,
684 2538 824 2568 Minerva
850 2550 917 2569 eum

254 2586 439 2615 abscondidit
455 2587 488 2615 in
501 2587 615 2621 cistam,
626 2588 753 2617 dracone
765 2590 915 2627 opposito;

254 2633 308 2665 ille
323 2634 427 2675 plane,
445 2640 480 2665 ut
495 2635 618 2671 Noster,
633 2638 734 2667 vident
749 2638 797 2677 τῷ
810 2636 916 2678 βρέφει

257 2683 582 2725 παρεσπειρασμένον
606 2684 781 2725 δράκοντα.
820 2684 916 2726 Apud

259 2730 365 2774 Eurip.
382 2732 450 2764 Ion.
465 2733 517 2764 22.
534 2738 565 2764 et
582 2734 675 2765 1427.
697 2733 724 2764 ei
747 2733 785 2764 ad
806 2744 913 2775 corpo-

988 1162 1028 1193 ris
1050 1162 1221 1193 custodiam
1243 1162 1304 1192 duo
1328 1162 1475 1193 dracones
1495 1161 1644 1204 adjuncti.

985 1212 1036 1243 Sic
1051 1217 1082 1243 et
1098 1211 1182 1253 apud
1198 1211 1347 1252 Antigon.
1392 1212 1494 1242 Draco
1515 1211 1567 1242 ille
1585 1211 1641 1242 sub

985 1260 1177 1292 Erichthonii
1199 1259 1322 1291 nomine
1344 1260 1375 1290 in
1397 1259 1508 1291 statuis
1523 1260 1642 1291 Miner-

985 1321 1031 1342 vae
1044 1311 1240 1341 cernebatur.
1265 1309 1474 1352 Pausanip.
1484 1310 1535 1340 58.
1559 1309 1642 1340 Hinc

985 1371 1056 1401 pars
1070 1359 1183 1390 fabulae
1199 1365 1276 1391 orta.
1322 1360 1425 1396 Quam
1449 1369 1575 1400 poenam
1597 1364 1643 1390 te-

986 1409 1135 1440 meritatis
1157 1419 1255 1451 passae
1272 1408 1333 1439 sint
1351 1408 1430 1444 istae,
1445 1408 1496 1439 hic
1511 1419 1572 1439 non
1587 1408 1643 1439 ad-

985 1458 1080 1489 ditur.
1106 1458 1228 1500 Nempe
1241 1457 1361 1488 insania
1371 1462 1518 1498 correptae
1531 1468 1548 1488 e
1563 1467 1640 1499 prae-

985 1513 1075 1549 rupto
1103 1507 1171 1538 loco
1207 1518 1239 1538 se
1266 1506 1510 1548 praeeipitarunt.
1534 1506 1640 1548 Eurip.

985 1556 1120 1587 Pausan.
1135 1556 1283 1598 Apollod.

1029 1606 1101 1637 562.
1114 1607 1192 1636 Acta
1208 1606 1278 1635 Deae
1294 1604 1418 1646 resera]
1434 1604 1531 1635 Gesta
1546 1613 1564 1634 a
1578 1604 1640 1635 Ce-

987 1653 1087 1696 cropis
1100 1653 1222 1684 filiabus
1238 1653 1388 1684 Minervae
1406 1652 1525 1683 nuntio.

1029 1704 1102 1734 563.
1121 1703 1163 1733 Ut
1183 1703 1296 1743 dican]
1322 1702 1496 1738 Cornicem,
1512 1702 1551 1732 ob
1572 1712 1639 1743 gar-

984 1752 1153 1788 rulitatem,
1179 1757 1339 1782 aversatur
1363 1750 1537 1793 prudentiae
1560 1751 1642 1781 Dea.

984 1802 1023 1832 In
1050 1801 1176 1843 templis
1204 1806 1235 1831 et
1270 1799 1351 1830 lucis
1379 1799 1532 1830 Minervae
1563 1809 1640 1835 raro,

984 1849 1118 1881 Athenis
1143 1849 1267 1880 omnino
1287 1859 1349 1879 non
1368 1848 1524 1890 aspicitur.
1559 1848 1640 1879 Ani·

985 1899 1103 1930 mantia
1115 1904 1147 1930 et
1161 1899 1285 1929 arbores
1299 1897 1370 1928 Diis
1384 1907 1479 1927 sacrae
1495 1896 1643 1928 dicuntur

985 1947 1017 1978 in
1031 1958 1135 1978 eorum
1152 1948 1247 1977 tutela
1258 1956 1336 1978 esse.
1362 1945 1642 1978 Phaedr.111.xvii.

986 1998 1089 2028 Ponat·
1109 2003 1182 2036 post,
1202 1997 1304 2027 locum
1326 2006 1430 2026 meum
1455 1995 1565 2027 cedere
1589 2006 1641 2028 co-

985 2052 1054 2078 acta
1078 2046 1145 2077 sim.
1188 2045 1336 2080 Volucres,
1365 2044 1459 2075 etiam
1487 2044 1638 2081 homines,

984 2105 1108 2126 monere
1128 2100 1239 2136 potest,
1256 2104 1294 2124 ne
1319 2104 1394 2128 voce,
1411 2092 1540 2134 ingratis
1559 2103 1640 2124 nun-

983 2144 1034 2175 tiis
1048 2143 1249 2186 perferendis,
1261 2142 1505 2183 criminibusque
1521 2147 1638 2174 temere

983 2192 1177 2235 detegendiS,
1214 2193 1272 2224 sibi
1307 2198 1338 2223 et
1374 2191 1444 2223 aliis
1483 2191 1640 2224 molestias

983 2248 1097 2273 creent.

1026 2292 1099 2322 566.
1115 2292 1155 2321 At
1168 2297 1252 2330 puto,
1269 2301 1327 2320 uon
1342 2291 1452 2333 ultro]
1468 2292 1518 2323 Ne
1532 2302 1640 2324 cowus

983 2346 1118 2382 putaret,
1144 2339 1301 2370 cornicem
1330 2339 1399 2371 ideo
1425 2341 1549 2382 pulsam
1573 2352 1639 2373 esse

984 2390 1082 2420 tutela
1104 2389 1267 2425 Minervae,
1291 2389 1374 2430 quod
1397 2389 1519 2431 ingrata
1543 2390 1572 2421 ei
1593 2391 1640 2422 fu-

983 2438 1041 2469 erit
1065 2438 1133 2469 haee
1157 2439 1233 2473 avis,
1249 2444 1364 2474 monet,
1382 2449 1414 2470 se
1437 2449 1455 2470 a
1477 2440 1549 2470 Dea
1572 2439 1640 2481 ipsa

982 2488 1063 2519 ultro
1091 2489 1223 2519 electam
1250 2498 1317 2519 esse
1347 2488 1513 2526 comitem;
1545 2495 1640 2531 atque

982 2536 1027 2568 ita
1050 2537 1131 2568 viam
1157 2537 1215 2567 sibi
1244 2535 1354 2578 pandit
1377 2537 1416 2568 ad
1441 2537 1639 2569 transforma-

982 2585 1097 2616 tionem
1127 2596 1214 2616 suam
1244 2585 1439 2617 narrandam.
1494 2587 1535 2616 Ac
1567 2594 1641 2626 puto

984 2640 1069 2666 amat
1098 2635 1212 2665 Noster
1246 2634 1278 2664 in
1311 2635 1535 2677 objectionibus
1561 2646 1640 2677 quas

983 2694 1137 2714 removere
1156 2683 1243 2714 vult:
1269 2683 1339 2715 vide
1364 2685 1496 2716 Metam.
1520 2684 1574 2716 lib.
1595 2684 1639 2716 iii.

983 2733 1046 2763 266
1059 2744 1067 2772 ;
1091 2739 1122 2763 et
1136 2732 1178 2763 xi.
1194 2733 1266 2764 425.
