1763 3181
239 180 327 222 340

243 296 515 343 Circueunt
539 311 691 342 unum
717 294 937 343 Phineus
963 302 1012 343 et
1035 295 1169 342 mille
1190 297 1389 359 sequuti

633 181 683 222 P.
717 179 928 222 OVIDII
964 179 1242 223 NASONIS

1537 302 1625 346 157

241 373 458 420 Phinea:
498 373 598 420 tela
616 373 783 419 volant
806 372 1012 419 hiberna
1036 372 1273 435 grandine
1299 374 1440 437 plura
1509 378 1623 430 [res.

240 450 428 497 Praeter
442 456 706 513 utrumque
727 450 871 506 latus,
890 457 1169 513 praeterque
1195 456 1245 497 et
1262 451 1446 508 lumen,
1467 459 1516 499 et
1540 469 1624 500 au-

242 527 478 590 Applicat
496 527 608 574 hinc
634 527 863 574 humeros
886 528 947 574 ad
973 543 1164 589 magnae
1190 543 1313 574 saxa
1330 530 1599 585 columnae;

240 604 468 668 Tutaque
483 612 624 667 terga
639 621 831 666 gerens,
845 605 1151 667 adversaque
1167 605 1216 650 in
1230 605 1427 667 agmina
1436 622 1621 660 versus,

242 681 467 729 Sustinet
491 682 759 729 instantes':
800 683 1052 729 instabant
1077 689 1214 745 parte
1242 682 1439 729 sinistra

241 759 493 806 Choanius
521 759 768 822 Molpeus‚
796 760 975 807 dextra
1001 759 1274 806 Nabataeus
1302 759 1564 807 Ethemon.

238 836 400 898 Tigris
425 843 495 892 ut,
522 835 704 883 auditis
730 836 923 884 diversa
947 837 1072 883 valle
1097 836 1304 882 duorum

239 912 573 960 Exstimulata
595 912 723 960 fame
749 912 1020 975 mugitibus
1046 920 1393 968 armentorum,

239 990 431 1046 Nescit,
458 996 568 1036 utro
594 989 758 1053 potius
790 997 925 1045 ruat3

1531 916 1621 960 165

966 996 1016 1036 et
1047 1005 1188 1035 ruere
1213 989 1353 1036 ardet
1376 996 1586 1052 utroque
1608 1007 1617 1038 :

240 1067 324 1113 Sic
349 1067 530 1113 dubius
557 1067 788 1122 Perseus,
817 1067 995 1113 dextra
1018 1066 1206 1112 laevane
1231 1065 1429 1121 feratur,

238 1143 442 1207 Molpea
463 1144 659 1207 trajecti
685 1144 931 1190 submovit
954 1144 1156 1191 vulnere
1181 1144 1334 1190 cruris
1353 1162 1363 1200 ;

240 1219 620 1283 Contentusque
654 1220 772 1282 fuga
801 1227 906 1267 est:
946 1237 1111 1283 neque
1149 1220 1279 1267 enim
1314 1221 1401 1267 dat
1424 1227 1621 1284 tempus

436 1297 700 1354 Ethemon,

241 1374 342 1421 Sed
366 1374 508 1432 furit3
540 1381 605 1430 et,
627 1375 835 1438 cupiens
861 1376 960 1422 alto
985 1376 1103 1423 dare
1128 1376 1331 1422 vulnera
1355 1376 1496 1432 collo,
1529 1378 1620 1422 170

236 1450 351 1498 Non
375 1451 750 1515 circumspectis
772 1459 1006 1499 exactum
1030 1452 1214 1499 viribus
1240 1468 1409 1500 ensem

237 1526 433 1591 Fregit3
474 1535 525 1575 et
549 1535 774 1576 extrema
795 1545 1044 1592 percussae
1069 1535 1209 1592 parte
1233 1529 1476 1577 columnae

280 1693 351 1724 158.
381 1693 530 1730 Hiberna,
562 1703 656 1735 quam
689 1692 834 1736 procellae
862 1693 895 1724 in

236 1746 348 1772 terram
369 1741 532 1784 dejiciunt.
566 1744 642 1773 AEn.
665 1753 696 1773 x.
719 1743 778 1773 801
801 1753 891 1784 sqq.:

238 1790 366 1831 Telaque
402 1792 719 1831 comminue—velut
754 1791 848 1833 effusa
871 1794 895 1822 si

235 1841 353 1880 quando
383 1841 535 1881 grandine
565 1841 656 1870 nimbi
683 1840 893 1880 Praecz'pitant.

235 1888 287 1920 Cf.
305 1887 347 1920 ix.
363 1889 437 1920 668.
468 1887 564 1930 Apud
587 1889 770 1925 Homerum,
791 1889 831 1920 Il.
848 1893 893 1920 M.

236 1938 308 1969 156.
336 1948 409 1969 vero
437 1938 501 1969 tela
530 1936 658 1980 νιφάδες
687 1938 730 1975 ὥς
764 1937 893 1970 πῖπτον

233 1985 336 2028 ἔραζε.
373 1987 489 2017 Praeter
502 1993 663 2027 utrumque
679 1988 760 2017 latus
770 1998 782 2025 3
801 1987 894 2029 juxta

233 2041 399 2078 utrumque
425 2037 518 2072 latus,
543 2041 575 2067 et
595 2036 740 2067 dextrum
763 2042 795 2067 et
818 2036 892 2067 sini-

235 2092 344 2121 strum,
362 2096 520 2128 propeque
535 2091 567 2116 et
581 2086 687 2116 oculos
703 2091 734 2116 et
750 2096 850 2116 aures.

280 2135 353 2166 160.
378 2136 522 2175 Applicat
544 2136 613 2166 hinc
639 2136 783 2172 humeros,
810 2136 889 2176 etc.]

232 2183 373 2215 Similem
396 2184 571 2215 Alexandri
595 2195 733 2225 pugnam
758 2185 894 2216 referunt

233 2232 324 2264 curt.
344 2232 390 2264 ix.
413 2235 443 2264 5.
467 2239 500 2264 et
523 2233 641 2265 Justin.
662 2233 716 2264 xii.
739 2234 770 2264 9.
798 2244 892 2275 quam

233 2281 362 2313 minime
384 2282 577 2319 credibilem,
593 2288 624 2313 et
647 2293 685 2313 ex
711 2282 769 2313 hac
787 2282 892 2314 Persei

235 2331 343 2362 fabula
366 2331 469 2362 fictam
495 2337 586 2374 putat
608 2332 716 2363 Burm.
742 2334 894 2372 applicare

233 2381 429 2423 verb.propr.
442 2380 473 2411 in
488 2381 546 2412 hac
563 2391 606 2412 re.
644 2384 692 2413 Ad
706 2393 787 2417 sara,
797 2382 890 2413 saxis.

232 2429 325 2460 Atria
346 2434 449 2460 autem
470 2429 574 2461 media
590 2443 704 2473 magnae
721 2430 794 2461 olim
809 2430 889 2461 inni-

232 2479 378 2510 tebantur
392 2480 546 2509 columnas.

278 2528 350 2558 162.
366 2527 552 2568 Instabam]
571 2528 705 2559 Codices
720 2528 826 2565 nostri,
840 2530 888 2559 in-

231 2579 338 2608 stabat.
384 2577 465 2609 Vide
488 2589 557 2619 quae
580 2577 716 2609 diximus
736 2589 829 2620 supra
850 2578 890 2609 ad

233 2629 370 2666 eripient,
396 2627 428 2657 in
457 2637 545 2658 versu
577 2628 626 2658 12.
674 2627 836 2664 Choanius,
873 2637 891 2657 a

235 2675 418 2707 Cliaonibus
443 2675 497 2717 qui
522 2687 559 2706 ex
587 2675 802 2717 antiquissima
829 2677 888 2706 Pe-

234 2725 386 2764 lasgorum
417 2724 510 2765 stirpe
542 2732 642 2761 erant,
674 2725 890 2757 vetustissimis

962 1693 1151 1736 temporibus
1187 1704 1259 1735 pars
1294 1692 1382 1735 Epiri
1410 1693 1621 1725 habitabatur.

962 1744 1083 1780 Strabo,
1111 1755 1145 1785 p.
1175 1744 1264 1781 4983
1301 1742 1385 1774 Plin.
1413 1742 1455 1773 iv.
1489 1753 1619 1784 prooem.

962 1793 1050 1824 Male
1077 1798 1180 1824 autem
1213 1793 1363 1823 Chaonius
1398 1798 1430 1823 et
1460 1792 1622 1824 Nabacaeus

962 1842 1050 1883 (vide
1066 1842 1106 1873 ad
1120 1843 1143 1873 i.
1160 1841 1230 1882 61.)
1250 1841 1300 1872 hic
1319 1842 1502 1883 junguntur.
1547 1842 1620 1873 Non

961 1891 1055 1932 igitur
1082 1891 1225 1922 dubitavi
1251 1901 1268 1922 e
1293 1890 1419 1932 Micylli
1440 1890 1621 1932 conjectura

964 1940 1114 1970 Chwoanius
1129 1939 1274 1971 exhibere
1288 1951 1294 1969 :
1312 1940 1423 1981 probat
1439 1949 1508 1970 eam
1523 1939 1619 1969 etiam

959 1989 1116 2020 Harduin.
1143 1989 1184 2019 ad
1212 1987 1363 2024 Plinium,
1390 1987 1432 2019 vi.
1455 1989 1496 2019 28
1518 1999 1543 2019 5.
1567 1989 1620 2019 32.

961 2038 1013 2069 ubi
1029 2038 1068 2069 de
1086 2038 1225 2069 Chaonis.
1269 2037 1396 2068 Arabiae
1418 2037 1537 2074 incolis,
1553 2038 1620 2079 agi—

960 2093 1020 2118 tur.
1069 2087 1180 2129 Tigris,
1208 2093 1268 2118 etc.
1305 2088 1392 2117 Bene
1421 2086 1544 2118 delecta
1579 2086 1621 2118 si-

960 2136 1117 2168 militudo.
1158 2137 1290 2167 Homer.
1307 2146 1380 2166 vero
1392 2141 1424 2167 et
1438 2135 1527 2177 Virg.
1542 2137 1619 2168 AEn.

960 2185 1002 2216 ix.
1031 2187 1106 2217 339.
1136 2196 1208 2217 cum
1238 2187 1317 2216 leone
1349 2188 1473 2226 impasto
1504 2185 1618 2227 potius,

959 2244 1053 2276 quem
1082 2247 1190 2267 vesana
1205 2236 1308 2277 fames
1333 2236 1479 2271 stimulat,
1507 2234 1618 2266 sortem

958 2285 1141 2316 bellatorem
1156 2289 1348 2326 comparant.
1373 2284 1501 2314 Diversa
1516 2285 1593 2314 valle
1605 2296 1615 2321 ,-

957 2334 988 2364 in
1004 2339 1091 2375 parte
1108 2333 1231 2365 diversa
1246 2333 1348 2364 vallis.

1003 2383 1072 2413 170.
1092 2383 1216 2419 Furere,
1228 2382 1411 2424 μαίνεσθαι,
1423 2381 1523 2417 Θὺειν,
1535 2391 1617 2423 saepe

956 2432 1037 2462 bono
1051 2442 1141 2463 sensu
1156 2432 1194 2463 de
1210 2431 1308 2462 milite
1322 2431 1433 2461 acriter
1447 2436 1617 2472 pugnante.

956 2481 1095 2512 Bruckh.
1116 2481 1156 2512 ad
1180 2482 1319 2522 Propert.
1335 2480 1394 2510 lv.
1410 2480 1451 2510 vi.
1467 2480 1528 2510 56:
1561 2479 1616 2510 sed

955 2529 1039 2560 idem
1063 2536 1095 2561 et
1119 2530 1265 2560 iratorum
1290 2534 1346 2559 est.
1393 2529 1463 2559 Non
1486 2530 1616 2558 circam-

955 2580 1069 2617 spectis,
1085 2590 1144 2609 non
1169 2583 1260 2608 antea
1281 2576 1470 2619 ponderatiS,
1486 2576 1543 2607 hoe
1558 2582 1615 2612 est,

955 2627 1067 2658 nimiis.
1114 2628 1242 2668 Exigere
1256 2637 1362 2662 ensem,
1377 2635 1528 2657 summam
1544 2624 1615 2656 viri-

956 2688 1008 2708 um
1024 2677 1226 2708 intentionem
1242 2682 1346 2708 notare
1362 2689 1367 2706 :
1384 2677 1490 2708 docuit
1505 2674 1614 2706 Barth.

957 2732 988 2756 at
1004 2727 1083 2758 Stat.
1099 2726 1140 2756 vi.
1154 2726 1252 2757 Theb.
1269 2726 1344 2756 718.
