1763 3181
393 181 1013 224 METAMORPHOSEON
1046 181 1166 222 LIB.
1199 181 1256 222 V.

1430 182 1514 224 355

203 295 351 344 Haud
366 298 537 360 procul
549 296 785 345 Hennaeis
801 297 937 345 lacus
953 303 1030 344 est
1045 313 1073 344 a
1087 296 1332 343 moenibus
1349 297 1475 353 altae,

137 372 350 421 Nomine
376 374 586 436 Pergus,
608 390 775 438 aquae:
815 390 913 421 non
936 373 1020 420 illo
1045 373 1187 436 plura
1212 373 1452 436 Caystros

136 448 371 497 Carmina
394 467 662 514 cycnorum
686 450 967 498 labentibus
993 449 1132 497 audit
1155 450 1204 496 in
1229 450 1391 497 undis.

137 526 272 574 Silva
294 535 496 575 coronat
519 544 691 591 aquas,
719 528 924 590 cingens
950 527 1078 573 latus
1103 542 1277 584 omne;
1315 527 1518 590 suisque

135 601 432 660 Frondibus,
458 611 513 652 ut
535 605 661 660 velo,
688 603 936 651 Phoebeos
961 603 1223 665 submovet
1246 602 1393 651 ictus.

134 678 337 743 Frigora
360 680 481 728 dant
504 680 840 744 rami,'-Tyrios
862 681 1041 728 humus
1066 680 1269 727 humida
1288 681 1450 737 flores,

134 756 440 821 Perpetuum
456 774 541 806 ver
561 766 664 806 est:
693 774 792 821 quo
817 757 936 804 dum
962 757 1261 821 Proserpina
1283 758 1395 806 luco
1421 761 1511 806 391

137 831 302 891 Ludit,
329 841 381 883 et
400 842 486 883 aut
509 835 678 891 violas,
706 841 792 882 aut
814 834 1026 882 candida
1048 834 1151 882 lilia
1174 834 1362 898 carpit3

178 1001 254 1032 385.
277 1000 390 1032 Henna
405 1007 460 1033 aut
475 1003 578 1038 Enna,
596 1003 669 1033 urbs
684 1002 715 1033 in
729 1012 793 1034 me-

135 1048 188 1080 dia
202 1049 310 1081 Sicilia
328 1049 399 1088 sita,
414 1056 509 1093 atque
530 1051 603 1082 hinc
625 1051 794 1083 umbilicus

135 1098 245 1130 insulae
270 1099 369 1131 dicta.
414 1101 465 1132 Ibi
493 1101 588 1132 Ceres
612 1106 701 1132 tanta
721 1101 793 1131 reli-

136 1149 227 1190 gione
242 1149 411 1187 colebatur,
427 1155 462 1181 ut
476 1149 532 1181 illa
546 1151 619 1181 urbs
632 1161 694 1182 non
709 1151 792 1187 urbs,

135 1197 191 1229 sed
219 1198 325 1230 fanum
355 1199 489 1235 Cereris,
512 1210 683 1241 omnesque
711 1199 795 1231 cives

136 1247 314 1279 sacerdotes
340 1247 430 1279 istius
452 1249 531 1280 Deae
558 1259 626 1280 esse
652 1248 795 1279 videren—

137 1301 197 1328 tur.
234 1297 305 1328 Cic.
329 1298 420 1330 Verr.
443 1297 487 1329 iv.
511 1299 563 1335 49,
588 1299 652 1337 503
674 1297 794 1334 Livius,

135 1345 221 1376 xxiv.
237 1347 290 1377 39.
334 1346 382 1377 Ex
397 1347 464 1389 ejus
479 1347 564 1378 urbis
582 1357 705 1378 nemore
717 1348 793 1378 Pro-

136 1394 292 1438 serpinam
326 1406 393 1428 esse
429 1401 562 1439 raptam,
587 1395 795 1438 probatissimi

136 1450 278 1476 auctores
314 1445 463 1477 referunt.
506 1445 573 1476 Alii
609 1451 726 1482 tamen,
760 1451 795 1476 ut

136 1493 264 1527 Pindar.
289 1495 386 1526 Nem.
414 1495 455 1527 A.
480 1495 599 1537 Hygin.
627 1495 691 1527 fab.
719 1496 792 1527 146.

137 1543 307 1575 claudian.
338 1546 469 1576 AEtnam
505 1545 665 1576 nominant
682 1557 688 1575 :
726 1545 794 1576 vid.

138 1594 334 1625 Brouckhus.
349 1594 388 1626 ad
404 1595 546 1637 Propert.
563 1595 590 1626 Ι.
600 1594 645 1625 iii.
662 1596 689 1625 1.
714 1596 794 1626 Sunt

137 1652 243 1674 rursus
271 1643 336 1680 alii,
357 1644 410 1686 qui
438 1643 471 1674 id
489 1643 522 1674 in
549 1643 654 1674 Attica
680 1649 735 1675 aut
762 1643 795 1675 in

137 1691 286 1723 Asiaticis
295 1693 383 1724 terris
392 1692 543 1724 accidisse
554 1692 675 1723 malint.
699 1692 793 1724 Cam-

136 1750 212 1782 pum
227 1741 378 1782 Nysaeum
392 1741 488 1772 habet
502 1742 632 1772 Homer.
649 1742 794 1783 hymnus,

137 1790 333 1822 occidentale
357 1791 518 1833 Hispaniae
542 1790 617 1821 litus
639 1791 794 1833 Orpheus.

137 1839 220 1872 Vide
238 1841 343 1872 Schol.
359 1840 500 1877 Hesiodi,
514 1852 545 1883 p.
561 1841 634 1871 303.
649 1846 681 1871 et
694 1842 795 1882 Span-

137 1888 221 1921 hem.
235 1889 276 1920 ad
295 1889 483 1922 Callimach.
497 1889 531 1921 h.
547 1890 578 1920 in
596 1890 667 1921 Cer.
682 1900 747 1921 ver.
763 1891 794 1921 9.

139 1937 221 1969 Cum
240 1939 355 1970 Nostro
375 1939 480 1981 placet
494 1939 590 1969 verba
610 1938 680 1970 Cic.
705 1939 795 1970 Verr.

136 1986 179 2019 iv.
205 1989 258 2019 48.
283 1988 439 2020 conferre:
466 1989 598 2028 Raptam
626 2000 683 2019 esse
707 1989 796 2020 Libe·

137 2048 214 2074 ram,
239 2050 327 2079 quam
355 2040 476 2069 eandem
505 2039 718 2079 Proserpinam
746 2050 795 2070 vo-

138 2093 221 2124 cant,
257 2099 292 2119 ex
322 2088 508 2119 Ennensium
543 2088 796 2119 ‘nemore—Enna

139 2144 251 2174 autem,
268 2139 320 2168 ubi
344 2149 388 2175 ea,
401 2149 463 2178 quae
477 2140 554 2173 dico,
568 2144 652 2180 gesta
665 2149 721 2169 esse
737 2149 796 2169 me-

139 2194 308 2225 morantur,
321 2195 362 2219 est
379 2189 439 2218 loco
450 2188 586 2227 praecetso
600 2194 687 2228 atque
697 2190 776 2218 edito
786 2201 795 2218 .-

139 2248 195 2277 quo
209 2238 242 2267 in
256 2248 367 2268 summo
382 2244 423 2268 est
441 2243 556 2277 aequata
570 2239 639 2278 agri
655 2238 797 2277 planities

139 2292 169 2316 et
189 2297 271 2326 aquae
291 2297 444 2326 perennes.
492 2286 565 2316 Tota
580 2297 647 2316 vero
668 2287 704 2316 ab
718 2288 797 2316 omni

139 2337 227 2366 aditu
251 2337 425 2366 circumcisa
452 2342 542 2375 atque
569 2337 715 2374 dirempta
743 2342 795 2367 est.

142 2384 240 2419 Quam
262 2388 343 2417 circa
372 2386 455 2415 lacus
483 2386 600 2425 lac-ique
624 2391 696 2415 sunt
720 2386 793 2424 plu-

140 2436 221 2471 rimi,
244 2441 274 2465 et
298 2436 438 2466 laetissimi
451 2435 546 2475 flores
566 2435 645 2464 omni
670 2441 796 2473 tempore

141 2485 235 2514 anm':
260 2485 340 2515 locus
354 2491 390 2514 ut
407 2487 467 2524 'ipse
489 2490 611 2523 raptum
629 2484 717 2513 illam
732 2485 794 2513 vir-

136 2535 230 2574 ginis,
253 2544 338 2573 quem
355 2535 425 2572 jam
446 2545 465 2563 a
490 2534 591 2572 pueris
619 2534 794 2571 accepimus,

138 2583 294 2613 declarare
330 2584 481 2613 videatur.
531 2582 651 2612 Etenim
675 2588 796 2621 propter

140 2638 182 2662 est
196 2633 336 2671 spelunca
351 2633 492 2672 quiedam,
505 2641 641 2661 conversa
657 2632 696 2660 ad
709 2632 793 2670 aqui-

141 2682 247 2717 lonem,
270 2681 394 2720 infinita
415 2681 589 2715 altitudine,
611 2691 670 2720 qua
696 2679 795 2709 Ditem

138 2737 254 2770 patrem
267 2731 382 2772 ferunt
404 2736 524 2770 repente
544 2740 612 2760 cum
631 2739 727 2759 curru
745 2739 792 2759 ex-

861 1004 964 1038 titisse,
989 1002 1195 1042 abreptamque
1222 1012 1255 1031 ex
1284 1012 1315 1031 eo
1340 1001 1399 1031 loco
1423 1002 1521 1042 virgi—

859 1063 925 1082 nem
947 1061 1043 1081 secum
1070 1051 1244 1090 asportasse,
1272 1056 1301 1080 et
1337 1050 1432 1080 subito
1460 1062 1520 1080 non

861 1102 947 1143 longe
973 1113 991 1130 a
1015 1100 1171 1141 Syracusis
1190 1100 1357 1139 penetrasse
1380 1100 1434 1129 sab
1460 1105 1519 1130 ter-

860 1161 920 1186 ras,
937 1151 1091 1189 lacumque
1111 1151 1144 1179 in
1166 1160 1197 1179 eo
1225 1149 1285 1179 loco
1306 1154 1425 1187 repente
1446 1150 1520 1178 esti—

862 1201 946 1230 tisse:
969 1200 1021 1229 ubi
1035 1209 1125 1238 usque
1139 1200 1178 1228 ad
1194 1199 1245 1228 hoc
1261 1204 1372 1237 tempus
1388 1197 1521 1237 Syracu·

861 1249 928 1279 sani
946 1248 1042 1290 festos
1070 1248 1131 1277 dies
1166 1248 1384 1277 anniversarios
1412 1252 1519 1287 agunt.

865 1297 995 1338 Pergus.
1029 1296 1080 1326 Sic
1104 1301 1233 1326 vocatur
1260 1295 1355 1325 etiam
1384 1305 1403 1325 a
1423 1295 1522 1326 Clau-

862 1346 966 1382 diano,
983 1345 1015 1376 ii.
1034 1347 1105 1376 112.
1121 1355 1140 1376 a
1155 1355 1216 1386 quo
1231 1344 1304 1375 inde
1320 1354 1339 1374 a
1355 1355 1443 1375 versu
1461 1345 1521 1375 100

862 1396 959 1427 forma
973 1395 1033 1427 loci
1056 1395 1252 1427 describitur.
1299 1394 1448 1435 Caystrus.
1470 1394 1521 1425 De

862 1446 993 1487 Caystro
1023 1445 1156 1487 ejusque
1186 1443 1303 1485 cycnis,
1329 1443 1401 1474 vide
1427 1443 1467 1474 ad
1489 1443 1523 1475 ii.

861 1497 935 1527 252.
988 1495 1134 1525 Labeates
1167 1495 1268 1530 undae,
1297 1493 1362 1535 ipse
1398 1492 1522 1524 fluvius.

905 1546 980 1576 388.
1003 1545 1087 1575 Silva
1112 1549 1235 1574 coronat
1258 1542 1378 1583 aquas]
1414 1542 1521 1572 Etiam

863 1595 1008 1636 Orpheus
1030 1593 1074 1624 ibi
1099 1597 1252 1623 memorat
1271 1591 1365 1622 fuisse
1388 1591 1463 1633 εὐρύ
1487 1603 1520 1623 τε

861 1645 915 1674 καὶ
936 1642 1020 1686 μέγα
1041 1643 1154 1679 ἄλσος.
1202 1642 1306 1671 Velum
1325 1639 1521 1681 intelligitur,

862 1694 945 1736 quod
985 1694 1017 1724 in
1054 1691 1303 1734 Amphitheatris
1350 1701 1521 1732 expansum

861 1749 1051 1785 spectatores
1077 1752 1095 1772 a
1115 1741 1188 1772 solis
1207 1740 1385 1772 verberibus
1412 1739 1521 1771 defen-

862 1793 968 1823 debat.
1000 1791 1148 1824 Juvenal.
1174 1791 1216 1821 iv.
1234 1791 1306 1821 122.
1351 1789 1435 1820 Ietas
1457 1789 1520 1820 Soli

862 1841 1038 1883 frequenter
1050 1840 1227 1872 tribuuntur
1241 1851 1249 1877 3
1266 1837 1345 1870 radii
1360 1838 1442 1869 enim
1454 1839 1480 1880 ej
1487 1850 1522 1870 us

862 1895 934 1921 sunt
961 1889 1058 1921 veluti
1085 1889 1160 1925 tela,
1187 1900 1257 1930 quae
1285 1888 1463 1929 percutiunt
1490 1894 1523 1919 et

862 1940 1024 1970 verberant
1048 1948 1185 1980 corpora.
1217 1938 1328 1967 Horat.
1352 1937 1400 1967 II.
1423 1948 1475 1969 xv.
1489 1939 1522 1968 9.

862 1991 953 2019 ramis
977 1990 1081 2019 laurea
1096 1988 1235 2030 fervidos
1259 1987 1404 2017 Excludit
1433 1989 1523 2018 ictus.

866 2038 969 2078 Tyrios
988 2039 1093 2080 flores.
1138 2037 1256 2067 Eodem
1285 2046 1377 2066 sensu
1407 2035 1522 2067 dicitur

865 2087 976 2127 Tyrius
998 2098 1110 2123 crocus,
1134 2086 1229 2127 Tyria
1250 2087 1392 2126 chlamys,
1411 2085 1523 2126 Tyrius

862 2143 957 2173 torus,
987 2136 1097 2177 Tyrius
1114 2136 1235 2176 fucus,·
1264 2140 1296 2165 et
1320 2135 1351 2165 in
1376 2134 1454 2165 libro
1477 2135 1521 2167 ix.

866 2186 971 2227 Tyrios
996 2188 1115 2216 imitata
1140 2186 1258 2221 colores,
1283 2189 1361 2221 etc.;
1388 2189 1419 2214 et
1441 2183 1521 2215 libro

862 2246 896 2265 x.
915 2235 1060 2276 Tyrioque
1082 2235 1227 2264 nitentior
1247 2239 1323 2263 ostro
1335 2233 1397 2274 flos
1411 2235 1522 2264 oritur.

862 2283 1018 2314 Arnobius
1040 2284 1095 2314 dat
1113 2293 1279 2323 purpureos
1290 2293 1300 2319 ,-
1324 2281 1357 2311 id
1378 2287 1435 2317 est,
1454 2292 1520 2311 om-

863 2333 935 2363 nino
962 2332 1135 2374 pulchros5
1169 2331 1283 2362 etenim
1311 2330 1366 2360 Tot
1383 2330 1520 2371 fuerant

862 2382 939 2417 illic,
959 2387 1028 2421 quot
1050 2382 1133 2411 habet
1155 2386 1280 2416 natura,
1301 2380 1419 2415 colores,
1434 2380 1520 2411 Fast.

863 2431 894 2461 (1.
910 2431 933 2461 1.
948 2432 1021 2461 429.
1035 2430 1089 2460 ubi
1104 2429 1194 2472 copia
1206 2430 1333 2460 istorum
1348 2429 1457 2459 florum
1472 2439 1519 2459 re-

862 2486 1016 2512 censetur.

907 2531 981 2560 392.
1001 2530 1108 2564 Ludit,
1128 2535 1157 2559 et
1178 2533 1231 2558 aut
1255 2528 1357 2563 violas,
1378 2527 1455 2567 etc.]
1480 2527 1519 2558 In

863 2590 899 2609 eo
915 2578 1111 2609 consentiunt
1130 2587 1245 2612 omnes,
1258 2580 1377 2617 raptam
1394 2576 1519 2606 Proser-

862 2629 981 2670 pinam,
1002 2628 1197 2669 quumflores
1213 2628 1333 2668 legeret,
1349 2635 1367 2655 a
1382 2636 1443 2665 quo
1458 2637 1518 2657 non

862 2678 966 2709 differt
986 2678 1119 2708 alterum
1138 2678 1253 2711 ludere,
1271 2674 1354 2716 quod
1375 2673 1414 2704 de
1435 2675 1518 2706 omni

861 2737 955 2769 opera
973 2738 1033 2758 non
1054 2726 1134 2757 seria
1152 2725 1287 2768 ponitur.
1332 2724 1351 2756 J
1355 2734 1404 2754 am
1421 2724 1515 2755 Pam-
