1763 3181
423 174 1042 216 METAMORPHOSEON
1076 175 1195 216 LIB.
1229 177 1309 217 IV.
1459 179 1544 220 275

161 288 473 352 Quacunque
497 289 785 351 ingrederiS,
811 290 997 337 clamor
1017 290 1268 353 juvenilis,
1295 299 1347 339 et
1370 308 1470 340 una

163 364 410 414 Femineae
432 382 595 423 voces,
622 366 934 431 impulsaque
959 374 1200 431 tympana
1223 368 1418 432 palmis,
1479 373 1541 417 29

163 442 496 507 Concavaque
514 460 611 491 aera
628 451 821 500 sonant,
837 445 1089 508 longoque
1105 445 1343 493 foramine
1358 447 1539 494 buxus.

161 519 394 576 Pacatus,
421 519 672 584 mitisque,
701 529 877 584 rogant
903 521 1199 578 Ismenides,
1227 522 1389 579 adsis3

160 595 411 661 Jussaque
431 613 572 645 sacra
594 598 792 646 colunt:
833 598 949 645 solae
976 598 1261 663 Minyeides
1290 600 1440 656 intus,

163 673 520 738 Intempestiva
542 676 800 722 turbantes
825 675 952 723 festa
978 675 1218 734 Minerva,

159 751 263 799 Aut
286 752 474 799 ducunt
496 752 651 808 lanas,
679 759 765 799 aut
788 753 999 800 stamina
1023 754 1202 817 pollice
1226 761 1439 811 versant,
1478 759 1539 802 34

159 831 262 877 Aut
285 829 471 877 haerent
490 830 618 885 telae,
645 829 955 893 famulasque
979 831 1230 878 laboribus
1256 840 1450 895 urgent.

161 905 203 953 E
228 907 409 970 quibus
435 923 533 954 una
555 906 649 955 levi
674 907 926 955 deducens
952 908 1131 971 pollice
1156 908 1310 964 filum,

201 1102 256 1132 30.
274 1101 466 1142 Concavaque
478 1114 551 1138 cera,
564 1101 711 1143 cymbala
723 1112 813 1133 aerea.

159 1150 318 1193 Longeque
322 1151 478 1193 foramine
492 1153 597 1183 buxus.
623 1151 816 1193 Periphrasis

158 1205 206 1231 est
234 1199 319 1231 tibiae
344 1210 414 1242 quae
444 1211 481 1232 ex
518 1201 602 1230 buxo
636 1199 700 1231 fieri
728 1200 816 1231 solet.

157 1248 260 1291 Longo
279 1248 436 1290 foramine
461 1248 694 1290 explicandum,
723 1248 816 1290 longa

156 1298 235 1330 serie
261 1298 458 1334 foraminum,
487 1298 602 1329 docent
626 1298 739 1329 Noster
762 1297 815 1329 xii.

159 1349 231 1380 158.
262 1349 385 1390 longave
420 1348 689 1390 multifori—tibia
718 1348 814 1384 ῥιπὶ,-

157 1397 306 1428 Horatius
327 1397 433 1434 etiam,
449 1397 519 1428 Art.
537 1398 577 1428 P.
592 1398 666 1428 203.
682 1398 755 1427 tibia
772 1403 812 1427 te-

156 1448 226 1478 nuis
253 1448 431 1487 simplexque
449 1447 606 1489 foramine
630 1457 752 1486 pauc-05
783 1453 814 1477 et

157 1495 270 1537 Virgil.
284 1495 349 1537 qui,
365 1495 494 1527 AEneid.
513 1496 555 1526 ix.
576 1496 648 1526 618.
668 1495 812 1537 Phrygiae

156 1544 242 1576 tibiae
266 1545 390 1585 biforem
412 1551 536 1575 cantum
557 1543 676 1575 tribuit.
713 1545 811 1576 Hein-

155 1593 218 1625 sius
250 1594 446 1636 conjecturat
481 1606 613 1634 uncoque
644 1595 811 1636 foramine,

155 1643 240 1685 quod
254 1643 352 1674 multo
366 1643 475 1674 durius
497 1643 576 1674 foret
595 1642 703 1674 altero.
748 1644 811 1674 Im-

155 1702 206 1724 mo
230 1691 322 1724 lectio
346 1691 479 1728 Heinsii,
501 1702 594 1722 sensu
615 1702 735 1729 carens,
758 1703 811 1723 no-

153 1746 224 1772 strae
241 1741 453 1784 explanationi
468 1740 592 1772 omnino
608 1748 771 1783 repugnat.

198 1791 250 1822 31.
275 1790 408 1821 Pacatus
425 1797 456 1821 et
481 1792 570 1826 mitis,
587 1791 739 1821 vocabula
763 1802 810 1822 so—

155 1840 262 1871 lennia
302 1839 335 1870 in
372 1838 622 1870 invocationibus
661 1840 811 1871 Deorum.

156 1890 278 1931 Rogant
307 1888 476 1920 Ismenides.
508 1888 667 1919 Thebanae
688 1894 811 1926 matres,

154 1944 190 1971 ut
227 1938 300 1970 felix
338 1937 519 1979 faustusque
553 1937 646 1974 adsiS,
682 1947 810 1978 precan-

154 1994 216 2021 tur.

197 2038 249 2068 32.
274 2038 356 2068 Solos
377 2037 433 2068 has
448 2036 516 2067 Deo
537 2035 713 2067 adversatas
732 2045 809 2081 esse,

154 2092 258 2118 monet
271 2086 366 2118 etiam
382 2086 537 2118 AElianus.
560 2085 649 2116 Intus
660 2097 671 2123 ‚·
687 2085 718 2116 in
734 2085 810 2116 aedi-

152 2137 223 2173 bus,
235 2147 332 2179 quum
347 2136 474 2178 reliquae
491 2135 634 2167 mulieres
648 2136 680 2165 in
692 2135 809 2166 Cithae-

151 2196 225 2217 rone
249 2185 487 2216 baccharentur.
537 2184 682 2220 Tui-bare,
707 2184 807 2226 profa-

154 2244 228 2266 nare
255 2233 350 2276 quod,
380 2235 454 2265 390.
483 2232 690 2265 substituitur.
737 2233 806 2264 Cic.

153 2285 196 2316 H.
209 2284 253 2316 R.
267 2284 306 2315 16
319 2296 325 2315 :
351 2295 436 2315 sacra
453 2285 593 2324 ludosque
607 2284 784 2313 conturbare
795 2295 806 2320 ‚-

153 2332 305 2372 Quinctil.
315 2333 492 2364 Decl.265.
503 2334 624 2372 publica
639 2343 724 2362 sacra
741 2339 807 2362 tur-

153 2385 234 2415 bare.
281 2382 489 2423 Intempestiva
523 2382 674 2418 Minerva,
711 2392 807 2422 quum

153 2433 254 2465 alieno
281 2439 417 2474 tempore
441 2441 568 2473 operam
593 2430 702 2462 darent
728 2430 808 2461 laui-

153 2482 232 2518 ficio,
247 2481 297 2513 cui
312 2481 458 2512 Minerva
473 2486 617 2523 praeerat.
635 2479 758 2511 AElian.
776 2479 807 2510 αἱ

152 2533 212 2574 μὲν
229 2531 302 2573 περὶ
326 2531 401 2568 τοὺς
422 2529 529 2567 ἱστοὺς
551 2529 640 2570 εἶχον
660 2529 713 2560 καὶ
731 2528 807 2559 ἐπο-

152 2583 268 2613 νοῦντο
294 2581 368 2622 περὶ
399 2580 462 2617 τὴν
486 2576 664 2620 Ἐργάνην.
711 2577 808 2608 Testis

150 2632 268 2672 operari
284 2630 426 2660 Minervae
446 2628 525 2658 dixit
538 2627 643 2658 Tibul.
660 2627 704 2657 Π.
721 2627 740 2657 i.
756 2627 807 2658 65.

153 2682 215 2711 Aut
230 2679 539 2710 ducunt—laboribus
556 2683 678 2719 urgent,
694 2676 805 2718 triplex

150 2728 314 2760 mulierum
339 2728 518 2759 Graecarum
547 2737 634 2768 opus.
680 2726 806 2756 Ducunt

882 1103 976 1133 lanas.
1008 1102 1081 1132 vid.
1097 1102 1136 1132 ad
1152 1102 1186 1132 ii.
1201 1102 1275 1132 411.
1302 1102 1431 1133 Plenius
1446 1103 1541 1134 Clau-

881 1151 966 1182 dian.
992 1162 1046 1181 xx.
1077 1152 1161 1182 385:
1200 1151 1319 1181 Vellera
1357 1163 1409 1191 per
1437 1158 1539 1183 tenues

871 1200 957 1242 ferri
972 1202 1133 1240 producere
1150 1202 1251 1230 rimas.
1293 1201 1412 1231 Versum·
1429 1211 1447 1231 a
1461 1201 1540 1232 lani-

882 1249 947 1280 ficis
962 1249 1077 1280 dicitur
1092 1255 1123 1280 et
1138 1255 1262 1285 stamen,
1277 1249 1375 1286 filum,
1391 1255 1422 1281 et
1433 1250 1539 1291 fusus,

883 1304 918 1328 ut
942 1299 1026 1336 2213
1057 1298 1108 1328 vii.
1135 1299 1199 1336 22;
1233 1298 1338 1330 Tibul.
1362 1299 1407 1329 ΙΙ.
1432 1300 1453 1330 i.
1474 1301 1537 1330 64:

884 1346 982 1378 Fusus
996 1349 1126 1387 opposito
1138 1348 1246 1387 pollice
1257 1354 1353 1378 versat
1364 1359 1446 1387 opus.
1470 1349 1541 1379 Hee-

882 1403 949 1426 rent
973 1395 1027 1432 rei,
1043 1402 1097 1427 aut
1117 1396 1149 1427 in
1169 1406 1201 1427 re
1223 1396 1339 1438 aliqua,
1356 1397 1409 1438 qui
1432 1397 1540 1428 sedulo

883 1451 951 1476 eam
974 1451 1119 1476 tractant.
1158 1445 1281 1476 Haerere
1299 1448 1331 1476 in
1353 1447 1447 1483 libris,
1471 1447 1540 1478 Cic.

881 1494 979 1526 Attio.
995 1494 1059 1525 xiii.
1076 1497 1115 1525 4:
1142 1495 1264 1526 Haerere
1288 1498 1321 1526 in
1339 1498 1426 1535 jure.
1451 1497 1541 1528 Orat.

880 1544 901 1575 i.
918 1545 970 1576 38.

922 1595 974 1625 36.
991 1594 1250 1636 Utnc,Leucippe.
1277 1594 1453 1626 Deducere:
1467 1594 1538 1626 vide

879 1644 918 1675 ad
934 1643 956 1674 i.
974 1645 1004 1675 4.
1044 1643 1117 1674 Levi
1129 1645 1247 1683 pollice,
1263 1650 1297 1675 ut
1308 1643 1350 1675 vi.
1364 1645 1416 1675 22.
1454 1645 1535 1675 Hei·-

880 1693 966 1724 cules
990 1699 1108 1729 contra,
1138 1693 1241 1735 Epist.
1267 1692 1311 1724 ix.
1343 1694 1404 1725 77:
1439 1705 1538 1725 crassa

879 1745 995 1774 robusto
1019 1745 1141 1774 deducit
1163 1744 1270 1783 pollice
1284 1743 1359 1783 fila.
1398 1744 1535 1780 Detinet,

878 1792 1012 1823 lanificio
1028 1797 1198 1834 occupatas
1212 1792 1335 1823 retinet.
1378 1793 1481 1823 Etiam
1498 1794 1537 1824 ab

879 1841 998 1872 Anton.
1024 1851 1084 1872 vrr.
1109 1841 1265 1883 φίλεργοι.
1306 1842 1387 1881 Opus
1413 1843 1538 1873 levemus

878 1891 943 1933 ipse
964 1890 1112 1933 explicat,
1127 1893 1204 1932 quod
1230 1897 1357 1931 tempora
1382 1893 1470 1934 longa
1495 1894 1535 1923 υἱ-

878 1943 943 1972 deri
956 1941 1025 1971 Non
1039 1942 1128 1972 sinat.
1153 1940 1239 1971 Infra
1254 1942 1329 1972 295.
1344 1941 1388 1972 sic
1404 1944 1539 1973 minuere

879 1991 1017 2021 laborem.
1043 1990 1155 2031 virgil.
1171 1990 1288 2031 Georg.
1303 1989 1326 2021 i.
1343 1991 1417 2022 293.
1429 1996 1537 2022 texens

878 2039 989 2070 mulier
1014 2043 1134 2081 longum
1154 2045 1247 2070 cantu
1268 2040 1382 2071 solatur
1399 2041 1535 2071 laborem.

877 2088 939 2119 Sed
964 2098 1036 2119 cum
1065 2088 1123 2119 hoc
1154 2087 1221 2119 loco
1250 2088 1356 2119 confer
1378 2087 1410 2119 in
1430 2089 1537 2131 primis

877 2138 992 2179 Georg.
1007 2137 1048 2168 iv.
1064 2138 1140 2169 345.
1157 2137 1210 2168 ubi
1227 2137 1380 2179 Clymene
1395 2137 1474 2169 inter
1489 2150 1536 2169 so-

877 2197 957 2217 rores
968 2186 1083 2218 vellera
1092 2192 1255 2228 carpentes
1266 2187 1404 2218 Deorum
1417 2197 1536 2218 amores

877 2241 990 2266 narrat.
1033 2235 1122 2265 Vario
1145 2246 1286 2271 sermone,
1303 2235 1396 2266 variis
1411 2235 1536 2267 fabellis

876 2284 1009 2315 vicissim
1032 2284 1205 2315 narrandis.
1246 2284 1372 2321 Vacuas,
1399 2295 1459 2316 non
1482 2295 1534 2316 oc-

876 2339 1004 2375 cupatas
1014 2333 1083 2364 aliis
1097 2333 1188 2364 rebus
1203 2332 1367 2364 audiendis
1380 2345 1389 2372 ;
1403 2333 1448 2364 iii.
1459 2334 1533 2364 319.

876 2394 969 2414 vacua
985 2382 1078 2413 szo.
1104 2382 1154 2413 Sic
1170 2381 1309 2424 sequitur
1324 2382 1452 2424 longum
1466 2383 1532 2424 epi-

874 2431 995 2462 sodium
1011 2442 1108 2472 usque
1125 2431 1165 2462 ad
1181 2442 1244 2462 ver.
1259 2432 1321 2462 388
1336 2444 1342 2461 ι
1369 2442 1430 2472 quo
1449 2442 1532 2462 com-

876 2479 966 2510 mode
982 2480 1098 2521 jocosae
1123 2479 1242 2521 aliquot
1262 2485 1293 2510 et
1313 2479 1469 2510 amatoriae
1487 2480 1531 2511 fa-

877 2529 967 2560 bellae
1003 2529 1194 2565 intexuntur,
1221 2540 1291 2570 quae
1323 2529 1371 2559 vix
1410 2529 1531 2565 melius,

876 2589 969 2619 quam
997 2589 1015 2609 a
1039 2578 1218 2609 mulieribus
1247 2577 1531 2615 confabulantibus,

876 2632 1046 2658 narrantur.
1093 2627 1207 2657 Earum
1240 2636 1402 2657 numerum
1437 2633 1530 2668 auget

875 2678 1021 2707 dubitatio
1048 2675 1152 2716 prima:
1178 2674 1314 2706 mulieris
1339 2680 1368 2707 et
1394 2675 1530 2717 praeteri-

876 2725 917 2757 tio
932 2725 1029 2757 tertiae
1045 2726 1229 2756 276-284.
