1763 3181
243 186 328 227 214

634 181 684 222 Ρ.
714 177 924 222 OVIDII
960 175 1237 218 NASONIS

252 300 486 364 Imperat,
514 304 564 345 et
586 311 799 360 poenam,
827 294 867 341 si
893 309 989 340 non
1015 290 1272 346 invenerit,
1299 289 1437 336 addit

252 377 489 431 Exilium,
512 374 641 422 facto
667 372 794 437 pius,
821 378 872 418 et
892 370 1161 417 sceleratus
1182 366 1374 414 eodem.
1600 365 1628 408 5

253 454 387 500 Orbe
413 457 679 517 pererrato,
707 449 818 512 quis
844 447 975 496 enim
1000 445 1307 510 deprendere
1331 441 1489 507 possit

255 531 405 578 Furta
424 528 453 576 J
459 528 561 576 ovis
577 527 594 574 2
620 525 858 590 profugus
875 522 1204 588 patriamque,
1222 521 1442 583 iramque
1457 532 1632 582 paren—

252 608 391 654 Vitat
415 603 750 668 Agenorides3
780 600 1059 663 Phoebique
1084 598 1283 646 oracula
1300 596 1513 660 supplex
1550 592 1635 655 [tis

255 683 501 738 Consulit,
528 689 578 729 et
603 696 713 743 quae
733 679 796 726 sit
819 678 965 726 tellus
990 675 1276 731 habitanda,
1304 672 1526 737 requirit.

257 768 286 785 “
316 761 417 808 Bos
442 758 581 813 tibi‚”
607 757 828 804 Phoebus
855 755 939 810 ait,
969 759 998 777 “
1027 753 1143 800 solis
1168 758 1393 799 occurret
1416 749 1465 796 in
1490 746 1632 802 arviS,

256 837 462 884 Nullum
488 850 636 899 passa
653 835 846 896 jugum,
868 831 1106 894 curvique
1130 828 1362 877 immunis
1387 824 1549 874 aratri.
1576 826 1628 870 ll

256 914 365 962 Hac
390 914 516 961 duce
541 928 690 975 carpe
714 911 832 966 vias,
860 917 925 965 et,
954 924 1055 972 qua
1078 905 1374 970 requieverit
1397 903 1568 957 herba,

257 990 446 1038 Moenia
467 989 543 1036 fae
565 988 766 1043 condas,
796 985 1094 1048 Boeotiaque
1119 984 1202 1031 illa
1224 981 1450 1030 vocato.’'

322 1068 421 1115 Vix
445 1068 573 1115 bene
597 1064 817 1113 Castalio
841 1064 1063 1112 Cadmus
1082 1060 1411 1110 descenderat
1431 1064 1569 1106 antro
1591 1074 1602 1113 ;

257 1258 310 1295 lio,
325 1261 375 1299 qui
394 1258 611 1299 perindulgens
636 1259 667 1286 in
692 1264 819 1296 patrem,
839 1258 916 1286 idem

257 1309 359 1339 acerbe
373 1318 489 1339 severus
504 1309 535 1338 in
543 1307 662 1348 filium.

301 1358 334 1389 6.
374 1358 451 1388 Orbe
483 1354 664 1397 pererrata]
701 1354 824 1396 Nempe
860 1353 919 1384 ali-

259 1406 398 1449 quandiu
432 1405 465 1436 in
489 1405 624 1436 Thracia
658 1402 810 1434 habitavit
846 1413 918 1433 cum

257 1455 450 1498 Telephassa
484 1459 610 1491 matre;
651 1462 751 1493 eaque
785 1457 918 1487 mortua,

259 1504 402 1546 Delphos
425 1502 582 1545 profectus
602 1507 649 1532 est
670 1500 828 1531 oraculum
846 1510 919 1530 con—

261 1553 410 1584 sulturus.
438 1550 589 1593 Apollod.
643 1550 754 1580 Furta.
791 1548 921 1580 Puellas

260 1608 377 1644 raptaS.
416 1600 575 1631 Pluralem
598 1598 712 1641 posuit,
739 1605 774 1629 ut
797 1602 919 1628 senten-

261 1651 305 1682 tia
326 1655 407 1682 esset
429 1648 594 1691 generalis.
634 1648 800 1690 Prqfugus‚
824 1646 917 1677 exul:

262 1701 347 1731 Fast.
366 1698 388 1730 i.
406 1699 488 1729 490:
519 1698 648 1728 Cadmus
673 1699 705 1728 in
731 1697 829 1726 Aonia
852 1707 920 1726 oon-

261 1751 340 1780 stitit
355 1750 424 1779 exul
444 1749 543 1778 humo.
574 1746 747 1778 Oraculum
768 1745 924 1777 consuluit

262 1803 295 1829 et
314 1797 353 1828 de
377 1807 489 1833 sorore,
504 1803 536 1828 et
559 1795 624 1826 sine
650 1794 745 1826 dubio
769 1795 862 1826 etiam
884 1798 924 1825 de

264 1857 344 1878 nova
368 1846 441 1877 sede
465 1844 639 1887 capienda:
664 1855 800 1886 namque
820 1844 852 1875 in
874 1855 924 1875 ur-

262 1896 355 1927 bibus
370 1893 542 1926 condendis
556 1893 750 1935 coloniisque
767 1893 923 1924 deducen-

263 1944 312 1975 dis
340 1953 462 1974 summa
483 1948 551 1974 erat
572 1942 766 1973 oraculorum
793 1941 925 1972 auctori-

265 2001 322 2025 tas.
359 1992 427 2024 Cic.
454 1992 495 2023 de
520 1991 596 2022 Div.
621 1991 643 2022 i.
669 1992 697 2022 1.
742 1992 794 2022 De
823 2001 923 2022 sorore

264 2041 424 2074 oraculum
448 2046 503 2072 aut
525 2040 602 2071 nihil
625 2039 785 2082 respondit
803 2039 924 2081 (Schol.

265 2090 373 2133 Eurip.
397 2089 437 2120 ad
459 2099 523 2120 ver.
546 2089 620 2120 641.
642 2088 749 2130 ibique
771 2088 924 2128 Valken.)

265 2145 320 2170 aut
333 2139 377 2181 μὴ
394 2139 690 2180 πολυπραγμονεὶν
708 2138 813 2180 jussit.
827 2138 925 2180 Apol-

265 2189 330 2220 lod.
374 2188 546 2220 Oraculum
569 2187 683 2230 ipsum,
707 2188 796 2230 cujus
819 2194 927 2220 auctor

266 2238 343 2270 sorte
358 2238 520 2274 Mnaseas,
538 2243 625 2269 extat
642 2237 675 2268 in
697 2237 801 2268 Schol.
813 2237 924 2280 Eurip.

267 2288 299 2319 d.
312 2288 334 2320 l.
349 2293 381 2319 et
393 2287 553 2330 Aristoph.
569 2286 654 2318 Rau.
672 2287 764 2319 1256.
799 2287 845 2318 Eo
860 2298 924 2318 mo-

267 2344 359 2368 netur
381 2346 437 2379 per
460 2336 610 2378 Phlegias
632 2341 665 2367 et
690 2335 862 2367 Phocidem
887 2336 926 2368 ad

267 2385 450 2427 Pelagontis
478 2391 619 2416 armenta
651 2384 792 2422 tendere,
822 2384 927 2427 ibique

267 2435 380 2466 bovem
394 2444 514 2465 sumere
529 2434 642 2466 duoem
655 2434 784 2471 itineris,
799 2434 831 2465 in
847 2441 928 2466 utro-

268 2494 330 2525 que
345 2483 442 2515 latere
463 2483 585 2525 signum
603 2483 783 2520 candidum,
798 2483 830 2515 in
846 2484 928 2515 lunae

268 2532 368 2574 plenae
405 2532 556 2575 speciem,
584 2532 763 2564 habentem.
809 2532 860 2564 Sic
897 2539 928 2564 et

271 2582 407 2613 Pausan.
431 2581 580 2624 Apollod.
603 2582 722 2624 Hygin.
742 2582 847 2614 Schol.
862 2583 926 2614 Eu-

269 2629 327 2673 rip.
366 2630 446 2662 Inde
460 2631 586 2666 Noster,
603 2631 679 2662 forte
695 2630 772 2662 alios
787 2637 927 2663 auctores

270 2686 431 2721 sequutus,
447 2690 510 2711 non
525 2691 587 2711 una
599 2691 630 2711 re
646 2681 810 2712 aberravit.
839 2682 928 2712 Arvis

269 2729 349 2760 bene
376 2739 407 2760 se
434 2729 536 2760 habet.
576 2730 681 2772 Eurip.
705 2730 798 2762 πεδία
826 2742 925 2772 πυρο-

984 1256 1088 1297 φόρα;
1126 1255 1204 1290 solis,
1233 1251 1387 1286 solitariis,
1415 1257 1449 1282 ut
1477 1249 1551 1281 393.
1579 1249 1641 1279 sola

984 1311 1086 1335 antra.

1031 1355 1080 1384 ll.
1097 1353 1228 1384 Nullum
1240 1362 1337 1392 passa,
1349 1348 1429 1389 ete.]
1454 1349 1643 1390 Expressum

986 1403 1105 1434 diceres
1119 1413 1156 1433 ex
1172 1400 1313 1443 Euripid.
1328 1400 1353 1431 si
1368 1399 1411 1430 ibi
1427 1402 1581 1430 constaret
1598 1396 1643 1428 le-

986 1452 1122 1494 gendum
1136 1451 1261 1493 μόσχος
1273 1449 1470 1492 α’ὂάμαστος.
1495 1448 1643 1479 Nostrum

987 1508 1137 1544 sequutus
1165 1507 1212 1532 est
1240 1501 1348 1532 Senec.
1377 1498 1409 1530 d.
1424 1498 1446 1528 l.
1471 1509 1559 1539 quam
1584 1507 1644 1527 non

978 1553 1111 1593 fluerat
1134 1562 1242 1585 vomer,
1265 1556 1320 1580 aut
1344 1549 1524 1589 tardijuga
1552 1557 1647 1578 curva

986 1602 1130 1640 plaustri.
1176 1599 1305 1640 Carpere
1326 1600 1400 1634 vias,
1424 1595 1588 1638 proficisci,
1611 1600 1646 1627 ut

989 1660 1110 1690 carpere
1124 1660 1206 1684 aera,
1217 1648 1334 1679 volare.
1381 1647 1483 1677 Herba
1498 1645 1538 1677 ad
1553 1651 1647 1676 natu-

988 1709 1054 1730 ram
1075 1697 1164 1730 bovis
1185 1695 1460 1731 accommodatius,
1476 1705 1571 1737 quarn
1587 1695 1650 1726 loeo

990 1748 1022 1778 in
1037 1758 1120 1778 orac.
1134 1747 1257 1782 Graeco,
1271 1745 1325 1776 ubi
1347 1745 1403 1775 illa
1421 1743 1532 1783 ἵζηται
1553 1743 1648 1786 κλίνῃ

990 1809 1022 1828 τε
1040 1795 1126 1838 πέδῳ
1142 1795 1227 1838 γόνυ
1241 1794 1399 1833 ποιῆεντι.
1434 1793 1496 1824 Sed
1510 1792 1554 1824 ibi
1570 1792 1648 1824 nihil

991 1846 1031 1877 de
1059 1845 1183 1876 nomine
1209 1844 1346 1881 Boeozz'a3
1377 1843 1495 1884 Hygin-
1516 1853 1589 1874 vero
1616 1848 1649 1873 et

991 1894 1097 1926 Schol.
1113 1892 1270 1935 Euripidis
1291 1892 1324 1924 id
1345 1903 1458 1923 nomen
1477 1891 1546 1923 urbi
1565 1891 1649 1923 indi·

992 1950 1058 1975 turn
1074 1949 1210 1974 narrant.
1241 1942 1335 1974 Alius
1348 1942 1452 1973 Schol.
1460 1941 1579 1972 ibidem
1594 1952 1648 1973 no—

991 1999 1048 2029 tat,
1060 1993 1202 2024 Thebam
1215 1991 1300 2034 Syris
1310 1991 1428 2023 dictam
1439 2001 1507 2022 esse
1515 1991 1627 2022 bovem
1641 2003 1648 2021 :

992 2041 1076 2084 quod
1094 2042 1223 2073 fortasse
1242 2048 1273 2072 et
1290 2040 1393 2083 ipsum
1406 2040 1439 2071 in
1453 2040 1650 2082 expedienda

992 2091 1052 2122 hac
1076 2090 1142 2122 sab.
1162 2090 1403 2123 observandum.
1446 2090 1590 2121 Laetam.
1616 2089 1650 2121 in

993 2139 1093 2182 Arg.:
1133 2140 1173 2171 In
1199 2151 1263 2171 eam
1285 2146 1396 2171 terram
1426 2140 1557 2175 deuenit,
1587 2150 1650 2180 que

992 2197 1090 2230 postea
1115 2203 1134 2220 α
1159 2191 1227 2221 bore
1256 2189 1370 2221 Boeotia
1406 2195 1448 2220 est
1472 2190 1567 2221 dicta.
1618 2188 1650 2220 A

995 2239 1106 2276 Βαοω,
1129 2239 1270 2282 Neptuni
1294 2246 1349 2271 aut
1368 2238 1450 2270 Itoni
1472 2238 1548 2275 filio,
1572 2238 1651 2270 illud

993 2299 1106 2320 nomen
1132 2289 1264 2324 venisse,
1294 2288 1348 2319 alii
1371 2288 1546 2330 putabant:
1575 2287 1651 2320 vide

993 2337 1130 2369 Pausan.
1146 2349 1179 2382 p.
1195 2339 1269 2370 711.
1291 2337 1396 2369 Schol.
1414 2337 1507 2369 Hom.
1526 2337 1567 2368 ad
1587 2337 1649 2369 Ca-

993 2386 1051 2418 tal.
1067 2387 1095 2418 1.

1041 2436 1302 2467 l4.Descenderat
1312 2445 1351 2466 ex
1366 2440 1472 2466 monte
1483 2435 1651 2472 Parnasso,

995 2485 1027 2515 in
1049 2494 1111 2526 quo
1129 2490 1264 2520 antrum,
1280 2483 1364 2515 unde
1384 2483 1511 2515 oracula
1531 2483 1652 2516 daban-

995 2540 1064 2571 tur-3
1099 2532 1183 2574 quod
1212 2532 1345 2564 Ovidius
1380 2543 1399 2564 a
1435 2533 1519 2564 sonte
1547 2532 1652 2564 vicino

997 2584 1164 2614 Castalium
1179 2589 1284 2613 vocat.
1310 2583 1423 2618 Presso,
1438 2581 1539 2614 tardo.
1570 2582 1650 2612 Bur-

994 2643 1126 2663 mannus
1153 2637 1312 2673 comparat
1335 2642 1352 2663 e
1372 2631 1445 2664 Liv.
1466 2630 1573 2663 xxviii.
1591 2631 1650 2662 14:

995 2681 1144 2721 Hispanos
1165 2692 1260 2722 presso
1283 2683 1383 2724 gradu
1404 2683 1539 2713 incedere
1547 2681 1649 2721 jubet.

998 2731 1077 2762 Len:
1094 2742 1182 2762 vero:
1208 2742 1314 2772 gressu
1336 2731 1483 2774 impresso
1505 2730 1537 2762 in
1557 2729 1650 2762 vesti-
