1729 3207
199 215 255 256 78
591 215 641 255 Ρ.
674 211 886 255 OVIDII
921 209 1200 253 NASONIS

210 329 316 377 Nec
345 331 586 377 scelerata
609 337 802 376 tamen:
842 327 904 374 de
932 327 1055 373 duro
1083 334 1161 373 est
1186 325 1359 372 ultima
1391 340 1582 370 fausto.

274 406 508 453 Protinus
533 405 759 469 irrumpit
782 420 917 451 venae
939 403 1121 467 pejoris
1147 403 1195 448 in
1220 418 1377 448 aevum

209 483 372 531 Omne
397 483 561 530 nefas:
600 482 770 544 fugere
795 481 970 545 pudor,
996 496 1282 543 verumque,
1309 479 1564 541 fidesque;

207 556 266 605 In
283 575 491 622 quorum
508 560 703 607 subiere
718 559 881 606 locum
896 557 1212 620 fraudesque,
1230 556 1449 619 dolique,
1499 558 1591 602 130

208 635 527 700 Insidiaeque,
555 644 605 684 et
627 637 715 691 vis,
743 645 794 684 et
819 652 954 684 amor
979 636 1253 683 sceleratus
1279 632 1514 681 habendi.

208 712 334 760 Vela
356 714 543 761 dabant
566 715 743 770 ventis,
771 731 862 762 nec
883 714 1045 761 adhuc
1072 715 1200 761 bene
1225 718 1429 759 noverat
1452 711 1562 757 illos

209 789 256 836 N
262 790 418 845 avita;
460 806 675 854 quaeque
701 791 785 838 diu
806 798 1049 846 steterant
1073 791 1122 837 in
1147 790 1399 837 montibus
1425 788 1556 841 altis,

210 866 469 915 Fluctibus
494 868 674 931 ignotis
701 869 1000 917 insultavere
1025 868 1231 924 carinae3

207 1040 264 1065 tas.
287 1034 396 1066 Senec.
412 1035 527 1066 Octav.
543 1036 617 1066 408.
633 1035 671 1066 de
688 1036 746 1067 hac
760 1042 865 1071 aetate,

205 1086 327 1115 tertium
342 1086 430 1115 solers
444 1096 538 1126 genus
556 1085 655 1116 Novas
669 1088 708 1117 ad
723 1092 802 1116 artes
816 1097 863 1117 er-

201 1135 302 1170 stitit5
325 1140 462 1164 sanctum
479 1140 587 1165 tamen.

252 1183 322 1213 127.
353 1183 400 1214 De
427 1185 504 1214 duro
531 1190 585 1219 est,
609 1184 686 1224 etc.]
713 1184 765 1215 Cf.
793 1194 864 1215 curn

206 1232 290 1262 omni
315 1231 346 1262 h.
372 1232 395 1262 1.
417 1231 535 1263 Catull.
561 1232 700 1274 Epithal.
721 1232 809 1263 Pelei
835 1239 867 1264 et

205 1280 296 1312 Thet.
314 1281 452 1312 Durities
469 1281 528 1312 etsi
547 1282 647 1324 prima
667 1281 738 1312 ferri
760 1282 867 1319 virtus,

207 1341 290 1362 nunc
311 1336 418 1361 tamen
433 1330 583 1362 invidiose
603 1330 719 1362 dicitur
734 1341 805 1362 cum
819 1342 867 1362 re-

206 1386 316 1423 spectu
351 1380 390 1411 ad
419 1379 553 1410 hominis
581 1382 736 1412 duritiem.
790 1381 867 1411 Hor.

205 1430 306 1472 Epod.
327 1429 389 1461 xvi.
411 1431 470 1462 65:
497 1430 620 1472 Jupiter
635 1431 720 1470 ferro
744 1431 870 1461 ‹iurat-it

202 1480 315 1510 secula.

253 1529 324 1560 128.
360 1528 471 1569 Venta]
503 1529 595 1564 Ῐέηα,
625 1527 666 1558 ad
689 1529 827 1559 animum
851 1539 870 1560 a

207 1576 344 1607 metallis
367 1577 517 1608 translata
537 1583 595 1613 est,
611 1576 726 1618 quibus
746 1584 777 1608 et
795 1577 870 1620 ipsis

209 1637 285 1657 venae
314 1625 512 1656 tribuuntur:
538 1626 648 1656 Heius.
681 1625 722 1656 ad
748 1625 870 1663 Silium,

204 1674 249 1706 iii.
267 1675 342 1706 283.
391 1675 476 1705 Venae
488 1677 609 1714 pejoris.
642 1674 769 1705 Metalli
783 1675 870 1706 dete-

206 1724 304 1756 rioris.
341 1724 471 1766 Optima
485 1734 565 1755 vena
579 1723 658 1759 auri,
676 1723 702 1754 si
717 1723 757 1754 ad
771 1734 872 1755 mores

205 1773 331 1804 reseras.
377 1772 414 1803 In
443 1784 547 1809 aevum,
572 1783 671 1814 genus
698 1772 870 1809 hominum,

207 1822 297 1864 cujus
319 1833 404 1859 vena,
419 1832 529 1853 sensus
549 1829 582 1853 et
601 1821 717 1858 studia,
739 1821 872 1853 deterior

205 1876 283 1902 erat.

251 1921 322 1951 129.
340 1919 474 1960 Pudor]
496 1919 674 1950 Moderatio
686 1919 719 1949 in
729 1919 873 1950 omnibus

208 1969 433 2011 cupiditatibus
452 1967 529 2010 justi
548 1975 578 1999 et
593 1968 675 2010 aequi
691 1979 796 2005 causa,
812 1968 871 1999 vir-

208 2024 259 2049 tus
293 2018 449 2060 princeps.
510 2017 617 2048 Verum
658 2025 713 2048 aut
750 2019 866 2054 teritus,

208 2078 305 2110 quum
333 2067 372 2098 de
397 2067 534 2098 moribus
560 2073 592 2097 et
615 2066 680 2097 vita
707 2066 868 2098 hominum

208 2128 308 2149 sermo
330 2122 388 2153 est,
405 2127 467 2147 non
487 2116 520 2147 in
536 2116 637 2147 verbis
651 2116 795 2152 cernitur,
811 2116 867 2147 sed

208 2167 241 2198 in
277 2166 379 2198 factis.
422 2165 526 2196 Etiam
563 2165 632 2197 Cic.
660 2165 787 2203 Quinct.
815 2166 868 2197 26.

208 2219 363 2248 veritatem
377 2222 408 2246 et
415 2217 558 2255 pudorem
573 2214 745 2256 conjungit.
766 2215 868 2246 Tacit.

209 2266 272 2297 An.
291 2265 337 2296 iii.
362 2265 422 2296 26:
457 2265 519 2295 Pro
541 2266 679 2295 modestia
702 2275 736 2294 ac
756 2266 870 2304 pudore

210 2316 330 2346 ambitio
351 2320 379 2345 et
405 2316 446 2344 vis
469 2315 632 2345 incedebat.
681 2312 755 2344 Vero
769 2319 800 2344 et
805 2314 873 2354 fide

211 2364 388 2396 continetur
401 2363 533 2394 societas
547 2362 696 2394 humana.

255 2413 330 2443 131.
357 2411 560 2452 Insidiaeque.]
586 2412 794 2453 Langerman.
819 2411 872 2442 In—

209 2464 362 2502 vidiaeque.
408 2462 498 2491 Amor
523 2462 661 2497 habendi,
686 2461 871 2497 πλεονεξία.

211 2511 322 2542 Aurel.
334 2510 420 2542 Vict.
432 2510 515 2541 Caes.
529 2510 574 2542 iii.
589 2511 724 2541 studium
735 2511 874 2541 habendi.

210 2560 337 2592 Phaedr.
357 2559 401 2591 iii.
421 2559 538 2602 prolog.
559 2560 611 2590 21.
636 2570 711 2590 cura
732 2559 871 2596 habendi,

211 2610 264 2640 ubi
279 2609 344 2641 vid.
359 2610 467 2640 Burm.
504 2609 542 2639 In
558 2608 606 2640 his
621 2609 726 2640 habere
741 2615 789 2640 est
803 2619 873 2651 pos-

210 2659 322 2690 sidere.
336 2658 470 2700 Copiose
491 2658 557 2689 haec
579 2658 695 2690 Noster
710 2658 872 2701 persequi-

211 2714 271 2743 tur,
288 2709 371 2739 Fast.
387 2708 407 2739 i.
426 2709 486 2740 195
501 2719 571 2750 sqq.

256 2758 326 2788 132.
347 2757 416 2788 Vela
424 2758 564 2799 dabant]
583 2758 736 2795 Querelas
747 2758 874 2789 acerbas

931 1035 970 1066 de
996 1035 1123 1066 inventa
1148 1032 1346 1074 navigatione
1377 1032 1474 1062 habes
1500 1029 1595 1061 etiarn

932 1084 1017 1126 apud
1043 1084 1154 1114 Horat.
1170 1082 1197 1114 I.
1213 1082 1274 1113 Od.
1291 1081 1334 1112 iii.
1351 1082 1458 1111 9-24
1476 1092 1483 1117 ;
1519 1080 1596 1110 Pro-

933 1139 1012 1175 pert.
1036 1133 1063 1163 I.
1086 1132 1160 1163 xvii.
1187 1132 1224 1161 13
1250 1142 1339 1173 sqq.;
1375 1130 1458 1160 Plin.
1488 1129 1530 1159 H.
1554 1129 1597 1159 N.

936 1182 987 1213 19.
1013 1191 1163 1223 prooem.;
1195 1180 1305 1210 Senec.
1334 1178 1424 1209 Med.
1446 1188 1510 1208 ver.
1534 1177 1596 1207 301

931 1242 1000 1273 sqq.
1016 1231 1070 1273 qui
1084 1237 1116 1261 et
1131 1229 1239 1260 Horat.
1253 1235 1285 1259 et
1301 1228 1450 1258 Nostrum
1473 1237 1597 1269 respex-

932 1281 968 1312 it.
1015 1280 1147 1311 Noverat
1162 1281 1238 1315 illos,
1254 1278 1375 1310 scilicet
1389 1277 1507 1309 rabiem
1523 1277 1600 1308 Noti

933 1329 1123 1361 decertantis
1144 1327 1298 1359 horriferis
1319 1326 1540 1369 Aquilonibus,
1563 1332 1599 1356 ut

933 1378 1072 1421 loquitur
1087 1377 1245 1409 Horatius.

981 1429 1052 1460 133.
1079 1428 1208 1468 Quaque
1224 1429 1289 1462 diu,
1306 1426 1384 1467 etc.]
1411 1426 1490 1456 Haec
1506 1425 1602 1467 paulo

933 1478 1058 1509 brevius
1073 1477 1159 1508 dicta
1173 1482 1256 1507 sunt.
1300 1477 1379 1513 Quae
1395 1474 1450 1506 diu
1465 1474 1497 1505 in
1512 1485 1599 1506 mon-

934 1527 1030 1563 tibus,
1045 1527 1146 1568 iisque
1168 1525 1337 1561 altissimis,
1351 1529 1479 1556 steterat
1500 1524 1601 1560 arbor,

937 1583 1057 1608 resecta
1077 1583 1145 1614 est;
1176 1586 1213 1607 ex
1236 1586 1335 1617 eaque
1355 1576 1475 1610 carina,
1501 1574 1601 1609 navis,

938 1626 1032 1658 facta.
1076 1626 1308 1658 Gronovianam
1323 1625 1458 1666 conject.
1474 1625 1540 1655 alni
1556 1634 1604 1655 re-

937 1675 1151 1718 pudiaverim:
1190 1675 1303 1717 partim
1330 1674 1406 1716 quia
1442 1673 1506 1704 alni
1542 1684 1603 1705 non

938 1731 1002 1756 tam
1026 1725 1185 1756 montibus
1208 1724 1358 1765 gaudent,
1377 1734 1472 1765 quam
1498 1723 1602 1765 palus-

938 1774 1038 1805 tribus
1060 1774 1137 1805 locis
1158 1779 1190 1805 et
1211 1773 1285 1816 ripis
1305 1773 1405 1815 (Plin.
1420 1773 1466 1804 H.
1482 1773 1525 1803 N.
1541 1773 1605 1808 xvi,

943 1823 1018 1864 183)
1054 1823 1168 1866 partim
1198 1824 1273 1865 quia
1301 1823 1372 1853 altis
1404 1832 1466 1852 non
1502 1822 1604 1853 minus

939 1883 1034 1913 quam
1049 1874 1114 1908 diu,
1130 1871 1259 1903 inservit
1278 1871 1405 1902 insaniae
1427 1871 1603 1902 mortalium

938 1920 1146 1952 declarandae.
1174 1921 1287 1962 Neque
1303 1921 1418 1951 Noster
1431 1919 1604 1962 respexisse

938 1969 1061 2000 videtur
1076 1969 1164 2011 Virg.
1179 1970 1294 2011 Georg.
1309 1969 1332 2000 i.
1351 1970 1422 2000 136.

985 2019 1054 2049 134.
1079 2018 1270 2049 Insultavere
1293 2018 1486 2054 contemtim,
1506 2018 1604 2049 insul·

937 2074 1044 2099 tavere
1070 2075 1221 2110 tanquam
1243 2068 1360 2110 aequori
1376 2067 1479 2106 victo;
1502 2078 1540 2098 ex
1555 2069 1606 2099 in-

936 2123 1008 2159 epta
1028 2117 1149 2149 scilicet
1172 2118 1321 2149 Veterum
1341 2117 1497 2159 opinione,
1513 2120 1603 2159 quasi

936 2166 1103 2198 insolentia
1122 2168 1162 2198 sit
1180 2167 1336 2208 navigare.
1382 2168 1502 2198 Xerxes
1521 2171 1607 2208 aquis

938 2218 1086 2248 insultans
1110 2224 1157 2248 est
1180 2217 1264 2259 apud
1292 2218 1417 2248 Lucret.
1443 2216 1487 2248 iii.
1511 2218 1604 2250 1045.

938 2266 1046 2297 Horat.
1067 2267 1090 2296 Ι.
1105 2265 1167 2296 Od.
1184 2266 1229 2296 iii.
1247 2267 1288 2296 24
1303 2279 1309 2296 z
1337 2266 1439 2306 Impiae
1460 2278 1517 2297 non
1534 2274 1602 2297 tan-

935 2317 1035 2357 genda
1052 2322 1130 2346 rates
1145 2316 1325 2346 transiliunt
1344 2317 1431 2346 rada.
1457 2316 1562 2347 Tibul.
1578 2317 1605 2346 I.

939 2364 984 2399 iii.
1000 2365 1039 2395 37
1057 2377 1062 2393 :
1092 2364 1234 2395 Nondum
1259 2365 1409 2395 ceruleas·
1423 2367 1513 2404 pinus
1535 2376 1605 2395 con-

939 2420 1076 2444 temserat
1092 2415 1199 2444 undas.
1223 2413 1391 2445 Claudian.
1407 2413 1449 2444 R.
1465 2414 1503 2444 P.
1517 2413 1606 2456 praef.

943 2462 994 2491 ll:
1015 2468 1113 2493 nauta
1128 2474 1221 2505 vagus
1235 2464 1365 2494 exsultat
1384 2465 1499 2506 pelago.
1530 2464 1605 2494 Sine

940 2509 1113 2543 insolentiae
1147 2512 1282 2548 notione,
1313 2523 1367 2554 pro
1402 2512 1531 2549 insilire,
1555 2515 1604 2543 in-

939 2562 1055 2592 sultare
1077 2561 1189 2603 legitur
1207 2561 1292 2604 apud
1313 2561 1415 2592 Tacit.
1433 2562 1496 2593 An.
1514 2561 1547 2592 ii.
1565 2563 1604 2593 8:

942 2609 1053 2641 Batavi
1075 2613 1145 2642 dum
1168 2613 1319 2642 insultant
1345 2614 1439 2652 aquis,
1454 2619 1607 2653 artemque

941 2661 1069 2690 natandi
1093 2667 1253 2691 ostentant.
1297 2660 1359 2691 Sed
1381 2667 1499 2702 quanta
1521 2671 1605 2692 com-

941 2708 1034 2740 moda
1054 2709 1298 2741 redundaverint
1318 2709 1358 2741 ad
1379 2720 1477 2752 genus
1496 2710 1606 2742 huma-

942 2767 1015 2788 num
1031 2768 1048 2789 e
1064 2757 1264 2800 navigatione
1279 2759 1407 2791 inventa
1420 2766 1451 2791 et
1465 2760 1604 2795 exculta,
