1729 3207
251 212 321 253 xlii
771 207 1109 250 PRAEFATIO

254 327 477 366 Innumera
502 324 593 365 loca
616 322 935 364 transcribenda
962 329 1116 371 essent,
1140 322 1172 362 si
1203 322 1340 362 omnia
1361 321 1528 363 adferre
1550 321 1632 363 vel-

252 405 347 454 lem,
363 419 458 458 quae
481 404 560 443 hac
577 417 620 444 se
637 402 790 443 virtute
813 401 1121 443 commendant.
1169 401 1228 441 Et
1250 402 1477 442 innumeris
1498 400 1631 441 modis

251 484 464 538 ingenium
495 481 734 530 ostentavit,
760 480 896 530 aliter,
921 481 977 521 iii.
1004 481 1102 531 380,
1127 480 1169 521 in
1198 480 1388 521 Narcissi
1416 487 1458 520 et
1483 478 1631 520 Eclius

249 561 483 616 colloqui03
516 559 649 609 aliter,
672 559 739 599 vii.
763 559 861 608 813,
894 559 936 599 in
966 557 1147 613 Cephali
1172 557 1406 607 cantilena3
1438 557 1558 599 aliter
1590 558 1631 598 in

250 639 521 680 conversione
552 637 750 692 quadam,
774 637 797 678 i.
823 638 918 677 700.
973 637 1101 678 Mitto
1123 638 1352 679 sententias
1377 637 1631 692 ingeniosas,

249 718 399 773 qualis,
422 719 461 759 ii.
491 719 555 767 13,
563 717 711 772 facies
734 732 813 757 ηοη
840 717 1025 758 omnibus
1050 731 1147 765 una,
1168 716 1262 757 Nec
1289 716 1454 757 dic-ersa
1482 722 1631 764 tamen,

249 798 409 852 qualem
437 797 554 837 decet
581 810 671 836 esse
693 810 893 836 sororum.
956 794 1029 835 Ad
1050 809 1100 835 ea
1121 802 1439 849 praevertamur,
1458 809 1553 849 quae
1575 793 1633 833 vi-

248 876 353 916 tiose
375 875 416 915 in
438 874 518 916 hoc
540 889 696 929 genere
719 875 772 915 ab
795 889 845 915 eo
868 873 1026 928 scripta
1041 880 1152 914 sunt.

305 954 472 1008 Nempe
489 953 677 994 luxuriat
697 961 740 994 et
759 952 923 994 lascivit
939 953 1031 1008 ejus
1047 953 1253 1009 ingenizmz
1271 967 1355 994 non
1376 967 1487 1001 raro,
1501 967 1632 1007 quum

247 1047 324 1074 nec
357 1033 527 1074 modum
555 1033 596 1073 in
625 1033 752 1074 rebus
784 1032 1040 1073 exornandis
1068 1037 1226 1079 teneat,
1249 1045 1326 1072 nec
1351 1030 1452 1085 quid
1483 1031 1633 1071 deceat

247 1119 389 1161 curet3
423 1127 548 1167 quam
580 1111 789 1153 luxuriem
812 1112 900 1166 jam
926 1111 1103 1161 Seneca,
1122 1110 1325 1151 Controv.
1345 1111 1489 1150 xxviii.
1514 1110 1555 1150 in
1582 1124 1633 1150 eo

246 1191 478 1245 vituperat:
512 1204 596 1230 non
625 1190 761 1230 minus
796 1190 907 1230 enim
936 1204 1131 1245 magnam
1156 1189 1357 1230 virtutem
1388 1203 1495 1238 esse,
1526 1189 1632 1230 scire

245 1269 454 1319 desinere,
476 1283 603 1323 quam
631 1269 737 1310 scire
766 1269 922 1310 dicere.
988 1268 1094 1323 Ejus
1122 1275 1263 1310 autem
1281 1269 1369 1309 vitii
1390 1267 1632 1322 exemplum

244 1354 448 1389 memorat
476 1355 603 1402 atque
635 1347 825 1401 exagitat
860 1346 967 1388 alter
997 1346 1173 1396 Seneca,
1205 1346 1262 1387 N.
1289 1346 1345 1393 Q.
1368 1346 1424 1386 iii.
1447 1347 1526 1395 5273
1558 1346 1632 1387 ubi

245 1433 400 1475 monet,
424 1424 626 1466 Ovidium
653 1426 695 1466 in
724 1424 882 1466 diluvio
908 1424 1201 1467 Deucalioneo
1233 1439 1312 1479 pro
1340 1424 1632 1479 magnitudine

245 1503 305 1544 rei
327 1503 500 1553 dixisse,
529 1503 678 1544 Omnia
699 1509 857 1558 pontus
885 1510 1018 1553 erant,
1040 1504 1115 1545 sed
1136 1518 1233 1544 mox
1255 1518 1349 1545 eum
1371 1504 1424 1544 ad
1445 1502 1631 1558 pueriles

244 1581 422 1636 ineptias
444 1580 645 1631 delatum,
662 1581 757 1622 Nat
777 1582 899 1636 lupas
914 1582 1021 1622 inter
1041 1596 1150 1631 oves,
1172 1588 1252 1623 etc.
1270 1598 1278 1622 :
1300 1596 1384 1622 non
1406 1582 1516 1623 enim
1537 1596 1630 1623 esse

244 1674 332 1701 rem
353 1660 452 1701 satis
473 1660 670 1710 sobriam,
692 1658 882 1701 lascivire
904 1660 1107 1701 devorato
1128 1660 1232 1701 orbe
1253 1667 1483 1710 terrarum3
1515 1675 1631 1715 mag-

244 1738 369 1779 nifice
390 1738 549 1779 dictum
570 1752 661 1779 esse
686 1737 792 1779 hoc:
815 1737 1083 1792 Exspatiata
1103 1743 1224 1778 ruwet
1235 1753 1320 1793 per
1339 1744 1524 1794 apertos,
1547 1745 1628 1780 etc.

244 1816 370 1856 modo
397 1831 481 1856 non
510 1822 714 1865 curasset,
736 1816 841 1871 quid
863 1831 962 1857 oves
991 1823 1034 1857 et
1053 1815 1144 1871 lupi
1167 1817 1368 1858 fecerint:
1402 1818 1537 1858 natari
1559 1833 1632 1858 au-

246 1901 329 1936 tem
362 1895 405 1934 in
443 1893 601 1935 diluvio
636 1908 721 1935 non
760 1894 964 1949 potuisse,
1002 1894 1077 1935 sed
1112 1895 1261 1936 eodem
1296 1895 1458 1950 impetu
1498 1910 1630 1950 pecus

245 1986 382 2021 omne,
404 1987 489 2026 quo
510 1980 678 2027 raptum
700 1972 842 2022 fuerit,
865 1988 1048 2015 mersum
1068 1989 1174 2016 esse.
1227 1974 1362 2015 Simili
1384 1975 1500 2026 vitio,
1522 1990 1631 2029 prae-

245 2058 309 2091 ter
329 2049 446 2100 alias,
467 2050 633 2092 laborat
652 2051 845 2093 Narcissi
866 2051 1024 2094 fabula.
1078 2052 1139 2094 Ut
1161 2052 1365 2095 Narcisso
1387 2068 1463 2094 sua
1484 2053 1628 2104 facies,

245 2128 302 2169 sic
325 2128 481 2170 ovidio
510 2129 602 2183 ejus
630 2129 793 2170 insania
821 2129 1029 2184 placuisse
1050 2130 1229 2172 videtur.
1292 2131 1388 2173 Nec
1420 2133 1461 2173 in
1488 2133 1628 2174 incen-

245 2206 316 2246 dio
347 2206 491 2247 mundi
523 2221 589 2248 res
617 2207 758 2248 sobria
791 2214 883 2249 erat
916 2208 956 2248 ii.
982 2208 1062 2249 331
1088 2209 1239 2262 jocari,
1275 2210 1467 2252 incendia
1498 2212 1629 2252 lmnen

246 2283 513 2333 Praebebam,
534 2285 770 2339 aliquisque
789 2285 897 2326 malo
910 2285 1005 2339 fuit
1031 2301 1128 2327 usus
1148 2287 1190 2327 in
1209 2287 1307 2336 z‘ll0;
1338 2295 1411 2330 aut
1431 2289 1629 2331 minutias

247 2376 395 2403 curare
417 2377 502 2403 ver.
526 2364 604 2403 211
634 2378 727 2417 sqq.
737 2363 934 2418 fissaque
959 2363 1117 2417 (tellus)
1146 2366 1240 2421 agit
1267 2366 1410 2415 rimas,
1427 2373 1467 2407 et
1495 2368 1631 2409 suecis

247 2446 339 2481 aret
355 2441 544 2482 ademtis.
594 2441 761 2482 Pabula
783 2448 1003 2483 canescunt
1014 2460 1029 2490 ,·
1049 2457 1135 2484 ver.
1159 2444 1243 2484 252
1264 2459 1355 2499 sqq.
1379 2460 1472 2500 quae
1493 2445 1629 2487 Mceo-

243 2520 336 2560 nias
362 2519 621 2562 celebrarant
648 2522 830 2562 carmine
858 2522 992 2577 ripas,
1021 2523 1247 2564 Flamineae
1279 2524 1464 2564 volucres
1494 2525 1627 2565 medio

243 2598 408 2638 caluere
433 2597 628 2653 Caystro.
690 2598 800 2646 Quis
821 2600 931 2641 enim
957 2601 1000 2641 in
1021 2608 1105 2642 tam
1132 2601 1249 2656 gravi
1270 2601 1507 2644 calamitate
1528 2617 1627 2658 cy„-

244 2690 392 2716 norum
422 2676 603 2718 calorem
636 2680 784 2719 curet?
845 2678 932 2720 Sed
965 2687 1008 2721 et
1038 2695 1123 2721 ver.
1161 2682 1244 2723 265
1280 2696 1369 2737 sqq.
1407 2682 1626 2737 delphinas

242 2754 362 2794 nobis
408 2755 593 2796 ostendit
640 2755 867 2797 latitantes.
934 2757 1029 2799 Nec
1068 2758 1110 2799 in
1151 2760 1282 2813 pestis
1324 2760 1624 2815 descriptione,
