1763 3181
423 180 1044 225 METAMORPHOSEON
1077 180 1197 222 LIB.
1226 180 1318 222 III.

1464 183 1550 225 219

169 300 309 348 Illius
333 300 550 364 impulsu
576 314 729 362 quum
753 297 969 345 turribus
995 296 1150 343 ardua
1174 297 1320 343 celsis

169 377 358 425 Moenia
381 383 515 424 mota
538 375 724 432 forent;
767 390 972 438 serpens
998 372 1104 420 sine
1125 373 1325 420 vulnere
1350 373 1549 430 mansit,

169 454 456 517 Loricaeque
480 452 628 501 modo
653 452 876 515 squamis
900 450 1151 506 defensus,
1179 458 1231 498 et
1254 457 1372 498 atrae

167 531 364 578 Duritia
386 530 549 595 pellis,
575 529 763 577 validos
789 535 905 576 cute
930 527 1148 592 reppulit
1172 527 1318 575 ictus.

165 607 234 655 At
256 625 354 655 non
378 607 560 655 duritia
578 606 798 671 jaculum
825 620 1026 668 quoque
1047 604 1200 651 vincit
1227 604 1418 660 eadem,

1490 608 1553 652 65

167 685 313 740 Quod
337 685 501 733 medio
525 686 674 732 lentae
699 683 855 730 fixum
881 681 1165 730 curvamine
1190 681 1346 745 spinae

168 762 436 820 Constitit;
478 769 528 810 et
550 769 655 809 toto
681 761 942 809 descendit
961 761 1011 807 in
1037 760 1119 807 ilia
1143 759 1286 807 ferro.

165 839 274 895 Ille,
300 840 470 888 dolore
494 839 650 895 ferox,
678 846 831 903 caput
854 839 904 886 in
930 854 1020 885 sua
1043 844 1184 900 terga
1207 836 1420 893 retorsit,

165 915 486 980 Vulneraque
507 916 721 981 aspexit,
743 916 1001 979 fixumque
1026 915 1204 963 hastile
1228 913 1518 961 momordit:

168 992 346 1057 quue,
373 993 459 1041 ubi
482 993 530 1040 vi
554 994 712 1040 multa
736 999 929 1057 partem
952 990 1186 1039 labefecit
1210 990 1260 1036 in
1285 1005 1498 1045 omnem,

165 1069 264 1117 Vix
287 1077 427 1133 tergo
447 1069 650 1134 eripuit;
679 1069 860 1117 ferrum
879 1076 1046 1116 tamen
1070 1068 1268 1115 ossibus
1286 1067 1457 1114 haeret.
1492 1070 1549 1114 71

166 1146 293 1194 Tum
315 1163 447 1204 vero,
475 1154 743 1211 postquam
769 1146 938 1194 solitas
964 1145 1180 1193 accessit
1205 1144 1269 1191 ad
1293 1144 1390 1191 iras

166 1223 326 1286 Plaga
348 1240 537 1279 recens,
563 1224 723 1287 plenis
747 1230 1037 1270 tumuerunt
1061 1229 1262 1285 guttura
1283 1221 1452 1278 venis;

168 1300 461 1364 Spumaque
486 1299 749 1364 pestiferos
775 1299 1074 1347 circumfluit
1099 1297 1266 1345 albida
1290 1296 1473 1353 rictus;

165 1376 418 1441 Terraque
443 1393 555 1425 rasa
579 1384 724 1424 sonat
748 1376 998 1440 squamis3
1029 1375 1217 1438 quique
1242 1374 1425 1421 halitus
1452 1373 1559 1422 exit

167 1453 268 1502 Ore
292 1455 432 1518 niger
459 1453 652 1518 Stygio,
678 1454 876 1502 vitiatas
903 1452 1060 1500 inficit
1085 1467 1247 1498 auras.

165 1614 271 1639 autem
286 1608 401 1651 lapidis
416 1608 512 1645 missi,
527 1607 624 1650 ipsius
637 1608 750 1639 Cadmi
762 1614 826 1639 sta-

164 1663 234 1689 tura
254 1658 450 1699 intelligitur.
473 1657 609 1695 Quintil.
633 1658 711 1688 Inst.
728 1657 825 1689 VIII.

163 1706 206 1738 iv.
225 1708 280 1738 24.
327 1707 463 1738 Heroica
492 1711 585 1737 aetate
613 1706 754 1737 homines
778 1717 826 1737 ar-

163 1757 251 1788 bores
273 1757 459 1799 proceritate
479 1757 642 1798 superasse
666 1756 827 1798 fingeban-

165 1811 234 1837 tur:
260 1805 330 1837 vide
354 1805 395 1837 ad
410 1805 466 1837 xii.
482 1807 555 1836 352.
601 1805 687 1836 Talis
707 1810 827 1836 tantus-

165 1866 226 1898 que
241 1855 337 1887 etiam
351 1855 492 1887 Cadmus
506 1854 539 1884 in
552 1854 612 1885 hac
624 1865 731 1896 pugna
745 1854 828 1896 cogi-

163 1904 278 1936 tandus
286 1910 344 1936 est.
366 1905 447 1935 Saxo
457 1903 552 1934 misso
561 1903 728 1934 succubuit
735 1903 829 1934 draco

162 1954 337 1985 secundum
370 1952 530 1985 Hellanic.
566 1953 676 1994 Eurip.
706 1952 826 1993 Hygin.

166 2003 280 2035 Gladio
294 2013 366 2034 eum
384 2013 450 2034 esse
474 2001 674 2033 interfectum
689 2001 826 2032 tradide-

165 2057 213 2084 rat
223 2052 434 2095 Pherecydes.
458 2052 498 2083 In
514 2057 620 2083 nostra
634 2051 758 2094 copiosa
773 2050 828 2082 de-

164 2101 332 2144 scriptione
351 2102 442 2144 plura
464 2112 550 2133 arma
569 2101 710 2133 Cadmus
733 2111 827 2143 expe-

165 2156 254 2183 ntur.

210 2201 263 2232 61.
286 2201 379 2231 Illius
406 2200 566 2240 impulsu]
615 2200 693 2230 Haec
720 2199 828 2230 simili-

166 2249 242 2280 tudo
255 2250 336 2281 bene
359 2248 482 2280 delecta
503 2255 570 2288 est3
593 2259 632 2280 ea
655 2248 740 2280 enim
763 2259 829 2280 cer-

166 2304 232 2330 tam
256 2298 430 2341 accipimus
458 2299 616 2329 notionem
641 2304 672 2329 et
700 2297 828 2335 roboris,

167 2359 230 2390 quo
255 2348 396 2380 Cadmus
423 2347 562 2390 vigebat,
592 2353 624 2378 et
651 2347 741 2378 molis
766 2358 826 2378 ser·

166 2398 278 2440 pentiS.
337 2398 447 2428 Turres
470 2403 574 2429 autem
598 2408 660 2428 non
685 2403 768 2434 sunt,
794 2403 830 2428 ut

167 2448 249 2479 Lem.
284 2448 429 2490 putabat,
461 2458 559 2484 arces,
590 2447 729 2489 palatia3
773 2447 828 2478 sed

168 2503 267 2529 turres
294 2497 327 2528 in
355 2497 451 2527 muris
480 2497 609 2527 munitae
636 2496 732 2532 urbis,
758 2507 827 2538 quae

167 2545 252 2577 saxis
262 2557 279 2577 e
293 2545 448 2577 machinis
461 2546 584 2578 bellicis
595 2546 696 2576 missis
709 2547 829 2582 moveri,

169 2597 304 2633 concuti,
324 2596 478 2627 solebant.
522 2595 638 2626 Loricoe
661 2605 760 2636 genus
781 2596 828 2625 in·

168 2640 269 2686 tellig.
285 2645 318 2675 in
341 2654 543 2686 squamarum
564 2645 701 2686 speciem
715 2654 753 2675 ex
769 2653 830 2674 aere

168 2694 356 2725 confectum.
392 2693 505 2736 Virgil.
531 2693 659 2725 AEneid.
684 2693 726 2725 ix.
752 2693 829 2724 707.

169 2743 284 2783 duplici
297 2754 419 2783 squama
436 2744 527 2774 lorica
533 2743 650 2783 fidelis.

1492 1453 1554 1498 76

937 1607 989 1638 65.
1016 1606 1129 1641 Vincit,
1144 1604 1285 1646 repellit;
1309 1610 1383 1635 tunc
1402 1603 1486 1634 enirn
1506 1604 1556 1646 Ja-

894 1655 966 1686 cula
991 1654 1073 1686 vinci
1102 1654 1259 1689 dicuntur,
1278 1664 1375 1695 quum
1399 1652 1556 1694 repellun-

895 1712 956 1735 tur.

939 1754 991 1785 66.
1016 1753 1102 1787 Quod
1125 1754 1219 1783 medio
1241 1753 1336 1788 lentae,
1353 1751 1433 1792 etc-J
1470 1750 1557 1782 Mul-

894 1809 960 1834 tum
979 1801 1153 1844 phantasiae
1169 1800 1201 1831 in
1216 1812 1286 1843 sqq.
1303 1800 1418 1832 elucet.
1463 1801 1558 1840 Spina

894 1857 1074 1894 serpentum
1111 1851 1280 1881 admodum
1317 1851 1410 1886 lenta,
1438 1849 1560 1881 scilieet

895 1901 1040 1933 flexibilis
1055 1906 1112 1937 est,
1126 1906 1156 1931 et
1168 1901 1200 1931 in
1214 1900 1328 1931 multos
1340 1900 1428 1930 orbes
1438 1900 1560 1931 curvan'

895 1957 1008 1993 potest.
1056 1951 1233 1986 consistere,
1249 1949 1379 1980 haerere.
1427 1949 1558 1980 Descen-

895 2003 964 2032 dere
985 2000 1016 2031 in
1032 2010 1145 2042 corpus
1166 1999 1313 2030 dicuntur
1329 1998 1403 2035 tela,
1418 1998 1558 2035 vulnera,

893 2049 1017 2092 ipsique
1045 2049 1124 2080 adeo
1153 2048 1283 2084 milites,
1311 2048 1365 2090 qui
1393 2047 1560 2078 vulnerant

895 2099 975 2130 telis.
1005 2099 1168 2130 Momm-dit
1183 2099 1300 2134 hastile,
1315 2107 1398 2128 rnorc
1413 2096 1558 2134 ferarum,

893 2149 1007 2190 quibus
1023 2147 1151 2189 aliquod
1174 2146 1271 2177 telum
1285 2145 1428 2177 inhaeret.
1475 2147 1560 2184 Ossa,

893 2196 983 2239 spina
1002 2197 1133 2239 ejusque
1153 2196 1316 2226 vertebrae.
1363 2195 1464 2225 Plenoe
1486 2201 1560 2226 sunt

893 2257 991 2283 venae,
1009 2257 1105 2288 quum
1121 2250 1255 2276 tument.

938 2298 989 2328 76.
1005 2298 1115 2338 Niger,
1131 2295 1290 2336 pestilens.
1313 2294 1419 2335 Stygio
1433 2299 1559 2336 propter

894 2345 1027 2376 halitum
1051 2344 1220 2375 letiferum.
1265 2342 1359 2373 Silius
1386 2353 1450 2374 ver.
1472 2344 1556 2374 219:

896 2395 1014 2436 Stygios
1023 2400 1110 2424 aestus
1114 2392 1262 2434 fumante
1276 2392 1410 2422 exsibilat
1420 2403 1481 2423 ore.
1508 2393 1559 2422 1⁷1·-

896 2445 986 2473 tiatas
1000 2442 1099 2483 inficit
1115 2452 1132 2471 e
1148 2440 1240 2482 copia
1253 2438 1386 2482 poetica,
1398 2439 1489 2471 vitiat
1505 2446 1560 2471 aut

894 2493 1005 2524 inficit.
1063 2491 1224 2522 Avienus:
1274 2490 1422 2531 Pestifero
1451 2489 1560 2531 afflatu

894 2553 1012 2582 serpens
1026 2552 1120 2583 vagus
1137 2541 1280 2580 inquinat
1299 2550 1418 2569 auram.
1463 2538 1558 2570 Clau-

896 2592 1017 2628 dianus,
1033 2603 1128 2622 xxxv.
1143 2591 1217 2620 202.
1233 2589 1272 2620 de
1289 2588 1378 2630 equis
1396 2587 1558 2619 Plutonis:

897 2642 1062 2678 corrumpit
1087 2641 1212 2680 spiritus
1233 2648 1325 2668 auras
1347 2637 1488 2679 Letifer5
1512 2639 1561 2668 in-

887 2691 982 2732 secta·
996 2692 1107 2730 spumis
1118 2690 1272 2720 vitiantur
1284 2698 1394 2718 arenae.
1423 2686 1561 2724 Quidam

898 2741 999 2771 herbas
1013 2750 1067 2781 pro
1084 2749 1175 2769 auras
1186 2749 1197 2773 ,·
1221 2737 1277 2768 sed
1291 2737 1465 2767 Burmann.
1478 2743 1561 2767 recte
