1729 3207
226 211 311 253 126
613 211 665 252 P.
694 209 905 252 OVIDII
940 208 1217 251 NASONIS

232 326 452 381 Claudit,
480 333 530 373 et
554 326 754 388 indigno
779 324 1053 372 circumdat
1076 324 1273 371 vincula
1295 324 1438 371 collo.

231 402 506 449 Frondibus
532 403 764 458 arboreis,
792 410 842 449 et
866 417 1033 449 amara
1057 401 1275 465 pascitur
1301 401 1483 449 herba:

229 479 430 541 Proque
455 486 577 534 toro,
604 486 762 534 terrae,
790 495 887 525 non
913 494 1109 541 semper
1134 493 1337 540 gramen
1362 476 1580 532 habenti,

229 555 443 602 Incubat
467 555 666 611 infelix3
707 555 983 618 limosaque
1008 554 1212 601 flumina
1236 562 1391 618 potat.

228 632 322 680 Illa
345 633 494 680 etiam
515 632 728 696 supplex
753 631 886 694 Argo
913 648 1068 695 quum
1093 631 1296 679 brachia
1318 631 1467 677 vellet
1513 631 1608 676 635

227 709 476 766 Tendere;
506 726 604 756 non
629 709 818 766 habuit,
838 725 950 772 quae
977 709 1181 756 brachia
1200 708 1429 756 tenderet
1448 706 1605 768 Argo;

229 787 525 850 Conatoque
550 786 689 849 queri
715 787 931 849 mugitus
951 787 1109 833 edidit
1133 802 1244 842 ore;

225 862 592 925 Pertimuitque
609 879 778 919 sonos3
808 863 1106 926 propriaque
1123 862 1360 910 exterrita
1372 877 1493 908 voce
1514 867 1607 907 est.

228 939 380 987 Venit
403 948 453 987 et
477 940 538 987 ad
564 939 712 1003 ripas,
739 940 825 986 ubi
850 940 1020 988 ludere
1045 956 1178 1004 saepe
1203 941 1411 996 solebat,

228 1014 493 1064 Inachidas
513 1017 668 1080 ripas;
698 1032 922 1079 novaque
943 1024 998 1064 ut
1017 1017 1280 1080 conspexit
1294 1017 1343 1062 in
1358 1015 1492 1062 unda
1517 1017 1614 1062 64O

229 1094 445 1150 Cornua,
474 1093 745 1157 pertimuit,
773 1110 929 1157 seque
955 1102 1218 1142 externata
1244 1093 1440 1156 refugit.

229 1170 417 1218 Naides
444 1169 688 1233 ignorant,
716 1171 910 1232 ignorat
935 1178 986 1218 et
1012 1171 1230 1237 Inachus
1256 1171 1380 1234 ipse,

231 1247 354 1302 Quae
382 1248 472 1296 sit:
514 1255 564 1295 at
588 1248 672 1294 illa
697 1256 887 1312 patrem
919 1249 1158 1312 sequitur,
1187 1248 1513 1311 sequiturque
1535 1262 1610 1293 so-

228 1324 295 1372 Et
314 1325 500 1388 patitur
519 1325 671 1388 tangi,
690 1342 846 1388 seque
867 1326 1224 1374 admirantibus
1248 1324 1406 1372 offert.
1437 1325 1609 1385 [rores,

228 1401 505 1465 Decerptas
531 1402 695 1450 senior
720 1411 1008 1466 porrexerat
1033 1402 1250 1449 Inachus
1276 1402 1455 1448 herbas
1477 1419 1487 1457 ;
1518 1402 1613 1447 645

227 1477 322 1525 Illa
345 1495 521 1525 manus
540 1478 729 1535 lambit,
757 1480 1033 1542 patriisque
1059 1480 1146 1526 dat
1170 1479 1341 1525 oscula
1364 1477 1570 1541 palmis;

229 1554 277 1602 N
282 1572 339 1603 ec
360 1556 539 1604 retinet
556 1557 826 1619 lacrymas:
856 1564 920 1613 et,
939 1556 979 1604 si
998 1556 1144 1603 modo
1160 1556 1310 1602 verba
1327 1561 1614 1618 sequantur,

228 1678 279 1709 Cf.
292 1678 365 1709 Val.
385 1678 470 1709 Flac.
512 1678 562 1709 De
582 1678 694 1709 duritie
715 1680 782 1721 ejus
808 1679 885 1710 nihil
947 1680 1070 1721 jectum
1085 1686 1130 1710 est
1145 1678 1316 1721 epitheton.
1332 1678 1443 1709 Valer.
1454 1676 1541 1707 Flac.
1558 1675 1613 1706 lib.

226 1727 332 1765 Nost.;
356 1727 410 1758 sed
426 1729 546 1758 tristem
562 1727 616 1758 Ius
630 1734 743 1759 sortem
759 1735 828 1770 apte
846 1729 885 1759 ad
953 1727 996 1757 iv.
1010 1728 1071 1758 378
1085 1741 1091 1758 :
1112 1728 1192 1763 Heu,
1205 1729 1316 1767 quoties
1326 1738 1392 1757 saio
1403 1728 1501 1766 posuit
1514 1725 1613 1755 lutus!

225 1776 526 1807 commiserationem
537 1777 710 1808 faciendam
722 1788 776 1819 per
783 1784 886 1819 partes
953 1789 1022 1817 quos
1037 1789 1086 1808 ore
1102 1779 1194 1812 lucus,
1211 1788 1273 1817 quae
1287 1778 1397 1817 pabula
1411 1776 1544 1815 carpsit!

226 1825 384 1857 describit.
430 1827 514 1862 Alta,
529 1827 692 1868 profunda,
709 1834 743 1858 ut
759 1827 884 1858 millies.
996 1827 1069 1857 634.
1103 1826 1258 1862 Flumina,
1283 1837 1299 1856 e
1324 1825 1523 1862 fluminibus3
1560 1831 1615 1855 aut

227 1874 344 1905 Contra
356 1876 461 1905 melum
477 1876 662 1916 prqt‘nndum
676 1875 763 1916 Virg.
774 1876 888 1917 Georg.
946 1875 1084 1916 flumina
1100 1881 1172 1906 sunt
1190 1885 1292 1916 aquae.

226 1922 267 1953 iv.
283 1924 357 1953 222.
369 1929 417 1954 est
433 1923 541 1954 altum.
588 1923 647 1954 Vir
661 1924 772 1955 doctus
786 1924 818 1954 in
835 1924 889 1954 Bi-

225 1972 339 2002 blioth.
383 1971 490 2013 Tigur.
506 1984 536 2014 p.
553 1974 604 2003 85.
625 1979 724 2014 putat,
746 1974 890 2004 tellurem

226 2022 320 2050 altum
335 2020 396 2051 dici
412 2027 555 2062 respectu
571 2021 661 2057 Solis,
678 2022 731 2063 qui
748 2028 816 2063 post
837 2033 889 2053 oc-

227 2080 334 2100 casum
356 2070 413 2100 sub
438 2070 548 2101 tellure
573 2077 687 2107 currat,
704 2081 835 2113 eamque
858 2073 890 2104 in

226 2120 291 2149 alto
305 2118 432 2155 habeat.
470 2120 542 2149 Non
559 2120 718 2150 assentior.

271 2169 344 2199 631.
374 2169 517 2209 Indigno,
544 2169 625 2210 quod
651 2170 747 2200 talem
776 2176 888 2202 sortem

226 2227 288 2247 non
304 2223 468 2252 meruerat,
481 2223 516 2247 ut
532 2228 593 2248 ver.
608 2219 683 2249 508.

271 2266 345 2296 632.
374 2266 569 2307 Frondibus]
605 2268 735 2298 Veteres
764 2278 889 2309 pascere

225 2315 368 2346 solebant
378 2315 558 2346 boves.vid.
567 2316 706 2347 Casaub.
719 2317 759 2347 ad
771 2317 889 2349 Athen.

224 2363 243 2393 i.
266 2365 314 2394 19.
360 2364 489 2400 Notum,
516 2365 663 2396 Nostrum
693 2366 881 2407 expressisse

227 2413 371 2449 Calvum,
389 2413 442 2454 qui
466 2413 497 2443 in
512 2414 547 2444 Io
568 2414 708 2445 dixerat:
734 2416 781 2445 Ah
803 2418 888 2456 virgo

225 2462 356 2503 infelix!
380 2463 474 2493 herbis
487 2466 612 2502 pasceris
625 2467 747 2495 amaris.
796 2465 888 2496 Foliis

228 2513 303 2542 vesci
327 2514 436 2541 amaris
457 2511 535 2542 dixit
560 2513 669 2544 Horat.
694 2514 739 2544 11.
758 2514 824 2544 Sat.
843 2514 887 2544 iii.

230 2561 302 2591 114.
346 2560 405 2591 Pro
443 2562 573 2591 arbuteis
609 2562 712 2603 recepi
747 2564 886 2599 arboreis,

223 2608 312 2648 quod
336 2615 508 2649 agnoscunt
527 2620 634 2640 omnes
654 2616 764 2652 praeter
779 2622 887 2648 unum,

226 2656 312 2687 unde
329 2657 440 2688 IIeins.
451 2657 530 2688 illud
546 2657 672 2689 invexit.
717 2660 790 2690 Non
805 2661 887 2691 enim

228 2715 312 2735 nunc
343 2706 502 2746 quaeritur,
531 2707 624 2747 quale
654 2708 761 2749 pabuli
790 2719 888 2749 genus

223 2753 332 2789 fuerit,
349 2754 403 2784 sed
428 2760 554 2785 ornatus
575 2762 696 2786 tantuin
720 2767 814 2787 causa
834 2757 888 2788 ad-

1000 1924 1074 1954 640.
1100 1924 1262 1963 Conspeiit,
1276 1925 1308 1954 in
1323 1923 1434 1963 unda]
1461 1921 1615 1953 Heroidd.

956 1973 1018 2003 xiv.
1047 1975 1098 2004 93.
1143 1973 1179 2003 Io
1208 1985 1235 2003 se
1266 1975 1395 2003 miratur
1426 1975 1457 2003 in
1486 1973 1616 2008 umbi-215

956 2022 1063 2053 Amor.
1080 2022 1105 2053 Ι.
1121 2022 1165 2052 iii.
1177 2024 1230 2053 21.

999 2071 1074 2103 641.
1100 2072 1136 2101 Se
1159 2071 1306 2113 refugit]
1335 2070 1489 2101 Exterrita
1513 2071 1613 2101 corni-

956 2120 1025 2156 bus,
1039 2120 1073 2150 Io
1087 2120 1168 2161 fugit
1183 2130 1201 2150 a
1216 2120 1324 2156 forma,
1336 2130 1431 2161 quarn
1446 2130 1616 2162 conspexe-

956 2175 1016 2199 rat.
1033 2169 1084 2200 Cf.
1101 2170 1147 2200 iii.
1167 2171 1226 2200 198
1242 2180 1311 2211 sqq.
1356 2169 1527 2200 Phantasia
1543 2180 1615 2211 poe-

956 2225 995 2249 tae
1011 2218 1070 2249 sibi
1084 2217 1152 2261 ipsa
1167 2218 1198 2249 in
1213 2218 1328 2249 talibus
1345 2219 1484 2260 placuit;
1507 2218 1614 2260 itaque

956 2268 993 2299 iis
1009 2268 1187 2299 immoratur
1199 2275 1231 2299 et
1244 2269 1275 2299 in
1290 2279 1359 2310 sqq.

999 2319 1074 2349 642.
1105 2319 1226 2355 Naides,
1249 2328 1376 2353 sorores,
1394 2317 1522 2359 reliquae
1543 2318 1616 2349 Ina·

957 2366 1007 2397 clii
1023 2366 1106 2398 filiae.

997 2417 1071 2447 644.
1116 2416 1370 2457 Admirantibus]
1420 2417 1615 2446 Admiramur

954 2465 1070 2501 omnia,
1089 2476 1158 2507 quae
1184 2465 1322 2496 animum
1345 2470 1482 2496 nostrum
1506 2474 1615 2506 percu-

955 2519 1047 2545 tiunt.

997 2563 1071 2594 645.
1107 2563 1212 2593 Senior
1239 2563 1386 2593 Inachus:
1423 2562 1492 2593 vide
1519 2562 1557 2593 ad
1586 2573 1614 2594 v.

955 2613 1028 2642 580.

997 2662 1070 2692 647.
1102 2661 1189 2702 Sequi
1219 2661 1378 2702 eleganter
1404 2660 1516 2691 dieitur
1544 2671 1614 2702 quae

955 2709 1048 2740 facile
1071 2709 1187 2740 cedunt
1210 2709 1363 2740 voluntati
1385 2709 1521 2741 alterius.
1565 2709 1616 2740 De

956 2758 1057 2789 verbis
1086 2758 1198 2799 legitur
1221 2759 1327 2795 etiam,
1352 2759 1432 2790 Met.
1460 2758 1501 2790 xi.
1530 2758 1613 2789 327:
