1763 3181
211 194 296 236 230
607 196 656 237 Ρ.
689 196 900 238 OVIDII
933 196 1210 238 NASONIS

213 308 264 355 Si
287 309 468 373 poteris
494 325 706 366 narrare,
733 311 898 358 licet.''
958 310 1064 359 Nec
1090 312 1230 375 plura
1254 311 1452 367 minata,

215 385 315 432 Dat
339 401 509 449 sparso
533 386 683 450 capiti
706 387 887 434 vivacis
912 403 1095 435 cornua
1118 388 1275 445 cervi;
1496 390 1585 434 194

216 462 315 509 Dat
339 462 553 526 spatium
579 465 734 520 eollo;
767 477 1086 529 summasque
1111 464 1388 513 cacuminat
1413 480 1583 519 aures;

215 539 342 586 Cum
364 540 677 603 pedibusque
696 557 886 598 manus,
905 558 1017 588 cum
1036 541 1197 603 longis
1216 541 1417 588 brachia
1431 549 1588 588 mutat

213 615 480 673 Cruribus;
521 624 571 664 et
593 617 723 665 velat
746 619 997 665 maculoso
1020 618 1202 666 vellere
1226 634 1421 681 corpus.

209 692 424 739 Additus
449 700 500 740 et
524 709 673 756 pavor
696 702 799 742 est:
838 694 965 757 fugit
988 695 1294 742 Autonoeius
1319 696 1489 751 heros3

212 768 277 816 Et
301 784 353 816 se
378 776 478 816 tam
504 770 715 818 celerem
740 786 886 818 cursu
910 771 1112 819 miratur
1136 771 1185 818 in
1208 771 1335 835 ipso.

213 845 284 892 Ut
307 861 421 892 vero
448 846 604 893 solitis
630 863 720 894 sua
743 863 926 895 cornua
948 849 1069 895 vidit
1093 848 1142 894 in
1166 848 1327 903 undis,
1491 850 1590 893 200

213 921 299 969 Me
319 922 577 969 miserum!
605 923 827 971 dicturus
849 932 974 973 erat:
1002 941 1096 972 vox
1118 925 1250 972 nulla
1268 931 1481 987 sequuta
1494 930 1585 971 est.

211 999 489 1062 Ingemuit;
528 1015 623 1046 vox
648 999 732 1047 illa
753 1000 871 1057 fuit;
911 1001 1227 1065 lacrimaeque
1252 1017 1339 1065 per
1362 1017 1447 1048 ora

212 1076 326 1123 Non
351 1091 440 1123 sua
463 1076 740 1124 fluxerunt:
780 1093 920 1124 mens
945 1085 1137 1125 tantum
1163 1078 1371 1141 pristina
1391 1076 1586 1125 mansit.

212 1153 344 1208 Quid
369 1152 548 1201 faciat?
585 1162 842 1218 repetatne
867 1155 1085 1211 domum,
1112 1163 1163 1203 et
1187 1154 1370 1218 regalia
1393 1154 1559 1201 tecta?

212 1231 290 1277 An
315 1231 466 1278 lateat
492 1230 659 1279 silvis?
697 1232 840 1280 timor
864 1233 974 1289 hoc,
997 1233 1155 1297 pudor
1179 1231 1388 1296 impedit
1410 1231 1547 1278 illud.

215 1307 346 1355 Dum
372 1307 581 1364 dubitat,
601 1309 763 1357 videre
779 1325 926 1358 canes
945 1328 955 1367 ;
984 1310 1272 1374 primusque
1289 1307 1587 1371 Melampus,

212 1473 320 1504 taeone,
342 1468 471 1500 veritam
500 1480 538 1500 ne
564 1470 743 1502 adolescens
772 1471 868 1513 ipsius

210 1517 446 1559 turpitudinem,
462 1519 588 1560 αἶσχος,
617 1521 787 1561 evulgaret,
811 1521 868 1551 irn-

210 1565 329 1597 misisse
357 1566 402 1597 illi
431 1577 535 1599 canes.
580 1568 707 1610 Dialog.
736 1569 869 1601 ,Iunonis

212 1621 243 1645 et
260 1615 400 1646 Latonae.

257 1665 327 1695 194.
347 1665 437 1696 Vivru
447 1678 456 1702 ,·
473 1666 616 1708 frequens
632 1677 791 1698 cervorum
805 1669 869 1710 epi-

212 1713 329 1749 theton,
353 1714 427 1755 quia
449 1714 522 1745 olim
546 1716 751 1748 credebantur
777 1727 869 1759 quam

214 1762 390 1803 longissime
403 1763 517 1795 vivere.
562 1764 697 1796 Auson.:
717 1765 779 1796 Hos
795 1767 868 1807 (ho-

214 1811 328 1851 mines)
344 1815 440 1843 novies
459 1821 579 1853 superat
601 1816 722 1845 vivendo
738 1817 870 1857 garrula

212 1864 327 1896 cornix,
356 1861 397 1891 Et
424 1869 529 1902 quater
558 1865 714 1904 egreditur
743 1866 870 1895 cornicis

212 1910 319 1939 saecula
339 1921 452 1946 cervus,
468 1921 537 1951 quae
555 1921 625 1942 vero
646 1912 869 1944 recentioribus

212 1958 401 1999 temporibus
430 1966 550 2000 reperta
577 1966 650 1991 sunt
679 1961 867 1998 falsissima3

211 2017 320 2037 cervus
341 2007 424 2038 enim
441 2008 489 2038 vix
508 2008 777 2051 quadragesimum
793 2017 868 2042 aeta-

212 2056 251 2086 tis
277 2067 392 2087 annum
418 2058 555 2099 attingit.
601 2059 749 2098 Spatium,
772 2061 869 2102 longi-

212 2105 362 2137 tudinem.
415 2106 623 2144 Cacuminare,
658 2114 765 2139 acutas
802 2109 870 2140 red-

211 2154 294 2190 dere,
310 2155 438 2185 verbum
454 2155 568 2186 Ovidio
582 2156 750 2199 proprium.

259 2204 328 2234 198.
355 2203 478 2235 Pavoris
503 2206 677 2246 symbolum
703 2207 785 2248 apud
807 2207 870 2238 Ve-

213 2258 293 2283 teres
307 2259 373 2284 erat
387 2263 505 2284 cervus.
551 2255 678 2286 Homer.
692 2256 730 2286 11.
743 2260 782 2288 A.
798 2257 871 2288 225.

215 2300 320 2338 Her-os,
336 2301 410 2343 quia
431 2309 530 2334 mater
550 2303 617 2344 ejus
643 2315 680 2334 ex
702 2305 871 2336 Harmonia

215 2350 326 2380 Martis
348 2358 379 2381 et
394 2350 524 2382 Veneris
545 2353 658 2394 neptis,
674 2360 760 2394 pater
774 2353 871 2395 Apol-

212 2397 284 2428 linis
298 2398 390 2430 filius.
434 2400 476 2436 ls,
491 2401 545 2442 qui
561 2401 652 2432 modo
667 2403 748 2433 heros
761 2403 871 2439 suerat,

215 2457 298 2478 nunc
318 2449 431 2490 fugit5
455 2450 539 2490 quod
562 2450 734 2492 indignum.
781 2452 822 2482 Et
844 2463 872 2482 se

214 2502 274 2526 tam
288 2498 421 2534 celerem,
433 2504 495 2528 etc.
543 2499 740 2531 Luxuriantis
755 2500 872 2542 ingenii

214 2551 273 2576 est.

257 2595 331 2625 200.
355 2595 482 2637 Solitis.]
518 2597 649 2628 Veteres
674 2598 756 2629 enim
783 2599 872 2640 aquis

215 2653 269 2683 pro
284 2643 410 2685 speculo
432 2645 608 2676 utebantur.
651 2647 701 2678 Cf.
720 2658 780 2678 ver.
797 2649 871 2679 498.

217 2691 362 2722 Heinsius
378 2693 459 2724 hunc
476 2703 607 2731 versum,
624 2702 657 2726 ut
672 2696 822 2727 insulsum
840 2704 872 2727 et

212 2739 357 2781 frigidum
385 2742 455 2782 ejici
486 2740 619 2775 volebat.
664 2745 737 2776 Sine
767 2756 870 2776 causa.

935 1473 985 1504 Cf.
1007 1471 1133 1508 similia,
1156 1471 1177 1501 i.
1201 1471 1263 1502 640
1286 1480 1354 1511 sqq.
1374 1469 1448 1500 647.
1469 1469 1542 1500 657.
1562 1475 1593 1500 et

935 1531 1005 1551 cum
1020 1531 1088 1562 sqq.
1103 1529 1260 1561 compara,
1277 1518 1309 1549 ii.
1326 1519 1387 1548 485
1400 1528 1468 1559 sqq.
1505 1517 1591 1548 Bene

935 1581 994 1599 non
1013 1580 1077 1605 sua,
1093 1579 1151 1599 non
1169 1568 1196 1599 ei
1211 1567 1287 1598 data
1301 1577 1319 1598 a
1335 1572 1456 1597 natura.
1496 1565 1591 1597 Trist.

936 1618 979 1650 iii.
991 1620 1020 1649 4.
1030 1619 1068 1650 de
1084 1617 1218 1648 Daedalo
1232 1623 1263 1648 et
1274 1617 1374 1652 Icaro,
1384 1628 1496 1656 pennas
1510 1618 1593 1646 ambo

937 1680 995 1698 non
1009 1668 1135 1698 habuere
1146 1678 1224 1698 suas.
1261 1666 1348 1708 Virg.
1361 1666 1476 1708 Georg.
1488 1666 1520 1696 ii.
1532 1667 1572 1697 82
1586 1679 1592 1695 :

938 1716 1132 1758 Miraturque
1153 1727 1242 1747 novus
1254 1716 1394 1756 frondes,
1409 1723 1436 1746 et
1461 1727 1519 1746 non
1540 1727 1593 1746 sua

936 1777 1033 1806 poma.

979 1816 1052 1846 205.
1073 1815 1203 1845 Pudor-is
1217 1824 1309 1845 causa
1325 1813 1412 1844 nulla
1427 1820 1510 1852 erat;
1524 1814 1594 1856 quis

936 1864 1019 1894 enirn
1043 1863 1124 1894 domi
1147 1863 1321 1904 agnovisset
1345 1863 1592 1894 transformatum

935 1913 1115 1944 dominum?

978 1963 1053 1993 206.
1081 1962 1184 1992 Videre
1210 1961 1326 2002 canes.]
1358 1960 1595 2003 Quinquaginta

936 2011 1048 2042 aluisse
1064 2021 1157 2041 canes
1169 2011 1300 2041 Actaeon
1311 2010 1452 2047 traditur,
1462 2021 1592 2052 quarum

936 2060 1060 2091 nomina
1085 2060 1162 2090 adeo
1190 2066 1288 2101 poetae
1318 2059 1409 2102 prisci
1435 2061 1590 2091 memoriae

935 2109 1113 2140 mandanda
1123 2115 1319 2141 censuerunt.
1363 2108 1594 2150 Comprehensa

936 2157 1030 2188 etiam
1064 2164 1151 2188 erant
1182 2157 1275 2199 prisci
1304 2157 1465 2199 cujusdam
1493 2165 1594 2199 poetae

937 2207 1040 2238 Graeci
1055 2207 1202 2243 versibus,
1219 2217 1296 2248 quos
1314 2206 1511 2238 bibliothecae
1528 2217 1591 2238 suae

937 2255 1066 2287 inseruit
1087 2256 1244 2298 Apollod.‚
1260 2255 1312 2287 ubi
1329 2262 1433 2287 tamen
1452 2267 1512 2287 non
1535 2256 1593 2287 nisi

938 2306 1075 2347 reliquiae
1101 2306 1258 2347 quaedam,
1281 2305 1462 2347 eaedemque
1485 2306 1594 2337 misere

938 2361 1089 2397 corruptae
1105 2361 1233 2386 servatae
1254 2361 1336 2386 sunt.
1382 2354 1501 2395 Hygin.
1516 2354 1594 2386 duos

938 2404 1094 2445 catalogos
1110 2404 1215 2440 habet,
1231 2414 1361 2445 quorum
1380 2403 1462 2444 prior
1483 2403 1524 2434 39
1538 2414 1593 2434 no-

939 2453 1022 2484 mina
1046 2453 1194 2489 continet,
1215 2463 1345 2494 quorum
1370 2452 1516 2494 pleraque
1540 2462 1593 2484 ea-

939 2501 1010 2532 dem
1025 2508 1106 2538 sunt,
1118 2513 1188 2543 quae
1199 2500 1366 2537 Ovidiana,
1377 2500 1470 2532 etiam
1485 2501 1593 2532 eodem

937 2561 1032 2592 prope
1054 2550 1160 2581 ordine
1185 2556 1395 2581 recensentur.
1440 2549 1595 2580 Posterior

939 2600 980 2630 46
1004 2599 1129 2630 nomina
1149 2604 1308 2630 enumerat
1330 2600 1369 2629 ab
1393 2599 1441 2629 his
1460 2599 1594 2630 diversa.

939 2648 1108 2689 AEschylus
1119 2659 1180 2679 non
1196 2647 1253 2678 nisi
1270 2655 1402 2689 quatuor
1417 2648 1592 2678 nominave—

938 2702 987 2726 rat
1001 2708 1006 2725 z
1036 2697 1159 2732 Pollux,
1173 2709 1201 2729 v.
1217 2698 1268 2727 47.
1314 2698 1426 2728 Noster
1440 2697 1482 2727 36
1497 2696 1593 2727 nomi-

939 2755 978 2775 na
992 2746 1158 2787 excerpsit.
1189 2747 1274 2777 Bene
1287 2752 1390 2777 autern
1403 2745 1489 2781 fecit,
1499 2745 1594 2787 quod,
