1763 3181
396 186 1015 230 METAMORPHOSEON
1048 186 1165 227 LIB.
1200 185 1289 226 III.
1450 184 1534 224 247

152 305 197 351 Ν
202 321 258 352 ec
283 305 375 361 via,
403 321 494 351 nec
519 311 730 360 montes,
757 319 848 350 nec
874 303 1055 349 clausis
1080 301 1261 348 moenia
1286 300 1466 363 portis3

148 380 345 444 Exigua
368 381 686 444 prohibemur
711 396 868 442 aqua:
909 379 1050 442 cupit
1073 379 1182 442 ipse
1206 375 1390 432 teneri3
1430 378 1529 422 450

149 457 293 514 Nam,
318 457 513 521 quoties
538 456 740 520 liquidis
765 456 1073 520 porreximus
1099 455 1270 502 oscula
1293 452 1528 517 lymphis,

148 534 243 581 Hic
268 535 416 582 toties
441 534 504 580 ad
529 550 608 580 me
634 532 866 596 resupino
891 532 1061 579 nititur
1085 548 1194 578 ore:

146 611 303 658 Posse
327 618 471 675 putes
497 609 661 672 tangi:
691 608 948 655 minimum
974 615 1066 664 est,
1088 608 1221 671 quod
1246 606 1527 654 amantibus

344 688 524 734 obstat.

148 763 387 827 Quisquis
413 780 481 819 es,
506 764 600 810 huc
627 762 734 809 exi!
774 762 895 824 quid
920 778 1014 816 me,
1038 777 1160 825 puer
1184 761 1343 816 unice,
1367 759 1530 806 fallis?

147 841 318 895 Quove
344 841 527 905 petitus
554 840 693 887 abis?
732 847 865 887 certe
890 856 981 886 nec
1003 839 1174 895 forma,
1202 855 1292 886 nec
1320 844 1439 884 aetas

148 917 240 965 Est
275 934 400 975 mea,
441 934 590 981 quam
629 917 788 980 fugias
811 936 820 974 3
862 925 913 964 et
950 917 1176 964 amarunt
1212 932 1290 962 me
1329 930 1528 977 quoque

345 994 612 1059 Nymphae.
640 1005 653 1020 ⁶
1432 994 1529 1038 456

149 1072 302 1136 Spem
326 1072 460 1128 mihi,
488 1071 655 1119 nescio
680 1088 845 1135 quam,
872 1072 1008 1118 vultu
1034 1071 1279 1135 promittis
1305 1071 1493 1121 amico;

148 1149 416 1213 Quumque
442 1166 533 1212 ego
559 1149 754 1213 porrexi
780 1149 870 1196 tibi
897 1149 1113 1204 brachia,
1137 1147 1345 1212 porrigis
1370 1146 1527 1192 ultro:

148 1226 314 1281 Quum
339 1227 438 1282 risi,
460 1226 673 1274 arrides:
710 1226 936 1273 lacrimas
963 1241 1165 1288 quoque
1192 1240 1323 1287 saepe
1348 1222 1528 1276 notavi,

149 1303 236 1351 Me
260 1303 565 1361 lacrimante,
584 1310 718 1350 tuas:
750 1303 884 1350 nictu
905 1319 1106 1366 quoque
1133 1303 1274 1364 signa
1295 1300 1526 1348 remittis:

151 1380 230 1437 Et,
258 1387 499 1444 quantum
524 1387 660 1427 motu
686 1380 884 1428 formosi
911 1380 1136 1444 suspicor
1160 1380 1273 1435 oris,
1434 1381 1524 1425 461

149 1458 314 1506 Verba
337 1457 504 1513 refers,
531 1474 675 1506 aures
701 1476 798 1506 non
824 1458 1161 1523 pervenientia
1178 1463 1387 1504 nostras.

149 1535 208 1582 In
231 1542 281 1583 te
306 1552 398 1598 ego
424 1552 548 1591 sum,
576 1536 735 1594 sensi;
778 1553 869 1583 nec
895 1554 974 1584 me
1001 1552 1111 1584 mea
1134 1535 1256 1583 fallit
1280 1535 1442 1595 imago
1465 1550 1474 1580 :

151 1612 278 1659 Uror
303 1629 468 1660 amore
494 1613 618 1671 mei3
660 1614 884 1661 flammas
910 1629 1184 1676 moveoque
1209 1612 1429 1673 feroque.

147 1720 280 1758 Plinius,
303 1723 402 1764 Epist.
424 1723 482 1753 VI.
504 1723 525 1753 i.
544 1724 577 1753 l:
616 1724 806 1754 Desiderinm

146 1773 311 1802 absentium
340 1773 418 1802 nihil
448 1774 573 1811 perinde
601 1784 636 1802 ac
669 1775 808 1803 vicinitas

147 1822 241 1852 acuit.
286 1820 347 1851 Sed
372 1822 421 1851 via
445 1820 477 1851 in
500 1820 548 1851 his
578 1821 808 1863 impedimentis

147 1869 228 1900 male
252 1875 531 1908 commemoratur3
555 1880 592 1900 ea
616 1870 699 1900 enim
717 1870 807 1901 facile

147 1924 249 1962 potest
259 1918 414 1949 transiliri.
434 1919 544 1949 Tenere
557 1930 613 1949 vox
627 1919 808 1956 amantium,

149 1978 245 2010 quum
258 1967 348 2010 potiti
363 1972 435 1998 sunt
450 1973 564 2004 amato,
581 1973 612 1998 et
627 1967 721 1999 ferme
737 1979 809 2000 cum

149 2017 343 2060 amplexibus
363 2017 572 2058 conjungitur.
588 2017 643 2048 vii.
667 2019 718 2049 56.
738 2019 808 2049 143.

150 2068 296 2108 Liquidis,
311 2066 462 2108 limpidis.
488 2067 650 2106 Resupino,
665 2072 725 2098 ete.
742 2078 808 2098 cor-

148 2127 221 2159 pore
237 2116 397 2154 inclinato,
412 2126 531 2147 sursum
546 2116 622 2157 erigi
637 2122 775 2147 conatur.

193 2166 265 2197 454.
304 2165 430 2201 Unicus,
462 2176 556 2206 quem
593 2176 656 2207 prae
692 2165 811 2196 caeteris

149 2225 299 2249 amamus,
313 2215 388 2255 quia
402 2213 522 2245 caeteris
537 2219 664 2256 praestat
678 2214 728 2244 vel
743 2214 809 2244 ani-

149 2264 191 2294 mi
212 2263 261 2293 vel
286 2262 421 2304 corporis
438 2263 573 2294 dotibus.
616 2263 740 2294 Multus
763 2269 810 2293 est

150 2312 182 2343 in
209 2312 241 2342 h.
257 2323 287 2342 v.
312 2312 499 2355 explicando
528 2311 638 2343 Heius.
666 2312 705 2343 ad
736 2312 766 2343 h.
788 2313 808 2344 l.

151 2361 237 2392 Raro
250 2361 373 2402 ponitur
387 2372 442 2403 pro
458 2373 548 2392 unus.

193 2412 267 2441 457.
305 2411 462 2441 Promittis
489 2409 674 2452 exquisitius
702 2421 809 2452 quam,

152 2458 239 2490 facis.
284 2460 416 2495 Amicus,
438 2458 555 2489 hilaris.
570 2458 634 2490 viii.
650 2459 724 2489 677.
747 2460 813 2489 boni

150 2508 262 2540 vultus.
288 2507 399 2538 Nictus
412 2506 552 2549 proprius
568 2513 614 2538 est
628 2507 811 2544 amantium,

153 2567 249 2599 quum
276 2557 392 2588 blande
421 2568 452 2587 se
487 2556 621 2587 invicem
656 2556 812 2588 intuentes

152 2606 256 2638 oculos
270 2611 406 2642 movent,
422 2617 517 2648 osque
539 2606 691 2636 diducunt
706 2606 743 2637 ad
761 2618 810 2637 su-

151 2655 347 2691 bridendum,
360 2656 480 2688 Graeeis
492 2660 538 2686 est
552 2654 813 2697 σκαρδαμυγμός.

154 2703 216 2734 Sed
231 2703 264 2733 h.
278 2704 298 2734 l.
314 2714 376 2734 non
391 2703 450 2734 nisi
467 2703 507 2734 ad
521 2704 680 2734 oculorum
695 2709 812 2734 motum

155 2753 321 2789 retulerim,
350 2753 424 2794 quia
450 2755 526 2784 risus
551 2753 617 2794 jam
647 2751 815 2794 praecessit.

874 1725 964 1755 Forte
979 1729 1083 1754 tamen
1098 1727 1226 1764 praestat
1242 1732 1279 1752 ex
1292 1720 1433 1763 plurimis
1446 1727 1533 1750 nutu.

874 1772 915 1803 iv.
927 1774 984 1803 63:
1010 1778 1090 1803 num
1106 1774 1252 1813 signisque
1267 1771 1442 1810 loquuntur.
1466 1768 1534 1799 Art.

875 1822 1014 1852 Aniat.i.
1031 1822 1110 1852 138:
1138 1821 1202 1851 Nec
1218 1821 1270 1850 tibi
1283 1830 1336 1859 per
1351 1825 1443 1849 ἠιιΐιιε
1457 1820 1535 1849 acci-

873 1873 982 1912 pienda
998 1877 1069 1901 nota
1083 1877 1135 1901 est.
1180 1869 1229 1900 Ibi
1250 1879 1372 1911 quoque
1396 1878 1457 1897 non
1478 1867 1535 1897 nisi

876 1932 956 1951 unus
993 1923 1090 1951 nictus
1122 1919 1257 1961 praesert.
1325 1918 1536 1948 Pervenientia

876 1981 974 2005 aures,
989 1969 1128 2010 intellige
1143 1971 1191 1999 ad.
1232 1968 1320 2009 Saepe
1337 1967 1464 1997 Homer.
1480 1966 1534 2004 ἧκε

878 2014 988 2049 πόλιν,
1004 2013 1116 2043 omisso
1135 2011 1197 2049 εἷς;
1222 2010 1305 2052 quod
1326 2009 1437 2040 imitati
1463 2014 1535 2040 sunt

878 2062 993 2093 Latini.

921 2112 993 2143 463.
1021 2111 1057 2141 [n
1074 2118 1101 2141 te
1115 2122 1166 2152 ego
1181 2121 1254 2145 sum,
1270 2109 1347 2148 etc.]
1374 2108 1536 2138 Hactenus

877 2171 970 2191 error.
1000 2161 1046 2191 Eo
1060 2159 1224 2201 expeditus
1240 2157 1404 2189 Narcissus
1419 2156 1450 2186 in
1465 2156 1534 2187 des-

878 2209 1069 2251 perationem
1084 2208 1224 2243 vertitur,
1243 2207 1332 2247 cujus
1352 2211 1454 2236 autern
1474 2205 1535 2236 viui

878 2269 938 2289 non
962 2259 1042 2288 bene
1066 2257 1216 2299 expressit
1238 2261 1340 2297 poeta.
1386 2254 1535 2285 Alienum

879 2309 917 2339 ab
942 2318 980 2338 ea
1003 2313 1050 2337 est
1069 2316 1237 2347 oxymoron
1257 2307 1370 2343 inopem
1391 2314 1436 2333 me
1455 2305 1537 2341 copia

868 2358 960 2399 fecit,
980 2357 1099 2387 alienus
1119 2355 1173 2385 ille
1191 2355 1288 2389 lusus,
1306 2354 1536 2383 Votum-ahes-

877 2413 941 2444 Μή,-
965 2408 1105 2447 ineptum
1121 2414 1264 2438 acumen,
1280 2402 1352 2437 Hie,
1368 2404 1419 2441 qui
1435 2402 1538 2442 diligi-

880 2462 942 2489 tur,
957 2459 1018 2485 etc.
1066 2453 1149 2487 Quid
1172 2453 1278 2482 deinde
1302 2462 1366 2492 rog.
1385 2455 1416 2480 et
1440 2450 1465 2480 si
1491 2460 1538 2479 ro—

878 2515 950 2546 gare
966 2503 1053 2539 libet,
1069 2502 1144 2545 quid
1159 2501 1287 2532 tandem
1303 2500 1439 2540 rogabo?
1484 2498 1538 2529 Ιη-

879 2565 959 2594 opem
986 2563 1030 2582 me
1057 2552 1140 2591 copia
1163 2550 1256 2591 fecit.
1315 2547 1471 2579 Ausonius
1500 2547 1538 2578 de

879 2601 1043 2633 Narcisso:
1089 2600 1121 2630 Si
1150 2609 1270 2638 cuperes
1297 2597 1403 2631 alium,
1431 2606 1536 2637 posses,

887 2652 1032 2685 Narcisse,
1061 2650 1174 2688 potiri3
1221 2647 1312 2677 Nunc
1347 2646 1402 2675 tibi
1435 2646 1541 2676 amoris

880 2702 961 2731 adest
985 2701 1085 2739 copia.-
1106 2698 1235 2739 fructus
1257 2697 1347 2727 abest.
1381 2694 1539 2736 Epigram.

882 2752 923 2781 95
939 2755 969 2780 et
982 2749 1038 2780 96.
