1763 3181
224 170 307 211 410

615 166 665 206 Ρ.
699 164 911 207 OVIDII
946 164 1224 207 NASONIS

226 284 488 332 Connubio
514 281 733 328 Procnes
750 281 944 343 junxit:
984 297 1081 327 non
1106 281 1329 343 pronuba
1352 280 1500 337 Juno,

230 361 342 408 Non
369 359 675 423 Hymenaeus
701 358 858 413 adest,
886 358 953 404 illi
979 375 1076 405 non
1103 357 1278 405 Gratia
1300 359 1445 406 lecto.

229 437 532 485 Eumenides
557 443 760 483 tenuere
785 435 918 483 faces
943 436 1005 483 de
1030 435 1200 482 funere
1224 443 1417 499 raptas3

1506 438 1603 482 430

229 514 532 563 Eumenides
557 519 772 559 stravere
798 519 990 569 torum3
1029 518 1264 575 tectoque
1289 512 1520 576 profanus

228 591 462 640 Incubuit
483 591 636 645 bubo,
663 588 967 651 thalamique
991 588 1040 634 in
1065 588 1280 636 culmine
1305 589 1449 636 sedit.

231 670 340 718 Hac
362 685 450 716 ave
476 673 591 714 sunt
608 665 768 729 juncti
795 665 986 713 Procne
1010 664 1328 729 Tereusque3
1369 673 1598 729 parentes

231 746 340 793 Hac
366 762 455 793 ave
480 751 595 791 sunt
617 743 762 791 facti:
802 750 992 805 gratata
1016 750 1093 790 est
1118 743 1309 791 scilieet
1333 743 1427 791 illis

230 822 469 878 Thracia;
501 821 693 884 Disque
719 820 813 884 ipsi
839 826 1003 882 grates
1023 835 1195 882 egere3
1224 820 1473 884 diemque,
1511 822 1607 866 435

232 900 445 963 Quaque
470 898 587 945 data
611 905 687 945 est
711 898 842 944 claro
868 897 1126 945 Pandione
1151 905 1268 945 nata
1291 906 1517 961 tyranno,

231 978 444 1040 Quaque
469 982 574 1023 erat
597 982 733 1022 ortus
760 973 884 1038 Itys,
910 974 1088 1022 festam
1105 975 1300 1038 jussere
1323 975 1501 1022 vocari.

233 1055 411 1118 Usque
431 1053 555 1100 adeo
579 1053 702 1099 latet
725 1052 938 1100 utilitas!
970 1054 1073 1116 jam
1093 1059 1318 1116 tempora
1341 1052 1488 1100 Titan

231 1131 467 1195 Quinque
492 1146 580 1194 per
604 1136 867 1176 autumnos
892 1128 1090 1193 repetiti
1114 1129 1325 1177 duxerat
1348 1129 1489 1186 anni;

233 1209 399 1264 Quum
414 1206 639 1256 blandita
655 1206 758 1253 viro
775 1206 985 1262 Procne,
1008 1212 1037 1230 “
1058 1206 1111 1253 Si
1128 1205 1332 1268 gratia,’⁷
1352 1206 1493 1262 dixit,
1514 1208 1611 1253 440

275 1349 349 1379 428.
375 1348 528 1378 Connnbio
556 1347 695 1381 Procnes,
714 1346 792 1387 etc-J
825 1347 888 1378 Ve-

233 1398 376 1429 tustiores
402 1403 497 1432 recte,
520 1396 645 1431 Procne,
662 1405 723 1426 non
748 1396 889 1438 Progne,-

232 1453 278 1479 est
290 1447 372 1479 enim
384 1447 497 1477 Graeca
506 1456 562 1476 vox
577 1444 721 1486 Πρόκνη.
740 1445 892 1476 For-mulis

232 1495 422 1530 solennibus,
438 1505 508 1536 quae
524 1494 629 1536 plures
644 1493 694 1524 hic
711 1494 891 1530 cumulatae,

233 1551 440 1590 praemonetur
467 1544 576 1580 lector,
602 1554 696 1585 quam
721 1542 891 1574 infaustum

233 1594 465 1627 matrimonium
488 1593 567 1624 illud
589 1593 693 1623 fuerit.
728 1592 843 1623 Confer
858 1604 890 1623 x.

233 1645 325 1681 init.;
362 1643 492 1674 Heroid.
518 1642 550 1673 ii.
573 1642 613 1672 47
640 1652 730 1683 sqq.;
764 1640 805 1672 vi.
829 1643 891 1680 45;

233 1695 383 1728 Musaeus,
399 1693 463 1722 274
477 1702 546 1733 sqq.
590 1690 664 1721 Alia
683 1689 766 1721 mala
788 1690 891 1732 nupti-

234 1753 321 1775 arum
347 1741 450 1773 omina
468 1741 566 1771 habet
585 1739 747 1781 Virgilius,
762 1739 891 1770 .²Eneid.

232 1793 275 1824 iv.
294 1792 364 1822 166.
409 1790 526 1820 Junonz'
547 1788 703 1831 praecipue
721 1799 802 1819 curae
819 1799 890 1820 con-

230 1841 339 1884 jugia3
361 1839 434 1870 inde
458 1837 567 1870 τελεία
590 1843 621 1868 et
641 1839 777 1878 pronuba
797 1837 893 1868 dicta.

237 1891 446 1931 Hymenaeum,
463 1893 498 1918 ut
520 1888 640 1922 adesset,
656 1886 700 1917 sic
722 1886 785 1917 sere
806 1885 893 1917 invo-

234 1939 366 1970 cabant:
394 1937 428 1967 10
445 1936 573 1977 Hymen,
594 1935 751 1976 Hymenaee
773 1935 892 1976 Hymen

234 1990 313 2023 ades,
333 1998 349 2017 0
376 1987 546 2027 Hymenaee.
569 1985 674 2016 Catul.
689 1985 743 2015 63.
789 1985 892 2015 Etiam

237 2036 354 2066 Gratiis
375 2040 478 2076 partes
499 2033 643 2075 quaedam
663 2033 744 2064 datae
760 2040 848 2064 erant
862 2034 893 2064 in

237 2084 366 2127 nuptiis.
393 2083 516 2119 Pollux,
537 2082 582 2113 iii.
600 2083 640 2120 35
674 2083 778 2124 Etym.
793 2083 841 2113 M.
862 2082 894 2113 in

235 2133 395 2177 γαμηλία.

280 2184 354 2213 430.
379 2182 470 2212 Faces
485 2182 520 2211 de
533 2180 650 2222 sunere
670 2186 762 2219 raptae
782 2190 829 2211 res
847 2180 894 2211 di-

237 2231 359 2262 rissima
382 2230 456 2261 olim
478 2230 598 2260 habita.
622 2229 768 2260 valerius
792 2230 896 2260 Maxi-

237 2292 319 2316 mus,
336 2281 378 2311 ix.
398 2281 424 2310 l.
440 2279 479 2310 de
495 2279 634 2310 Catilina
649 2291 654 2308 :
681 2278 795 2309 Filium
810 2290 897 2310 sunm

239 2341 349 2360 veneno
376 2329 510 2364 sustulit,
538 2330 731 2368 protinusque
765 2339 796 2358 ex
824 2339 897 2369 *rogo

238 2382 301 2419 ejus
316 2377 597 2419 maritalemfacem
611 2379 761 2408 accendit.
805 2377 898 2408 Tales

238 2426 332 2468 igitur
367 2426 452 2457 faces
478 2432 510 2457 et
540 2425 638 2456 Furiis
667 2426 895 2457 tribuebantur.

238 2476 347 2507 Senec.
382 2475 479 2506 Herc.
510 2475 581 2506 Fur.
612 2475 684 2506 156.
744 2474 899 2516 Prqf'anns

239 2527 312 2555 bubo
323 2537 334 2562 ,·
359 2524 460 2555 dirum
481 2523 662 2554 mortalibus
683 2534 784 2554 omen.
830 2524 899 2554 Sola

241 2576 314 2605 bubo
324 2574 426 2616 jer-ali
447 2576 578 2604 carmine
594 2573 743 2614 queritur.
764 2575 842 2604 AEn.
858 2573 899 2605 iv.

242 2624 316 2654 462.
346 2623 437 2654 Conf.
451 2634 481 2653 v.
497 2624 559 2654 550
572 2635 579 2661 ς
597 2622 651 2653 vii.
665 2624 750 2661 269;
775 2634 804 2654 x.
817 2624 900 2660 453;

242 2672 462 2707 Claudianum¹
479 2683 532 2702 xx.
550 2672 625 2702 407.
658 2672 803 2702 Incubuit
818 2672 898 2702 Bur-

243 2731 356 2751 manno
381 2726 557 2763 suspectum
584 2720 715 2757 videtur,
743 2731 799 2752 nec
823 2720 899 2752 satis

956 1345 1144 1377 conveniens
1165 1348 1208 1376 τῶ
1229 1346 1303 1376 sedit
1319 1355 1414 1386 quum
1434 1343 1558 1386 gravius
1576 1344 1614 1374 sit

957 1396 1112 1430 incubare,
1145 1404 1239 1436 quam
1273 1395 1305 1424 in
1335 1395 1465 1424 culmine
1494 1395 1613 1424 sedere.-

958 1443 1066 1474 mallet
1085 1446 1228 1480 insonuit,
1245 1443 1293 1474 vel
1315 1445 1472 1485 ingemuit.
1518 1442 1613 1484 Regii

959 1492 1052 1523 nostri
1076 1493 1208 1524 Codices
1234 1492 1349 1523 habent
1372 1493 1532 1529 incubuit3
1557 1502 1613 1522 nec

958 1541 1048 1573 video
1077 1552 1131 1572 cur
1156 1543 1336 1572 Burmanno
1363 1540 1528 1582 displiceat
1556 1541 1613 1571 hoc

959 1590 1026 1622 loeo
1041 1591 1169 1622 verbum
1191 1592 1344 1621 incubare.
1390 1590 1508 1621 Bubonz'
1532 1589 1614 1621 enim

959 1651 1049 1672 crura
1062 1646 1135 1671 sunt
1155 1639 1232 1670 adeo
1247 1646 1346 1675 curta,
1361 1645 1396 1670 ut
1411 1641 1553 1670 incubare
1570 1639 1615 1670 vi-

959 1689 1092 1720 deantur
1105 1688 1208 1731 potius
1221 1699 1313 1730 quam
1328 1690 1437 1719 sedere.

1002 1738 1078 1769 433.
1104 1738 1173 1768 Hac
1195 1748 1267 1773 ave,·
1291 1737 1347 1768 hoc
1371 1737 1519 1778 augurio:
1545 1747 1617 1768 aves

960 1789 1119 1819 consulere
1135 1787 1167 1818 in
1183 1786 1299 1829 nuptiis
1312 1786 1508 1818 celebrandis
1525 1787 1615 1829 jubet

960 1837 1126 1873 Hesiodus,
1136 1836 1233 1878 Ἐργ.
1248 1837 1300 1866 36.
1331 1836 1488 1872 Horatius,
1505 1838 1534 1867 Ι.
1551 1836 1615 1868 Od.

961 1897 1014 1917 xv.
1029 1888 1061 1917 5.
1089 1887 1176 1916 Mala
1203 1887 1288 1916 ducis
1310 1886 1360 1915 avi
1383 1887 1499 1916 domum
1525 1886 1615 1917 Hele-

961 1947 1040 1967 nam.
1062 1935 1216 1971 Tibullus,
1241 1934 1288 1964 II.
1313 1934 1345 1964 ii.
1370 1935 1423 1965 21.
1442 1935 1496 1965 hac
1517 1938 1616 1966 venias

959 1995 1022 2015 ave.

1003 2034 1077 2064 438.
1108 2033 1247 2073 Tempora
1284 2036 1369 2069 anni,
1397 2044 1506 2069 annus,
1527 2033 1615 2074 isque

961 2085 1115 2123 repetitus,
1133 2082 1279 2124 quoniam
1301 2093 1421 2125 semper
1440 2081 1530 2113 redit.
1567 2082 1617 2112 Ti-

963 2139 1015 2162 tan
1038 2132 1124 2162 ducit
1144 2131 1251 2167 solem,
1267 2131 1365 2173 poetis
1385 2132 1478 2162 etiam
1493 2143 1618 2167 annum,

963 2181 1016 2222 qui
1042 2180 1174 2211 efficitur
1200 2180 1332 2211 decursu
1358 2180 1441 2211 solis.
1479 2181 1540 2211 Per
1563 2192 1618 2210 au—

964 2238 1100 2261 tumnum
1116 2230 1156 2260 ad
1170 2229 1263 2260 finem
1278 2229 1377 2270 vergit
1397 2239 1507 2261 annus.
1549 2229 1618 2260 Cae-

964 2286 1061 2311 terum
1086 2279 1293 2321 epiphonema
1317 2279 1405 2315 illud,
1430 2279 1526 2319 Usque
1548 2281 1620 2310 adeo

965 2330 1036 2359 latet
1061 2330 1191 2364 utilitas,
1208 2329 1406 2359 Burmannus
1428 2328 1467 2358 ad
1489 2338 1621 2370 sequen-

965 2378 1009 2409 tia
1023 2378 1126 2413 refert,
1145 2377 1184 2408 ad
1204 2377 1371 2408 adventum
1393 2377 1512 2408 sororis.
1559 2378 1620 2408 Ρο-

965 2433 1024 2458 test
1052 2426 1147 2458 etiam
1180 2426 1220 2456 ad
1257 2425 1475 2457 antecedentia
1504 2426 1620 2463 referri,

965 2476 1048 2518 quod
1064 2475 1157 2506 festos
1168 2475 1325 2517 jusserant
1339 2485 1406 2506 esse
1421 2474 1492 2505 illos
1507 2475 1584 2506 dies.

1009 2526 1082 2556 440.
1107 2524 1205 2558 Quum
1230 2525 1368 2554 blandita
1388 2525 1462 2559 viro,
1478 2524 1555 2564 etc.]
1582 2524 1619 2554 In

965 2573 1167 2615 sequentibus
1177 2583 1274 2604 mores
1286 2573 1408 2614 egregie
1423 2573 1518 2604 notati
1530 2580 1601 2604 sunt
1611 2585 1620 2612 3

967 2623 1080 2665 conjux
1106 2633 1237 2653 sororem
1256 2622 1353 2654 visere
1377 2623 1516 2664 cupiens,
1538 2633 1621 2653 soror

966 2673 1078 2704 blande
1109 2678 1226 2714 patrem
1256 2682 1378 2713 rogans,
1409 2678 1443 2703 ut
1468 2672 1619 2714 proficisci

966 2722 1069 2757 liceat,
1091 2732 1176 2752 amor
1199 2721 1332 2752 effrenus
1352 2721 1452 2757 Terei,
1468 2731 1540 2751 cura
1565 2730 1618 2761 pa-
