1763 3181
225 198 311 240 5242
613 198 664 239 P.
697 197 910 239 OVIDII
945 197 1221 239 NASONIS

229 321 259 339 “
287 313 499 377 Hujus‚''
521 313 604 369 ait,
633 320 662 338 “
683 313 879 375 linguae,
901 328 1001 376 qua
1025 328 1134 360 sum
1154 313 1343 368 delusa,
1368 320 1588 376 potestas

227 392 389 439 Parva
412 391 499 438 tibi
526 390 738 446 dabitur,
765 390 1002 453 vocisque
1027 390 1346 437 brevissimus
1370 389 1539 436 usus.''

229 470 408 532 Reque
433 468 590 515 minas
615 468 802 515 firmat:
831 474 998 515 tamen
1023 468 1129 514 haec
1156 467 1205 513 in
1229 467 1326 514 fine
1351 465 1588 529 loquendi

227 547 509 610 Ingeminat
525 561 688 601 voces,
717 544 984 608 auditaque
1009 545 1158 592 verba
1182 550 1416 607 reportat.

295 624 425 687 Ergo
447 623 531 670 ubi
553 623 860 678 Narcissum,
878 639 966 686 per
986 622 1130 669 devia
1154 623 1310 668 lustra
1328 627 1605 684 vagantem,

226 701 380 757 Vidit,
408 707 458 748 et
482 699 700 755 incaluit,
726 699 950 762 sequitur
973 699 1181 762 vestigia
1205 697 1398 745 furtim:
1511 699 1602 743 371

229 777 441 840 Quoque
466 776 623 838 magis
649 775 888 839 sequitur,
906 775 1105 823 flamma
1128 775 1355 840 propiore
1376 774 1606 831 calescit3

229 854 345 901 Non
371 852 529 908 aliter,
551 868 701 915 quam
720 867 875 915 quum
900 852 1105 900 summis
1131 851 1407 900 circumlita
1431 850 1574 899 taedis

226 932 496 978 Admotam
521 931 720 993 rapiunt
742 929 930 977 vivacia
954 929 1191 993 sulphura
1213 929 1480 976 flammam.

229 1010 273 1056 O
301 1008 495 1072 quoties
519 1008 673 1055 voluit
696 1007 891 1055 blandis
918 1007 1155 1054 accedere
1181 1006 1346 1063 dictis,

228 1086 294 1133 Et
318 1086 490 1133 molles
517 1085 752 1133 adhibere
777 1085 978 1149 preces!
1018 1091 1195 1131 natura
1218 1089 1489 1148 repugnat3

230 1164 275 1210 N
283 1180 338 1212 ec
361 1163 476 1210 sinit
500 1162 732 1227 incipiat:
762 1163 868 1219 sed,
887 1163 1022 1226 quod
1043 1162 1175 1217 sinit,
1197 1161 1281 1208 illa
1305 1167 1478 1224 parata
1501 1166 1578 1206 est

229 1241 511 1304 Expectare
533 1257 695 1296 sonos,
723 1241 785 1288 ad
811 1257 937 1304 quos
963 1256 1052 1288 sua
1074 1240 1225 1287 verba
1249 1238 1485 1286 remittat.

230 1318 377 1365 Forte
397 1334 519 1380 puer
539 1317 778 1364 comitum
800 1318 1034 1365 seductus
1057 1317 1118 1363 ab
1139 1315 1335 1378 agmine
1356 1314 1470 1370 fido,
1513 1315 1608 1360 379

231 1395 456 1449 Dixerat,
475 1394 647 1457 ecquis
664 1395 833 1441 adest?
856 1401 919 1450 et,
938 1394 1095 1450 adest,
1114 1393 1436 1457 responderat
1452 1390 1608 1438 Echo.

1512 1007 1607 1052 375

272 1526 345 1556 368.
371 1525 471 1565 Reque
489 1526 585 1554 minas
595 1524 733 1565 firmat]
754 1525 803 1555 Re
819 1524 886 1566 ipsa

227 1580 257 1604 et
270 1573 383 1604 effectu
400 1573 498 1603 minas
512 1572 690 1614 exequitur.

272 1624 345 1654 370.
364 1623 488 1663 Derim]
508 1622 570 1659 Qui
595 1633 626 1653 se
651 1621 746 1653 effuse
768 1628 884 1659 amant,

229 1679 323 1714 atque
345 1672 543 1703 immodicam
565 1678 775 1714 conceperunt
793 1672 832 1702 de
853 1683 885 1703 se

227 1721 414 1763 opinionem,
442 1732 503 1751 non
529 1721 662 1751 multum
689 1721 721 1750 in
749 1720 885 1762 publico,

230 1777 285 1802 aut
305 1771 336 1801 in
356 1771 448 1800 rebus
470 1769 614 1800 civilibus
629 1779 808 1800 versantur:
834 1770 884 1800 hic

229 1820 312 1852 enim
342 1819 503 1861 neglectus
533 1819 623 1849 multi
660 1825 691 1850 et
715 1819 886 1860 vilipendia

230 1875 401 1905 occurrent,
417 1880 486 1910 quae
507 1879 538 1899 se
559 1868 617 1899 sibi
639 1868 803 1899 ostendant
819 1868 884 1898 ani-

230 1930 297 1950 mos
315 1919 447 1960 ipsorum
465 1917 644 1959 dejectura3
668 1917 773 1958 itaque
791 1917 885 1947 vitam

230 1969 413 2010 plerumque
438 1967 555 2007 degunt
580 1966 760 2002 solitariam,
784 1965 886 2008 priva-

230 2024 293 2048 tam
315 2021 346 2047 et
372 2014 581 2051 umbratilem,
597 2015 705 2046 vilium
727 2015 886 2046 hominum

230 2065 380 2096 comitatu
395 2064 500 2100 cincti,
517 2064 568 2105 qui
591 2064 660 2094 illos
676 2064 776 2095 colere
793 2070 886 2105 atque

231 2113 375 2146 admirari
395 2113 453 2143 sibi
469 2113 501 2143 in
517 2113 653 2143 animum
669 2113 833 2149 inducant,
851 2123 886 2143 ac

229 2163 317 2194 velut
327 2162 413 2193 Echo
428 2161 458 2192 in
474 2161 616 2192 omnibus
629 2161 720 2191 dictis
736 2162 888 2203 factisque

231 2217 435 2248 assententur,
446 2211 484 2242 iis
497 2211 657 2242 verborum
674 2217 819 2253 praestent
834 2212 888 2242 ob-

230 2261 352 2303 sequia.

274 2312 349 2342 372.
368 2310 502 2340 Flamma
517 2312 652 2349 propiore
664 2309 812 2349 calescit]
830 2310 888 2340 Te-

233 2360 348 2391 rentius
363 2360 444 2390 Eun.
462 2360 487 2389 Ι.
503 2359 533 2390 ii.
550 2361 589 2390 5:
607 2360 720 2389 Accede
736 2360 774 2389 ad
794 2361 889 2400 ignem

232 2410 310 2438 hunc
327 2408 443 2449 (Thain
466 2408 491 2446 3)
506 2411 576 2447 jam
592 2409 714 2438 calesces
727 2409 794 2447 plns
809 2410 889 2439 satis.

236 2458 339 2492 vivas,
353 2456 436 2498 quod
458 2457 590 2487 multum
607 2458 689 2492 vitan,
710 2457 891 2494 alacritatis,

232 2506 416 2548 rupiditatis,
433 2513 492 2538 etc.
507 2506 610 2537 habet.
642 2507 774 2543 Gellius,
790 2508 833 2538 N.
850 2507 890 2538 A.

232 2568 262 2586 ν.
275 2557 305 2586 ⁴2.
322 2557 532 2591 inmacissimns,
548 2555 772 2596 rapidissimus,
788 2568 892 2587 cursus

232 2605 317 2646 equi.
335 2604 470 2642 Quintil.
480 2606 558 2635 Inst.
568 2606 655 2636 Orat.
667 2606 710 2635 ΙΙ.
720 2606 760 2635 vi.
770 2607 799 2637 3.
810 2608 888 2637 vira-

232 2656 332 2690 cimrs,
346 2654 399 2694 qui
412 2659 484 2684 sunt
495 2653 642 2685 alacriore
659 2654 781 2695 ingenio
797 2667 803 2692 ;
820 2655 890 2686 vide

233 2703 379 2733 Gronovii
391 2703 557 2734 Observat.
571 2703 633 2734 Ill.
648 2703 688 2734 iv.
702 2715 731 2745 p.
743 2706 817 2735 352.
834 2706 888 2735 Er-

232 2762 271 2792 go
288 2753 401 2782 rivaria
415 2753 559 2791 sulphura
576 2758 647 2783 sunt
664 2753 801 2794 rapacia,
820 2764 888 2795 qua*

953 1524 1096 1555 celeriter
1109 1523 1213 1564 ignem
1225 1522 1366 1564 capiunt.
1393 1520 1528 1552 Remed.
1541 1520 1614 1551 700.

953 1575 1064 1612 rapida>
1080 1573 1178 1614 faces.
1233 1572 1346 1611 Rupere
1371 1570 1465 1606 enim,
1491 1574 1525 1600 ut
1547 1579 1612 1600 mo-

953 1628 1005 1653 net
1018 1623 1227 1657 Burmannus,
1242 1622 1369 1652 verbum
1382 1620 1537 1662 proprium
1550 1618 1614 1660 igni

953 1678 984 1702 et
1010 1671 1163 1710 flammae3
1188 1670 1292 1701 confer
1315 1680 1384 1711 quae
1411 1669 1545 1699 diximus
1574 1667 1614 1699 ad

953 1721 985 1751 ii.
1013 1722 1083 1751 123.
1136 1720 1225 1760 Idem
1253 1720 1451 1750 Burmannus
1476 1719 1615 1749 adhibere

952 1782 1051 1810 preces
1084 1770 1211 1812 publica
1240 1770 1337 1800 forma
1367 1769 1486 1799 dictum
1512 1773 1614 1810 putat.

954 1822 1072 1856 Molles,
1088 1820 1202 1862 quibus
1218 1819 1399 1849 molliuntur
1412 1824 1538 1860 pectora
1557 1817 1615 1849 du-

953 1880 999 1901 ra.
1045 1869 1161 1900 Similis
1183 1869 1270 1899 locus
1291 1868 1398 1898 Tibul.
1416 1868 1478 1898 Ill.
1492 1867 1534 1898 iv.
1552 1868 1612 1898 75:

956 1920 1002 1949 Ne
1030 1921 1135 1950 dubita
1175 1920 1299 1949 blandas
1336 1919 1474 1948 adhibere
1513 1928 1614 1957 quere-

955 1970 1007 2005 las,
1050 1969 1222 1999 Vincuntur
1261 1969 1343 1998 molli
1379 1974 1497 2007 pectora
1535 1969 1614 1997 dura

950 2030 1049 2059 prece.

997 2069 1070 2099 379.
1088 2067 1190 2108 Fida]
1215 2067 1348 2098 solenne
1374 2066 1522 2097 comitum
1549 2066 1615 2108 epi-

954 2117 1062 2148 theton
1076 2128 1082 2155 ;
1099 2127 1171 2157 ergo
1187 2121 1307 2146 tantum
1324 2121 1423 2146 ornat.
1447 2116 1614 2153 Seductus;

956 2167 1161 2197 aberraverat.
1185 2165 1330 2206 Sequitur
1343 2164 1530 2205 colloquium
1544 2175 1615 2195 cum

955 2216 1053 2250 Echo,
1069 2226 1204 2257 quocum
1227 2214 1331 2245 confer
1344 2214 1502 2256 Aristoph.
1517 2214 1614 2245 Thes-

956 2266 1059 2307 moph.
1101 2265 1180 2295 1065
1218 2275 1287 2305 sqq.
1351 2264 1440 2305 Saepe
1478 2264 1615 2295 Graeculi

956 2315 1114 2357 pueriliter
1134 2313 1177 2344 sic
1199 2313 1359 2344 ludebant.
1396 2311 1471 2342 vid.
1487 2312 1617 2344 Ramler

958 2363 996 2394 ad
1026 2363 1164 2394 Martial.
1185 2363 1229 2393 ll.
1249 2361 1366 2392 lxxxvi.
1387 2362 1417 2392 3.
1461 2361 1522 2392 Sed
1546 2361 1576 2392 h.
1593 2361 1616 2392 l.

957 2412 1133 2454 probandus
1154 2417 1200 2442 est
1218 2411 1270 2441 ille
1281 2411 1388 2452 jocus3
1413 2420 1460 2440 res
1474 2410 1556 2440 enim
1572 2410 1617 2441 ita

958 2461 1148 2492 instituenda
1174 2467 1250 2495 erat,
1274 2466 1307 2490 ut
1328 2460 1414 2490 Echo
1442 2470 1616 2490 accommo-

959 2510 1031 2541 date
1055 2510 1093 2541 ad
1115 2510 1195 2540 hanc
1212 2509 1352 2540 fabulam
1369 2514 1509 2539 naturam
1527 2519 1615 2539 suam

958 2559 1118 2590 ostendere
1134 2565 1247 2600 posset.
1285 2559 1383 2588 Aciem
1400 2559 1522 2593 dimisit,
1539 2568 1614 2589 ocu-

958 2609 1003 2639 los
1031 2608 1154 2644 direxit,
1180 2606 1414 2649 circumspexit.
1439 2607 1503 2637 viii.
1531 2608 1615 2638 189:

960 2657 1082 2699 Ignotus
1109 2659 1241 2687 animum
1279 2658 1429 2687 dimittere
1457 2657 1491 2686 in
1526 2662 1616 2686 artes.

959 2707 1158 2737 Burmannus
1190 2706 1352 2737 formulam
1383 2716 1400 2736 e
1430 2715 1460 2735 re
1491 2704 1616 2736 militari

958 2755 1084 2787 ductam
1106 2756 1323 2787 arbitrabatur.
1360 2755 1430 2785 Non
1447 2759 1532 2796 puto-
