1763 3181
243 190 327 230 192

244 304 397 359 Vidit,
426 313 475 352 et
499 321 693 352 arsuros
720 305 962 368 supremis
989 304 1185 366 ignibus
1207 310 1369 357 artus;

628 190 678 230 P.
717 188 929 230 OVIDII
963 187 1242 230 NASONIS

1530 302 1626 347 620

243 382 371 429 Tum
396 397 509 429 vero
535 382 766 444 gemitus,
794 397 956 444 neque
977 381 1108 428 enim
1134 378 1356 426 coelestia
1380 376 1538 439 tingui

244 459 347 505 Ora
366 459 484 505 licet
506 458 736 512 lacrimis,
765 458 863 505 alto
888 458 951 504 de
975 457 1124 504 corde
1146 456 1327 519 petitos

1427 456 1621 517 [venca,

248 534 447 582 Edidit:
494 535 625 582 haud
659 534 817 589 aliter,
857 549 1008 598 quam
1045 549 1216 596 quum,
1256 539 1515 596 spectante
1547 533 1626 594 ju-

248 612 500 660 Lactentis
526 611 683 667 vituli,
710 611 888 659 dextra
911 611 1118 658 libratus
1145 611 1206 658 ab
1232 625 1365 665 aure,

247 688 496 752 Tempora
520 688 759 735 discussit
782 689 914 736 claro
939 704 1060 735 cava
1083 688 1290 735 malleus
1316 687 1434 734 ictu.

1534 688 1630 733 625

251 765 320 813 Ut
345 774 511 813 tamen
537 767 758 829 ingratos
783 767 831 813 in
858 773 1062 830 pectora
1085 765 1213 812 fudit
1237 764 1430 819 odores,

248 843 314 890 Et
338 844 478 891 dedit
502 844 778 907 amplexus,
806 844 1091 906 injustaque
1111 843 1249 905 justa
1272 841 1490 905 peregit3

250 919 362 967 Non
387 920 500 968 tulit
524 921 574 967 in
598 921 789 969 cineres
815 920 914 967 labi
940 936 1030 967 sua
1054 919 1275 966 Phoebus
1301 919 1504 966 eosdem

249 997 478 1046 Semina:
519 998 607 1045 sed
632 1005 804 1045 natum
830 997 1041 1045 fiammis
1067 1005 1308 1059 uteroque
1333 994 1550 1059 parentis

250 1074 471 1138 Eripuit3
502 1075 789 1138 geminique
811 1075 925 1122 tulit
948 1074 1177 1121 Chironis
1204 1074 1252 1119 in
1274 1080 1497 1120 antrum:
1537 1074 1636 1119 630

288 1183 362 1214 620.
386 1183 542 1222 Suprema,
565 1183 678 1220 omnia,
702 1194 771 1225 quae
797 1184 829 1215 in
854 1183 907 1214 ho-

249 1243 353 1264 norem
369 1238 401 1263 et
417 1243 508 1263 usum
523 1240 711 1264 mortuorum
727 1234 815 1263 fiunt.

290 1283 363 1312 621.
381 1282 484 1322 Neque
495 1285 575 1313 enim
589 1284 729 1318 coelestiu,
739 1282 816 1323 etc.]
837 1283 909 1312 Non

247 1331 321 1362 licet
335 1330 406 1361 Diis
421 1332 506 1362 flere.
530 1331 643 1362 Confer
655 1332 714 1363 iv.
736 1332 820 1362 Fast.
832 1332 908 1362 521.

251 1380 357 1422 Eurip.
383 1380 480 1422 Hipp.
507 1382 601 1412 1395.
625 1380 679 1411 ubi
702 1381 817 1417 Diana,
841 1379 909 1412 κατ’

248 1431 356 1461 ὄσσων
371 1428 399 1460 δ’
415 1430 452 1460 οὐ
469 1429 555 1472 θέμις
566 1429 686 1470 βαλεῖν
702 1429 813 1472 δάκρυ.
837 1431 908 1460 For-

247 1485 328 1510 tasse
347 1479 414 1510 haec
430 1489 554 1520 quoque
576 1479 638 1515 lex,
653 1486 688 1510 ut
704 1479 772 1516 illa,
788 1479 826 1510 de
847 1489 910 1521 qua

248 1539 317 1559 mox
333 1528 373 1558 ad
385 1538 447 1559 ver.
461 1529 522 1559 678
539 1528 690 1565 dicemus,
706 1529 744 1560 ab
759 1528 908 1570 Euripide

248 1578 331 1613 ficta,
348 1583 379 1608 et
395 1578 434 1608 ab
451 1578 576 1614 Ovidio,
593 1578 647 1620 qui
661 1589 744 1620 saepe
763 1577 906 1620 Euripid.

247 1626 403 1668 exprimit,
418 1626 491 1657 inde
509 1633 644 1669 sumpta.
687 1627 756 1658 Hoc
782 1627 909 1669 quidem

247 1681 366 1706 certum
381 1682 438 1712 est,
455 1676 541 1706 Deos
556 1687 768 1718 saepenumero
788 1677 828 1707 ab
850 1676 908 1707 hoc

250 1725 297 1755 vel
313 1724 424 1755 decore
442 1725 490 1755 vel
511 1725 580 1766 lege
597 1725 758 1756 recessisse
773 1737 781 1763 ;
806 1731 841 1755 ut
856 1736 910 1756 ex-

248 1773 359 1815 eiuplis
373 1774 453 1804 bene
468 1773 575 1804 multis
590 1774 682 1805 docet
698 1775 854 1806 Brouckh.
871 1775 910 1806 ad

254 1823 394 1863 Propert.
409 1823 457 1853 ΙΙ.
474 1821 539 1853 xiii.
555 1824 608 1854 54.

292 1867 366 1896 622.
391 1867 473 1902 Atto,
500 1866 674 1908 profund03
697 1869 733 1898 de
755 1869 853 1904 corde,
878 1873 912 1899 ut

252 1915 315 1945 alto
330 1920 465 1956 pectore,
482 1915 502 1945 i.
519 1916 592 1946 656.

294 1964 366 1995 623.
384 1964 478 1995 Haud
488 1965 590 2001 aliter,
604 1964 682 2005 etc.]
709 1965 871 2007 Superflua
883 1973 914 1997 et

250 2013 327 2043 mira
335 2014 536 2055 comparatio.
548 2014 693 2045 Librams
699 2016 735 2044 ab
743 2027 833 2046 aure:
844 2016 915 2048 vide

252 2062 292 2093 ad
304 2074 366 2093 ver.
383 2064 458 2094 311.
485 2063 599 2094 Confer
615 2064 728 2105 Virgil.
746 2065 872 2096 AEneid.
882 2065 915 2096 ii.

252 2112 326 2142 222.
344 2111 395 2142 ubi
412 2112 511 2143 multo
527 2112 635 2143 melior
651 2112 832 2145 similitudo.

295 2162 368 2192 627.
392 2161 511 2202 Justa.]
551 2162 631 2193 Sunt
645 2162 809 2204 fimebria,
830 2164 914 2205 quod

252 2221 365 2242 nomen
381 2211 536 2242 interdum
552 2211 676 2242 additur
689 2223 698 2250 3
719 2217 750 2243 et
767 2220 914 2244 vocantur

242 2261 344 2298 justu,
369 2260 445 2301 quia
466 2260 621 2291 debentur
644 2261 784 2292 mortuis.
830 2261 913 2293 Hinc

241 2311 331 2348 justu
345 2309 445 2340 facere
457 2316 511 2340 aut
522 2321 676 2352 peragere,
691 2310 746 2341 rite
759 2316 790 2341 et
800 2311 915 2342 debitis

254 2357 420 2388 honoribus
457 2359 600 2400 sepelire.
658 2359 761 2396 hsta,
790 2360 915 2391 omnino

253 2407 363 2438 modus
399 2414 512 2443 certus,
546 2419 606 2450 quo
641 2409 779 2440 solennia
815 2410 916 2441 officia

255 2461 391 2498 tempore
407 2464 490 2488 certo
503 2458 680 2499 peragenda
692 2465 774 2494 sunt,
786 2461 916 2499 utjusta

254 2508 411 2542 mititaria,
429 2514 508 2537 etc.:
527 2507 598 2538 vide
615 2508 763 2539 Gronovii
779 2510 857 2541 Obs.
873 2509 914 2540 iv.

254 2566 283 2596 p.
307 2556 381 2586 576.
426 2555 561 2587 Additur
587 2558 713 2597 injusta,
733 2558 915 2600 ὀξυμώρως.

254 2604 328 2645 quia
344 2605 459 2647 injusta
478 2616 551 2636 nece
575 2606 722 2637 affecerat
738 2607 914 2646 Coronida3

254 2659 285 2683 et
301 2653 376 2694 quia
387 2665 493 2685 eorum
506 2665 571 2686 sese
584 2655 735 2697 ingratum
750 2656 790 2698 inj
797 2663 913 2687 ustum-

255 2712 315 2741 que
337 2710 495 2734 auctorem
519 2703 702 2735 damnabat.
746 2705 808 2735 Sed
834 2705 913 2736 hanc

253 2751 412 2782 §chirac-h.
436 2752 536 2783 reddit
562 2763 708 2784 causam:
741 2759 760 2771 ‘¹
780 2765 913 2796 namque

976 1193 1037 1213 non
1054 1181 1221 1212 admodum
1244 1182 1324 1212 bene
1345 1181 1384 1213 de
1406 1192 1443 1213 eo
1457 1182 1557 1212 fuerat
1571 1191 1636 1211 me-

976 1231 1035 1263 rita
1061 1231 1223 1262 Coronis.'’
1267 1232 1406 1263 Jacobus
1433 1230 1637 1262 Bononiensis

977 1281 1205 1322 interpretatur,
1219 1291 1332 1322 parvas
1341 1280 1569 1322 extemporales
1583 1290 1637 1311 ex-

976 1329 1100 1371 sequias
1112 1341 1120 1367 3
1160 1329 1298 1371 legitque
1335 1332 1506 1370 injustaque
1542 1330 1638 1359 busta.

976 1379 1110 1410 Solenne
1132 1384 1199 1410 erat
1214 1380 1364 1419 amplexus
1384 1383 1416 1410 et
1437 1378 1544 1409 oscula
1564 1379 1639 1409 dare

976 1428 1009 1459 in
1032 1439 1104 1470 rogo
1125 1429 1288 1470 ponendis.
1320 1429 1462 1471 Propett.
1478 1428 1522 1459 ΙΙ.
1537 1439 1568 1458 x.
1581 1428 1636 1459 29.

977 1477 996 1506 I
998 1490 1016 1508 n
1032 1479 1145 1508 cineres
1160 1479 1230 1514 labi,
1243 1477 1352 1509 resolvi
1364 1477 1397 1508 in
1409 1477 1538 1509 cineres.
1561 1477 1637 1508 Hor.

976 1527 1035 1558 IV.
1060 1527 1122 1558 Od.
1138 1526 1204 1558 xiii.
1219 1528 1274 1558 28.
1299 1528 1445 1567 dilapsam
1470 1529 1501 1558 in
1525 1528 1638 1558 cineres

965 1576 1082 1618 facem.
1110 1575 1227 1606 Arnob.
1244 1576 1297 1607 vii.
1319 1587 1351 1618 p.
1366 1577 1440 1607 251.
1463 1577 1639 1607 dissolutum

978 1629 1009 1657 in
1023 1628 1136 1657 cineres
1150 1627 1275 1656 [abitur.

1020 1675 1094 1705 629.
1118 1675 1247 1710 Semina,
1262 1674 1380 1716 prolem
1396 1685 1496 1705 suam.
1532 1674 1640 1716 Eurip-

978 1724 1081 1766 Iphig.
1105 1723 1180 1755 Aul.
1199 1725 1280 1755 524:
1313 1723 1482 1765 Σισύφειον
1509 1723 1638 1766 σπέρμα

978 1780 1062 1804 utero
1087 1775 1212 1813 eripuit.
1248 1773 1311 1804 Sic.
1330 1772 1374 1803 iii.
1393 1774 1467 1804 311.
1488 1783 1526 1804 ex
1552 1779 1640 1804 utero

979 1822 1086 1853 matris
1101 1822 1247 1853 Bacchus
1258 1821 1400 1864 eripitur.
1418 1821 1508 1863 Virg.
1522 1823 1597 1852 AEn.
1610 1833 1642 1852 x.

980 1873 1060 1903 315:
1099 1872 1209 1902 Lichas
1233 1879 1350 1903 ezectns
1369 1875 1438 1912 jam
1466 1878 1561 1903 matre
1586 1883 1637 1912 pe-

980 1928 1105 1961 rempta,
1123 1927 1155 1952 et
1169 1921 1242 1952 hinc
1263 1921 1396 1957 Phoebo,
1413 1921 1484 1952 Deo
1505 1921 1639 1957 medico,

980 1980 1078 2001 sacer.
1124 1971 1171 2001 lbi
1187 1971 1311 2001 Servius
1328 1976 1444 2006 monet,
1462 1981 1568 2002 omnes
1586 1981 1640 2001 ex—

979 2026 1064 2050 ectos
1079 2019 1203 2050 Phoebo
1219 2020 1313 2050 fuisse
1328 2030 1440 2050 sacros.

1022 2070 1096 2100 630.
1122 2069 1285 2109 Chironis]
1313 2069 1436 2105 Chiron,
1450 2069 1640 2105 Centaurus,

980 2117 1106 2148 Saturni
1122 2117 1215 2153 filius,
1232 2118 1310 2148 vixit
1325 2123 1463 2160 tempore
1476 2117 1642 2158 Argonau-

980 2172 1092 2202 tarum,
1110 2177 1167 2197 nec
1191 2167 1291 2197 solum
1315 2173 1413 2197 artem
1436 2166 1642 2207 chirurgicam

980 2215 1109 2251 invenit,
1125 2215 1180 2246 sed
1202 2215 1271 2246 aliis
1287 2215 1382 2247 etiam
1405 2215 1523 2246 artibus
1537 2215 1642 2246 excel-

979 2264 1038 2294 luit
1050 2276 1058 2302 ;
1073 2264 1180 2306 itaque
1191 2265 1439 2306 praestantissimi
1449 2265 1533 2295 illius
1543 2265 1643 2295 aetatis

980 2312 1036 2342 viri
1062 2312 1229 2355 disciplina
1253 2314 1320 2355 ejus
1344 2314 1390 2345 usi
1415 2319 1514 2349 erant,
1539 2314 1644 2351 Iason,

981 2362 1145 2398 Hercules,
1178 2362 1329 2399 Achilles,
1359 2363 1425 2394 alii.
1477 2363 1575 2394 Plura
1603 2363 1643 2395 de

981 2412 1047 2453 ejus
1062 2412 1093 2442 in
1107 2422 1206 2453 genus
1227 2412 1397 2443 humanum
1413 2412 1529 2443 meritis
1551 2413 1646 2444 habet

982 2461 1130 2492 Clemens
1152 2462 1246 2493 Alex.
1270 2463 1381 2493 Strom.
1406 2463 1460 2493 lib.
1480 2463 1501 2492 i.
1524 2473 1555 2504 p.
1571 2464 1646 2494 360.

983 2510 1121 2541 Vocatur
1132 2513 1269 2552 geminus
1283 2518 1315 2543 et
1329 2523 1393 2543 ver.
1409 2513 1485 2543 664.
1502 2514 1647 2554 biformis,

984 2569 1002 2590 a
1024 2566 1135 2590 natura
1159 2560 1399 2591 Centaurorum.
1444 2561 1563 2592 Horum
1585 2562 1644 2592 for-

983 2619 1064 2639 mam
1094 2619 1110 2639 e
1139 2609 1312 2650 symbolica
1341 2610 1480 2651 quadam
1509 2609 1645 2652 imagine

982 2667 1048 2688 esse
1074 2664 1190 2694 natam,
1214 2664 1280 2689 turn
1305 2658 1450 2690 Chironis
1474 2659 1537 2690 sab.
1562 2660 1645 2691 varie

982 2717 1048 2738 esse
1065 2707 1279 2749 compositam,
1295 2719 1352 2739 nec
1369 2708 1460 2739 facile
1475 2708 1643 2750 expedien-

982 2756 1066 2792 dam,
1091 2764 1194 2788 monet
1219 2756 1373 2799 Heynius‚
1392 2757 1422 2788 in
1443 2759 1545 2798 Antiq.
1563 2759 1644 2799 Auf-
