1763 3181
402 174 1019 218 METAMORPHOSEON
1042 174 1161 216 LIB.
1193 174 1276 216 VI.

1438 178 1522 220 379

147 290 423 338 Deseruere
448 306 562 337 suas
589 289 837 354 Nymphae
863 289 1147 338 Pactolides
1173 290 1359 338 undas:

147 366 256 414 Nec
280 366 436 415 factas
461 368 619 414 solum
642 374 805 415 vestes
831 374 1057 431 spectare
1076 368 1309 430 juvabat3

145 443 274 490 Tum
309 459 527 507 quoque,
557 460 711 507 quum
747 444 952 493 fierent:

1385 368 1494 426 [arti
1512 369 1522 415 Ξ

992 451 1160 492 tantus
1196 445 1345 492 decor
1370 445 1527 493 adfuit

147 518 261 567 Sive
286 521 457 568 rudem
482 520 666 584 primos
691 521 854 568 lanam
879 522 1184 584 glomerabat
1208 521 1257 568 in
1282 522 1455 579 orbes3

147 596 248 643 Seu
273 597 439 659 digitis
459 597 725 660 subigebat
749 614 890 661 opus,
918 598 1231 662 repetitaque
1256 599 1404 661 longo
1462 603 1526 646 20

144 673 591 722 Vellera'mollibat
615 676 823 723 nebulas
850 675 1098 739 aequantia
1120 682 1311 733 tractu3

148 749 262 797 Sive
286 750 381 798 levi
403 758 612 799 teretem
636 753 864 800 versabat
888 753 1068 816 pollice
1092 752 1284 809 fusum3

147 826 246 874 Seu
269 827 506 890 pingebat
531 844 623 875 acu
641 845 650 876 :

692 829 842 876 scires
870 845 899 875 a
923 829 1129 876 Pallade
1154 829 1371 876 doctam.

145 902 291 958 Quod
309 910 476 951 tamen
493 904 603 968 ipsa
618 912 788 967 negat3
814 912 1052 969 tantaque
1068 906 1257 953 offensa
1271 906 1524 969 magistra,

147 984 177 1004 “
205 980 427 1038 Certet‚’⁷

341 1058 561 1107 cusem.”

453 981 536 1038 ait,
566 988 596 1006 “
619 999 841 1040 mecum3
871 984 992 1031 nihil
1018 990 1110 1039 est,
1139 983 1273 1046 quod
1297 983 1427 1031 victa
1451 999 1525 1030 re-

1464 1064 1526 1107 25

144 1133 309 1183 Pallas
335 1151 482 1183 anum
509 1136 723 1192 simulat,
749 1135 999 1200 falsosque
1024 1136 1073 1183 in
1093 1143 1319 1200 tempora
1343 1153 1492 1185 canos

144 1295 239 1326 etiam
258 1296 376 1327 Tmolus
390 1297 546 1328 scribitur.
573 1297 655 1329 Vide
669 1299 801 1340 Stepha-

143 1354 218 1374 num
244 1344 282 1375 de
307 1345 456 1376 Urbibus.
502 1346 585 1377 Hinc
610 1346 704 1378 etiam
731 1347 761 1378 h.
778 1347 802 1378 l.

143 1393 284 1424 nonnulli
306 1404 377 1424 cum
398 1393 491 1430 Aldo,
509 1394 564 1425 sed
581 1402 678 1426 metro
695 1396 803 1427 adver-

142 1448 241 1479 sante,
260 1443 365 1474 Tmoli.
402 1444 479 1485 Ejus
493 1446 593 1475 vineta
609 1450 680 1475 sunt
696 1445 802 1483 etiam,

142 1493 167 1523 F
170 1498 227 1523 ast.
240 1492 272 1523 ii.
286 1493 363 1524 313.
408 1493 455 1524 Ex
471 1504 507 1525 eo
522 1493 678 1525 oriebatur
696 1495 802 1526 Pacto-

144 1542 201 1577 lus,
226 1542 339 1573 fluvius
367 1543 474 1584 Lydiae
505 1544 626 1575 aurifer.
670 1544 802 1586 Repeti-

143 1590 260 1621 tionem
290 1597 397 1622 autem
433 1592 602 1623 eorundem
630 1594 802 1629 verborum,

144 1640 246 1682 qualis
264 1640 296 1673 in
315 1641 374 1672 hoc
395 1647 426 1672 et
445 1641 587 1683 sequenti
604 1652 703 1678 versu,
720 1648 803 1673 amat

143 1688 278 1720 Noster:
311 1689 332 1721 i.
356 1691 419 1721 325
444 1701 534 1732 sqq.;
567 1703 597 1722 v.
623 1692 685 1721 579
707 1702 801 1733 sqq.;

144 1737 210 1769 viii.
225 1739 287 1769 628
305 1750 376 1780 sqq.

190 1788 239 1820 18.
268 1788 343 1819 Tum
367 1799 489 1829 quoque,
515 1788 593 1828 etc.]
628 1788 688 1820 Hic
715 1789 801 1820 locus

144 1836 272 1867 laudem
299 1843 433 1868 meretur
459 1838 498 1868 ab
524 1844 601 1873 arte,
627 1849 689 1879 qua
714 1838 801 1880 inge-

143 1885 230 1916 nium
250 1891 349 1928 poetae
369 1897 433 1917 rem
456 1887 667 1918 tenuissimam
688 1893 719 1918 et
734 1888 801 1918 vul-

143 1946 249 1977 garem
271 1936 444 1967 exornavit.
491 1937 589 1967 Decor
603 1936 706 1978 adfuit
728 1939 800 1972 arti,

144 1984 255 2016 decore
279 1985 436 2016 tractabat
462 1984 586 2026 singula
611 1985 686 2016 artis
710 1997 798 2017 suae:

143 2033 216 2065 vide
238 2033 301 2064 ad'
294 2044 335 2065 iv.
350 2034 424 2064 230.
469 2033 613 2076 Exempli
634 2034 702 2065 loco
722 2045 799 2076 prae-

144 2081 335 2125 parationem
352 2083 432 2113 lanae
447 2082 487 2113 ad
502 2088 622 2113 textum
637 2089 799 2120 memorat,

143 2131 183 2163 de
210 2142 273 2173 qua
295 2131 401 2163 confer
423 2131 644 2169 Claudianum,
661 2144 714 2164 xx.
729 2134 803 2164 383.

143 2180 303 2222 Subigebat
345 2180 467 2218 melius,
502 2192 596 2222 quam
634 2183 801 2214 tractabat.

145 2229 296 2270 Repetita,
312 2230 387 2272 quia
408 2230 550 2270 pluribus
572 2233 716 2262 tractibus
731 2233 802 2262 mol-

145 2280 245 2310 ciebat.
281 2279 364 2311 Vide
391 2280 430 2311 ad
454 2280 496 2311 iv.
522 2281 596 2311 733.
653 2281 802 2313 Vellerum

143 2328 317 2359 teneritudo
339 2329 498 2371 eleganter
518 2334 715 2371 comparatur
729 2341 801 2361 cum

144 2378 270 2413 nebulis,
292 2377 556 2418 quemadmodum
579 2383 686 2409 contra
708 2378 799 2421 Virg.

145 2425 263 2467 Georg.
285 2425 307 2457 i.
332 2427 406 2456 397.
429 2426 600 2458 nubeculas
622 2438 694 2458 cum
719 2427 799 2459 lanae

142 2474 310 2505 velleribus
325 2475 456 2506 confert.
504 2475 636 2511 Mallire,
662 2476 795 2512 trahere,

143 2532 179 2554 ut
201 2523 308 2555 tenuia
330 2524 419 2555 fiant.
464 2524 652 2555 Claudiam:
683 2525 801 2556 Vellera

143 2584 197 2613 per
222 2580 324 2603 tenues
333 2573 422 2615 ferri
443 2575 609 2613 producere
630 2575 732 2610 rimas,
748 2574 801 2605 ubi

144 2622 217 2653 vide
241 2622 372 2653 Gesner.
416 2623 519 2653 Etiam
544 2630 670 2654 tenuare
695 2629 726 2654 et
747 2625 800 2654 eli-

143 2683 236 2712 quare
249 2672 354 2702 lanam
369 2671 401 2702 in
416 2682 485 2703 usu.
530 2673 590 2704 Illa
607 2674 718 2704 vellera
735 2674 799 2704 No-

144 2720 214 2751 stris
228 2715 502 2761 dicunturflocoviS.

914 1299 966 1329 22.
990 1298 1057 1328 Sive
1077 1299 1132 1328 levi
1158 1297 1304 1338 teretem]
1332 1298 1530 1328 Burmannus

869 1357 906 1377 ex
930 1357 991 1377 uno
1014 1346 1129 1377 Codice
1154 1346 1240 1388 legit.
1268 1347 1358 1376 levem
1382 1349 1479 1382 tereti,
1495 1353 1530 1377 ut

870 1395 962 1426 simul
974 1395 1121 1427 Arachne
1142 1407 1160 1427 a
1178 1396 1274 1426 forma
1295 1395 1461 1433 laudetur3
1487 1403 1529 1426 te—

870 1448 946 1476 retia
967 1446 1049 1476 enim
1072 1446 1222 1481 membra,
1243 1445 1274 1475 in
1297 1445 1404 1487 primis
1426 1452 1530 1476 teretes

869 1494 970 1536 digiti,
986 1494 1018 1524 in
1038 1500 1125 1536 parte
1145 1494 1387 1536 pulchritudinis
1407 1505 1528 1536 ponun-

870 1548 929 1574 tur.
944 1544 988 1575 A.
1006 1543 1048 1573 A.
1065 1543 1088 1573 i.
1105 1544 1178 1573 622.
1223 1544 1263 1573 Et
1278 1543 1438 1584 Hypaepas
1460 1544 1529 1585 pul-

871 1591 1040 1622 cherrimas
1072 1591 1218 1622 habuisse
1253 1590 1399 1622 mulieres
1435 1592 1530 1622 tradit

870 1641 1059 1682 Stephanus.
1095 1640 1210 1681 Neque
1227 1640 1357 1670 dubium
1380 1646 1437 1677 est,
1454 1641 1529 1682 quin

871 1690 984 1721 Noster
1020 1688 1203 1731 expresserit
1240 1689 1362 1720 Catull.
1389 1689 1528 1731 Epithal.

869 1739 969 1775 Pelei,
998 1738 1062 1774 ubi,
1093 1738 1252 1768 Libratum
1282 1740 1368 1768 tereti
1394 1740 1529 1769 versabat

869 1788 1104 1829 pollicefusum.
1128 1787 1255 1822 Contra,
1270 1786 1399 1817 Heroid.
1413 1787 1455 1818 ix.
1466 1788 1505 1817 77
1518 1800 1524 1817 ε

868 1837 1020 1868 Hercules
1041 1837 1300 1867 crassa—robusta
1323 1838 1444 1866 deduscit
1464 1837 1529 1875 pal-

869 1888 925 1917 lice
944 1887 1017 1927 fila.
1076 1886 1117 1916 Et
1137 1885 1234 1927 fusas
1261 1890 1345 1916 recte
1372 1884 1528 1915 diceretur

871 1938 962 1972 levis;
986 1935 1080 1966 fiebat
1094 1935 1176 1966 enim
1193 1946 1231 1965 ex
1243 1935 1350 1976 junco.
1394 1934 1528 1971 Plinius,

869 1985 911 2016 xi.
927 1986 980 2016 23.

912 2035 965 2065 23.
988 2034 1098 2070 Scires,
1123 2038 1185 2064 etc.
1203 2038 1238 2064 ut
1261 2032 1284 2063 i.
1303 2033 1376 2063 162.
1402 2035 1491 2063 scires
1513 2044 1528 2063 e

869 2085 1016 2125 sauguine
1045 2089 1139 2113 natos.
1198 2082 1256 2113 His
1284 2081 1385 2112 verbis
1423 2087 1527 2112 autem

869 2143 930 2163 non
958 2132 1105 2163 laudatur
1133 2131 1225 2162 modo
1251 2132 1289 2162 ab
1315 2136 1392 2166 aste,
1413 2131 1467 2161 sed
1498 2138 1529 2161 et

868 2180 1065 2222 impudentia
1080 2180 1146 2222 ejus
1161 2179 1254 2210 simul
1270 2185 1394 2210 notatur
1409 2179 1440 2209 in
1460 2190 1526 2210 ma-

868 2229 1010 2271 gistram.
1058 2229 1224 2268 Tantaque,
1251 2233 1310 2259 etc.
1344 2228 1527 2269 ignominio-

869 2289 935 2309 sam
949 2278 1007 2309 sibi
1030 2288 1095 2308 esse
1114 2283 1227 2320 putans
1242 2277 1434 2317 magistram,
1451 2276 1528 2307 licet

870 2333 958 2359 tanta
973 2332 1063 2357 esset.

912 2378 964 2407 26.
981 2377 1086 2406 Pallas
1111 2387 1203 2406 anum
1221 2375 1355 2410 simulat,
1371 2374 1447 2414 etc.]
1475 2375 1525 2405 De

868 2426 924 2457 tali
939 2427 1129 2457 simulatione
1138 2424 1210 2455 vide
1227 2425 1267 2455 ad
1282 2424 1327 2454 iii.
1342 2424 1415 2454 275.
1441 2425 1527 2454 Anus

867 2475 996 2506 formam
1018 2475 1080 2505 sere
1096 2474 1260 2504 sumebant
1275 2474 1366 2508 Deae,
1384 2472 1436 2503 ubi
1453 2483 1525 2503 con-

868 2524 971 2555 silium
1001 2524 1075 2555 dare
1100 2524 1257 2554 volebant.
1303 2523 1406 2557 Falsa,
1422 2522 1526 2563 falla-

869 2576 926 2609 cia,
953 2576 1089 2609 mentita,
1111 2574 1275 2607 mendacia,
1297 2571 1454 2612 eleganter
1479 2570 1525 2600 di-

868 2628 991 2659 cuntur,
1014 2632 1083 2663 quae
1105 2621 1175 2662 quis
1195 2620 1339 2662 temporis
1361 2630 1455 2650 causa
1479 2630 1527 2650 as-

868 2671 972 2706 sumit,
1010 2676 1045 2702 ut
1081 2669 1225 2701 simulata
1260 2669 1357 2700 forma
1395 2668 1527 2700 alterum

872 2720 970 2751 fallat.
