1729 3207
468 223 1121 267 METAMORPHOSEON.
1440 228 1496 268 lix

97 342 138 381 in
170 340 330 395 praelio,
354 355 485 394 quum
516 340 715 379 arborum
747 337 856 378 mole
885 339 1154 387 obrueretur,
1182 340 1224 378 in
1252 354 1368 379 avem
1396 354 1493 381 con-

101 433 283 467 versum,
325 432 453 471 quam
485 417 654 457 omnino
687 430 874 469 pugnam
912 416 1212 458 Centaurorum
1240 431 1336 458 cum
1364 417 1498 474 Lapi-

101 496 196 544 clais,
214 509 396 549 quorum
416 509 516 549 pars
538 493 721 534 Caeneus
743 492 894 533 fuerat.
940 493 1022 534 His
1044 495 1331 548 appendicula
1351 497 1498 538 addita

100 573 154 614 de
175 573 465 626 Periclymeno
491 572 535 611 in
555 571 741 624 aquilam
767 571 1079 612 transformato.
1143 572 1376 628 Neptunus
1397 589 1498 615 vero

104 650 236 705 Cycni
262 657 441 691 mortem
469 648 617 690 dolens
646 648 838 689 exoravit
871 647 1130 702 Apollinem,
1159 656 1206 690 ut
1235 650 1402 692 Paridis
1435 666 1498 692 sa—

102 729 251 784 gittam
271 729 314 769 in
335 728 540 769 Achillem
559 727 767 775 flecteret,
790 742 874 780 qua
894 726 963 768 ille
984 728 1123 781 periit.

161 806 259 847 Lib.
285 806 413 846 XIII.
449 805 518 846 De
546 804 727 845 Achillis
756 805 881 845 armis
903 805 1024 859 Ajax
1051 812 1094 846 et
1124 806 1298 860 Ulysses
1326 814 1498 849 conten-

103 885 232 925 dunt:
274 899 323 924 ac
355 883 465 924 illius
497 883 684 936 quidem,
718 898 794 923 sua
824 883 957 936 ipsius
990 898 1116 924 manu
1145 885 1371 934 interfecti,
1406 900 1500 926 san-

103 964 197 1017 guis
218 963 261 1003 in
281 963 550 1017 hyacinthum
570 962 762 1002 vertitur.
817 960 956 1015 Capta
971 962 1059 1014 jam
1080 961 1121 1002 T
1125 963 1232 1016 roja,
1254 962 1437 1004 Hecuba
1457 964 1500 1003 in

103 1041 306 1090 Thracia,
339 1041 414 1082 ubi
442 1039 807 1093 Polymnestorem
840 1041 1085 1090 excaecavit,
1111 1041 1161 1081 fit
1192 1041 1322 1081 canis.
1390 1041 1500 1096 Ejus

103 1119 380 1160 infortunium
420 1133 551 1172 quum
591 1119 665 1159 Dii
705 1133 849 1159 omnes
889 1118 1177 1172 deplorarent,
1212 1118 1383 1159 Aurora
1419 1118 1501 1159 alio

103 1197 221 1239 luctu
247 1198 488 1246 tenebatur,
512 1196 749 1237 liffemnonis
777 1196 935 1237 scilicet
965 1196 1054 1244 filii,
1078 1197 1200 1250 cujus
1233 1211 1256 1236 e
1288 1196 1502 1237 cineribus

106 1276 392 1317 Memnonides
419 1290 516 1317 aves
541 1276 808 1329 prodierunt.
861 1276 1029 1316 AEneas
1056 1289 1185 1329 porro
1213 1274 1421 1329 profugus
1447 1274 1502 1315 ad

105 1353 279 1403 Anium,
302 1355 423 1408 cujus
437 1354 551 1408 filice
577 1354 620 1393 in
650 1353 860 1393 columbas
889 1360 1010 1392 erant
1037 1366 1268 1401 conversae,
1297 1359 1396 1406 post
1423 1351 1503 1392 alia

107 1432 308 1487 deinceps
331 1431 426 1473 loca
452 1431 891 1473 transformationibus
913 1431 1041 1480 clara,
1064 1432 1106 1471 in
1128 1430 1314 1471 Siciliam
1335 1429 1503 1471 delatus

108 1518 186 1559 est,
227 1511 302 1551 ubi
341 1511 502 1565 Scylla,
540 1511 609 1550 cui
647 1510 835 1550 Galatea
870 1517 1014 1550 narrat
1047 1509 1299 1564 Polyphemi
1339 1523 1502 1550 amores

108 1589 342 1644 Acidisque
369 1590 555 1639 obitum3
589 1605 673 1643 quo
696 1590 822 1639 facto,
852 1589 1055 1636 Glaucam,
1077 1589 1120 1628 in
1141 1588 1282 1628 Deum
1302 1587 1505 1628 marinum

108 1675 307 1718 mutatus,
328 1676 521 1723 apparet.

167 1745 264 1787 Lib.
290 1745 416 1787 XIV.
452 1746 638 1799 Scyllam
661 1745 783 1785 Circe
812 1751 947 1784 mutat
974 1744 1016 1783 in
1041 1749 1275 1784 monstrum.
1339 1743 1504 1785 sEneas

109 1831 250 1864 autem
277 1824 319 1863 in
340 1822 532 1863 Africam
553 1823 681 1869 venit,
704 1822 778 1861 ubi
805 1836 902 1862 eum
923 1821 1043 1861 Dido
1071 1821 1243 1875 excipit.
1307 1821 1504 1862 Tandem

109 1910 170 1951 ut,
200 1901 453 1942 Pithecusas
484 1908 804 1955 praetervectus,
831 1901 904 1941 ubi
937 1901 1145 1954 Cereopes
1176 1914 1230 1940 ex
1262 1899 1504 1941 hominibus

111 1982 152 2021 in
183 1981 328 2021 simias
364 1980 526 2029 mutati,
558 1980 600 2019 in
636 1978 757 2019 Italia
795 1977 974 2032 appulit,
1012 1978 1053 2017 in
1087 1977 1294 2017 Caietano
1329 1977 1450 2018 litore
1483 1993 1506 2019 e

113 2059 316 2099 Macareo
336 2057 469 2098 multa
489 2058 542 2098 de
573 2057 726 2111 Ulysse
745 2064 874 2110 atque
901 2056 1046 2096 Circes
1057 2055 1263 2096 veneficio
1284 2056 1504 2109 comperit,

114 2151 198 2191 quo
226 2137 351 2177 etiam
374 2136 505 2177 Pie-ets
533 2151 610 2177 rex
637 2137 679 2176 in
703 2136 848 2190 picum
876 2150 994 2176 avem
1018 2140 1203 2175 mutatus
1231 2140 1334 2174 erat.
1398 2134 1507 2175 Mox

112 2214 267 2256 bellum
285 2229 381 2254 cum
405 2214 544 2254 Turno
567 2214 755 2267 suscipit.
806 2213 847 2253 Is
864 2227 994 2266 quum
1011 2226 1089 2266 per
1105 2210 1322 2251 Venulum
1342 2219 1509 2264 peteret

114 2293 315 2334 auxilium
336 2308 360 2333 a
376 2293 597 2341 Diomede,
616 2294 738 2347 cujus
757 2292 860 2332 socii
881 2293 922 2331 in
944 2305 1042 2331 mres
1063 2297 1184 2330 erant
1205 2288 1506 2338 transformati,

114 2371 327 2426 repulsam
354 2371 476 2412 tulit:
510 2372 717 2412 redeunte
746 2369 918 2410 Venulo
953 2382 1028 2422 per
1061 2382 1110 2407 ea
1136 2366 1243 2415 loca,
1279 2367 1319 2405 in
1353 2367 1507 2419 quibus

118 2448 310 2503 Appulus
325 2457 470 2503 pastor
483 2449 697 2502 quondam
718 2449 760 2487 in
781 2447 1002 2487 oleastrum
1023 2458 1251 2485 conversus
1271 2451 1375 2483 erat.
1425 2443 1508 2483 Po-

119 2532 208 2566 stea
232 2526 386 2568 AEneae
417 2542 542 2567 nares
574 2527 785 2581 Nymphoe
820 2526 929 2565 fiunt
962 2525 1003 2564 in
1040 2522 1201 2577 praelio,
1237 2522 1345 2561 sicut
1378 2529 1420 2560 et
1452 2535 1507 2561 ex

118 2602 286 2651 Ardeoe,
309 2604 424 2644 urbis
445 2603 640 2644 incendio
662 2603 828 2652 deletae,
851 2602 1063 2642 cineribus
1085 2601 1216 2639 ardete
1239 2599 1347 2646 avis3
1381 2606 1508 2652 atque

121 2681 286 2720 AEneas
321 2682 362 2720 in
394 2681 531 2721 Deum
566 2681 726 2721 transit.
790 2680 1095 2719 successerunt
1133 2677 1230 2716 hnic
1266 2690 1387 2729 reges
1424 2674 1508 2724 alii,

121 2772 299 2810 quorum
332 2759 440 2798 inter
473 2765 648 2798 caeteros
683 2759 761 2797 sub
788 2757 933 2797 Phoca
970 2755 1112 2796 floruit
1145 2755 1355 2800 Pomm,-
1386 2768 1510 2807 quam
