1763 3181
198 181 284 223 472
591 180 643 221 Ρ.
675 179 889 222 OVIDII
923 180 1203 222 NASONIS

204 296 431 359 Corpora
452 295 584 342 foeda
602 297 800 358 jacent:
831 294 1067 342 vitiantur
1091 295 1325 342 odoribus
1351 310 1500 342 aurae.

204 371 335 419 Mira
359 373 561 435 loquor:
602 387 698 418 non
724 371 808 418 illa
832 386 998 426 canes,
1026 371 1284 434 avidaeque
1309 372 1552 426 volucres,

206 448 321 496 Non
346 449 456 496 cani
482 448 689 510 tetigere
716 448 849 511 lupi:
889 448 1085 512 dilapsa
1107 449 1407 511 liquescunt,
1497 450 1594 495 550

203 525 492 589 Afflatuque
518 532 718 580 nocent,
746 532 796 572 et
820 533 976 588 agunt
999 525 1231 587 contagia
1255 525 1370 572 late.

205 601 442 650 Pervenit
466 602 527 649 ad
553 601 760 649 miseros
782 602 963 648 damno
984 601 1206 664 graviore
1229 601 1430 648 colonos

206 678 390 735 Pestis,
412 686 464 727 et
486 680 536 725 in
561 694 755 740 magnae
781 679 1062 726 dominatur
1087 678 1334 724 moenibus
1358 676 1511 724 urbis.

204 754 412 803 Viscera
433 762 682 803 torrentur
706 756 894 819 primo;
933 755 1249 818 flammaeque
1273 753 1474 801 latentis

207 830 455 879 Indicium
476 832 624 879 rubor
648 838 741 888 est,
760 838 811 880 et
833 832 1015 880 ductus
1041 831 1286 879 anhelitus
1312 844 1470 893 aegre:
1499 832 1597 877 555

204 908 401 973 Aspera
423 909 593 971 lingua
614 915 803 965 tumet3
843 909 1131 973 tepidisque
1156 908 1344 956 arentia
1366 907 1527 955 ventis

209 985 313 1033 Ora
335 991 539 1049 patent;
581 1001 814 1048 auraeque
840 1001 1014 1048 graves
1039 992 1303 1050 captantur
1327 984 1495 1031 hiatu:

208 1061 326 1109 Non
350 1069 575 1118 stratum,
603 1078 701 1109 non
726 1063 826 1109 ulla
850 1063 954 1126 pati
978 1063 1224 1110 velamina
1247 1068 1484 1126 possunt3

208 1138 350 1186 Dura
373 1139 462 1186 sed
487 1139 537 1185 in
563 1146 694 1186 terra
717 1146 911 1202 ponunt
935 1139 1237 1202 praecordia:
1278 1154 1370 1186 nec
1395 1137 1451 1185 fit
1503 1139 1599 1184 559

210 1216 407 1280 Corpus
424 1217 574 1264 humo
590 1216 828 1279 gelidum,
842 1217 930 1265 sed
942 1217 1122 1264 humus
1134 1217 1196 1263 de
1207 1231 1413 1279 corpore
1427 1214 1599 1262 fervet.

211 1292 321 1342 Nec
346 1294 629 1341 moderator
650 1293 817 1352 adest;
851 1294 1001 1358 inque
1027 1295 1163 1358 ipsos
1188 1308 1321 1340 saeva
1344 1291 1602 1339 medentes

253 1448 330 1479 549.
348 1448 418 1478 Non
446 1449 503 1479 illa
527 1460 623 1485 canes,
648 1449 725 1489 etc.]
752 1449 877 1480 Lucret.

214 1498 315 1528 1213:
335 1497 498 1538 *Multaque
514 1498 597 1529 humi
609 1510 702 1538 quum
718 1499 877 1529 inhumata

202 1547 345 1585 jacerent
368 1557 492 1585 corpora
513 1557 620 1586 supra,
636 1547 815 1587 Corporibus
831 1553 876 1578 ta-

210 1605 277 1625 men
293 1595 424 1625 alituum
442 1606 538 1635 genus
552 1602 641 1636 atque
655 1596 803 1636 ferarum
814 1597 878 1626 Aut

207 1644 316 1682 procul
336 1644 501 1679 absiliebat,
515 1650 552 1674 ut
572 1654 673 1674 acrem
693 1646 786 1675 exiret
809 1646 875 1675 odo-

209 1702 285 1728 rem,
322 1693 398 1728 Aut,
428 1694 481 1724 ubi
522 1694 677 1733 gustarat,
715 1694 878 1735 languebat

210 1748 303 1771 morte
322 1743 503 1782 propinqua.
550 1742 691 1781 Dilapsa.
714 1741 876 1783 Virgilius,

213 1789 329 1831 Georg.
351 1789 396 1821 iii.
422 1791 508 1821 557:
535 1792 620 1830 turpi
644 1791 761 1830 dilapsa
784 1793 876 1821 cacla-

211 1849 282 1869 vera
309 1841 390 1869 tabo.
423 1839 542 1875 Livius,
569 1839 632 1870 xli:
669 1843 690 1856 ‘¹
715 1839 879 1871 Cadavera

213 1885 333 1918 intacta
349 1898 367 1918 a
387 1887 518 1918 canibus
541 1898 577 1918 ae
594 1887 770 1919 vulturibus
787 1889 876 1919 tabes

211 1936 435 1967 absumebat.''
496 1936 684 1977 Liquescere,
713 1936 876 1979 putredine

213 1984 340 2016 dissolvi
352 1997 361 2025 ;
385 1996 459 2027 ergo
474 1985 558 2016 idem
573 1985 668 2027 quod,
684 1985 800 2017 delabi.

256 2036 333 2066 552.
352 2035 495 2066 Pervenit
511 2037 551 2065 ad
566 2037 692 2071 miseros,
709 2035 787 2075 etc.]
812 2036 876 2066 Lu-

214 2083 340 2119 cretius,
369 2083 412 2114 vi.
443 2084 544 2114 1137:
573 2083 715 2125 funestos
743 2085 877 2115 reddidit

214 2144 313 2174 agros,
337 2132 531 2173 Vastavitque
552 2134 625 2168 vias,
646 2133 781 2163 exhausit
803 2135 877 2163 civi—

214 2184 267 2213 bus
279 2183 392 2213 urbem.
428 2182 509 2213 Tum
530 2182 632 2213 1250:
650 2182 800 2212 Praeterea
806 2184 877 2221 jam

213 2238 313 2272 pastor
341 2238 368 2262 et
395 2233 601 2262 armentarius
624 2233 728 2267 omnis,
759 2230 800 2262 Et
831 2243 876 2261 ro-

217 2282 320 2311 bustus
352 2281 424 2310 item
460 2281 548 2311 curvi
583 2281 751 2310 moderator
778 2282 877 2310 aratri

216 2329 433 2371 Languebant.
484 2328 592 2358 Venire
617 2327 655 2358 iis
684 2335 739 2358 aut
764 2328 803 2358 ad
825 2339 877 2359 eos

214 2378 362 2411 dicuntur
377 2377 470 2412 mala,
486 2376 596 2412 morbi,
608 2387 686 2417 quos
701 2376 854 2408 invadunt
867 2389 872 2406 :

215 2425 286 2456 Art.
302 2425 410 2456 Amat.
424 2425 457 2455 ii.
473 2426 547 2455 323.
587 2424 746 2460 Graviore,
764 2436 876 2467 nempe

216 2486 310 2517 quam
323 2476 466 2507 ferarum.
502 2476 619 2517 Magna
632 2485 796 2507 commune
809 2476 875 2518 epi-

216 2524 324 2556 theton
338 2524 462 2556 urbium
477 2523 674 2566 capitalium.

260 2574 335 2606 554.
366 2573 485 2605 Viscera
511 2580 679 2609 torrentur,
702 2573 784 2613 etc.]
812 2574 875 2604 Lu-

218 2622 343 2659 cretius,
359 2622 403 2653 vi.
422 2622 503 2653 1166
519 2635 524 2651 z
552 2622 667 2652 Intima
682 2633 751 2662 pars
766 2623 877 2653 homini

218 2682 286 2702 vero
299 2672 451 2713 flagravit
470 2672 511 2701 ad
530 2682 608 2701 ossa:
634 2670 795 2712 Flagravit
816 2678 874 2702 sto—

221 2721 319 2751 macho
333 2721 472 2761 flamma,
487 2720 710 2761 utfornacibus
731 2723 830 2755 intus,·
846 2726 875 2751 et

945 1450 1027 1480 1164
1041 1461 1046 1478 :
1073 1460 1157 1480 omne
1171 1449 1276 1479 rubere
1291 1447 1419 1486 Corpus,
1436 1452 1472 1475 ut
1486 1452 1538 1480 est,
1550 1455 1604 1484 per

942 1499 1071 1528 membra
1085 1505 1168 1528 sacer
1181 1507 1273 1537 quum
1285 1497 1404 1527 diditur
1420 1496 1509 1536 ignis.

987 1547 1063 1578 556.
1091 1547 1215 1585 Aspera,
1241 1543 1497 1575 inflammatione.
1531 1541 1604 1573 Vir-

943 1594 1050 1636 gilius,
1063 1595 1178 1635 Geotg.
1194 1594 1236 1625 iv.
1250 1594 1312 1624 508
1327 1604 1334 1622 z
1359 1593 1480 1622 obsessas
1494 1590 1608 1632 fauces

941 1646 1051 1684 premit
1079 1655 1184 1684 aspera
1209 1644 1327 1684 lingua.
1362 1640 1538 1676 Lucretius,
1562 1639 1604 1670 vi.

947 1693 1028 1723 1147
1043 1705 1049 1723 :
1076 1694 1173 1733 Atque
1189 1694 1283 1722 animi
1304 1693 1449 1730 interpres
1463 1690 1605 1719 manabat

946 1742 1053 1783 lingua
1077 1752 1193 1777 cruore,
1211 1741 1380 1771 Debilizaia
1402 1740 1500 1775 malis,
1523 1744 1605 1768 motu

942 1792 1058 1832 gravis,
1083 1801 1187 1830 aspera
1212 1795 1308 1820 tactu.
1355 1788 1492 1827 Trepidis
1513 1788 1605 1822 venis,

945 1838 1030 1880 quod
1052 1839 1254 1869 Burmannus
1282 1847 1299 1867 e
1324 1836 1423 1878 priore
1448 1835 1607 1866 Hambur-

945 1886 1034 1928 gensi
1058 1886 1230 1922 invexerat,
1252 1885 1344 1916 valde
1368 1884 1525 1926 displicet.
1569 1883 1607 1914 Id

943 1935 1070 1972 rectius,
1084 1935 1128 1966 vi.
1149 1936 1224 1966 389.
1241 1934 1280 1965 de
1304 1944 1351 1970 eo,
1376 1933 1427 1965 cui
1449 1932 1530 1964 cutis
1551 1932 1606 1963 de-

945 1984 1086 2021 trahitur,
1109 1995 1204 2026 quam
1227 1983 1286 2014 hoc
1307 1983 1388 2019 loco,
1407 1982 1446 2014 de
1470 1982 1607 2013 sitiente.

944 2033 1106 2065 Revocavi
1123 2044 1196 2075 ergo
1210 2043 1247 2064 ex
1264 2031 1406 2074 plurimis
1422 2031 1516 2062 MSS.
1531 2033 1605 2071 tepi-

944 2084 990 2113 dis
1019 2084 1124 2114 ventis.
1182 2083 1245 2113 Ora
1276 2087 1400 2121 patent.-
1431 2079 1606 2117 Lucretius,

947 2131 1042 2162 1173.
1059 2134 1118 2171 ipso
1134 2134 1282 2162 venientes
1294 2141 1344 2161 ore
1354 2136 1488 2170 patente.
1524 2130 1605 2161 Gra-

945 2190 1003 2215 ves,
1040 2179 1280 2221 pestilentiales.
1338 2179 1489 2210 Heinsius
1516 2179 1606 2210 malit

943 2229 1175 2270 gravi—hiatu.
1202 2229 1290 2259 Dura
1302 2230 1501 2259 Burmannus
1512 2227 1606 2259 inter-

944 2284 1095 2319 pretatur,
1112 2284 1191 2309 tosta
1213 2284 1245 2309 et
1265 2277 1366 2309 arida.
1410 2277 1472 2308 Sed
1487 2277 1605 2319 Schep-

945 2337 1036 2367 perus
1072 2327 1199 2369 corrigit
1231 2329 1327 2358 nuda.
1375 2327 1502 2358 Dicitur
1531 2327 1607 2358 forte

943 2378 1034 2413 dura,
1056 2376 1131 2418 quia
1156 2384 1251 2408 aestus
1273 2382 1472 2408 contraxerat
1497 2376 1606 2412 cutim,

944 2431 1039 2466 atque
1053 2425 1097 2456 sic
1113 2425 1292 2456 reddiderat
1314 2425 1436 2461 duram,
1453 2425 1517 2456 viii.
1532 2425 1606 2456 803.

944 2474 1120 2510 Lucretius,
1134 2476 1149 2505 1
1157 2476 1226 2505 192.
1224 2475 1352 2516 frigida
1360 2475 1447 2514 pellis
1460 2476 1606 2514 duraque.

944 2523 1062 2555 Melius
1085 2526 1165 2555 dura
1191 2531 1273 2555 terra
1295 2523 1345 2554 hic
1367 2530 1608 2555 commemorata

945 2577 1039 2604 esset.

987 2622 1063 2652 561.
1093 2622 1278 2658 moderator,
1305 2621 1446 2652 medicus
1473 2621 1606 2663 impera-

948 2676 1004 2702 tor.
1026 2672 1157 2706 Seneca,
1174 2670 1214 2701 de
1233 2670 1368 2702 benefic.
1384 2671 1426 2702 vi.
1444 2671 1493 2701 16.
1530 2670 1603 2700 Vir-

946 2719 998 2756 gil.
1038 2720 1068 2750 d.
1096 2720 1118 2750 l.
1146 2721 1228 2751 549:
1269 2720 1460 2760 Qumitaeque
1496 2726 1604 2750 nocent
