1763 3181
400 181 1018 224 METAMORPHOSEON
1052 181 1170 223 LIB.
1203 180 1313 223 VII.
1431 181 1515 222 445

135 298 310 361 Tuque
331 298 514 362 triceps
536 296 744 353 Hecate,
766 314 876 361 quae
902 297 1078 361 coeptis
1099 297 1298 344 conscia
1315 295 1511 351 nostris,

134 375 470 438 Adjutrixque
493 375 646 431 venis,
673 381 915 437 catusque
940 381 1172 437 artesque
1197 389 1469 435 magarum,

136 451 361 515 Quaeque
381 467 567 514 magas,
585 451 770 507 Tellus,
791 451 1090 515 pollentibus
1111 450 1310 497 instruis
1332 449 1514 506 herbis,

133 527 399 592 Auraeque,
414 528 621 584 etventi,
634 535 945 591 montesque,
960 543 1247 590 amnesque,
1261 527 1515 589 lacusque,

135 604 301 669 Dique
350 621 522 653 omnes
571 621 844 661 nemorum,
898 604 1064 668 Dique
1123 620 1296 652 omnes
1356 604 1516 651 noctis

333 683 532 732 adeste:

81 761 90 772 ‘
136 757 358 812 Quorum
381 776 491 824 ope,
515 775 670 823 quum
693 760 841 815 volui,
868 759 987 823 ripis
1012 759 1320 815 mirantibus,
1348 774 1518 806 amnes

137 834 197 883 In
221 836 380 885 fontes
405 838 593 886 rediere
618 854 760 896 suos3
801 853 1144 900 concussaque
1170 837 1306 892 sisto,
1423 839 1520 882 200

140 914 335 963 Stantia
358 916 586 964 concutio
611 923 759 963 cantu
783 915 907 963 freta
927 934 937 973 3
979 915 1147 962 nubila
1170 914 1319 978 pello,

140 990 425 1055 Nubilaque
450 992 660 1050 induco;
699 1000 870 1040 ventos
897 992 1161 1054 abigoque,
1187 1006 1438 1053 vocoque;

138 1067 378 1133 Vipereas
403 1086 577 1134 rumpo
601 1069 764 1117 verbis
789 1075 840 1116 et
863 1069 1080 1117 carmine
1104 1068 1302 1124 fauces3

139 1145 365 1209 Vivaque
391 1162 527 1203 saxa,
555 1163 644 1194 sua
669 1147 1005 1209 convulsaque
1032 1146 1208 1193 robora
1231 1151 1377 1200 terra,

140 1221 207 1270 Et
230 1223 377 1272 silvas
403 1239 576 1272 moveo
597 1243 608 1282 ;
644 1225 899 1288 jubeoque
924 1223 1208 1270 tremiscere
1232 1228 1454 1277 montes;

139 1298 206 1347 Et
228 1301 418 1364 mugire
443 1302 618 1358 solum,
645 1316 918 1364 manesque
943 1300 1078 1347 exire
1103 1298 1372 1363 sepulcris:
1429 1301 1524 1345 206

140 1376 212 1425 Te
249 1394 467 1442 quoque,
498 1378 653 1435 Luna,
687 1378 857 1435 traho;
898 1376 1123 1440 quamvis
1161 1375 1419 1424 Temesaea
1454 1375 1523 1422 la-

338 1456 482 1503 bores

141 1564 220 1590 trum
258 1559 419 1600 equinum,
444 1559 600 1590 sinistrum
637 1559 797 1596 caninum,

142 1608 281 1639 medium
315 1608 498 1645 humanum,
528 1608 577 1640 vel
614 1609 797 1640 suillinum:

141 1657 214 1689 vide
230 1658 344 1690 Floridi
366 1658 534 1695 subsiciva,
551 1658 605 1690 lib.
621 1658 666 1689 iii.
684 1669 755 1701 cap.
769 1660 801 1690 2.

143 1708 314 1748 Cantusque
338 1714 493 1749 artesque5
516 1707 589 1739 hinc
613 1707 800 1739 incantatrix

142 1757 226 1799 apud
248 1756 444 1799 Sophoclem,
466 1757 580 1788 Trach.
600 1758 701 1789 1009:
729 1757 798 1789 ἀοι-

143 1805 197 1844 δὸς
233 1807 287 1838 καὶ
323 1806 542 1849 χειροτέχνης.
602 1807 799 1839 Pollentibus.

144 1855 227 1887 Vide
248 1856 291 1887 iv.
313 1857 365 1888 49.
389 1861 421 1887 et
443 1862 508 1888 not.
533 1856 573 1887 ad
594 1856 615 1888 i.
638 1858 711 1888 521.
757 1857 802 1888 Ut

143 1910 251 1936 cantus
274 1911 305 1936 et
326 1912 416 1943 artes,
437 1905 482 1936 sic
505 1915 576 1936 mox
594 1913 715 1943 montes,
737 1906 800 1947 qui,

143 1958 178 1984 ut
202 1956 336 1985 amnium
365 1953 450 1996 ripae,
479 1954 591 1986 herbas
619 1955 799 2000 suppedita-

143 2003 232 2039 bant,
247 2003 432 2034 224-231.
448 2003 585 2035 invocat.

190 2052 258 2083 199.
283 2052 489 2091 Mirantibus5
513 2053 581 2088 sine
595 2063 690 2085 causa
704 2054 729 2084 F
731 2065 800 2085 ran-

143 2101 210 2133 cius
224 2101 364 2133 malebat
378 2104 541 2136 arentibus.
586 2103 704 2135 Eadem
718 2104 802 2146 apud

143 2150 320 2188 Horatium,
336 2152 395 2193 Ep.
409 2163 441 2182 v.
457 2153 497 2184 45
513 2163 601 2194 sqq.;
618 2152 745 2183 AEneid.
758 2152 801 2184 iv.

144 2200 218 2231 487.
262 2200 419 2242 Imprimis
436 2200 551 2232 Noster
569 2201 674 2233 Tibul.
690 2213 803 2243 sequu-

144 2256 194 2281 tus
216 2255 280 2281 est:
317 2251 410 2282 Hanc
435 2251 577 2293 (sagam)
603 2263 655 2293 ego
679 2253 715 2282 de
737 2253 806 2283 coelo

145 2300 300 2330 ducentem
323 2301 423 2331 sidera
446 2302 519 2331 vidi.
571 2300 722 2331 Fluminis
747 2302 806 2333 haec

145 2349 247 2387 rapidi
261 2351 393 2379 carmine
406 2351 497 2379 vertit
512 2351 581 2380 iter.
627 2349 700 2380 Haec
714 2357 807 2381 cantu

134 2396 291 2438 finditque
326 2399 431 2432 solum.
469 2397 631 2439 Manesque
666 2400 808 2438 sepulcris

148 2446 255 2484 Elicit,
284 2454 312 2478 et
350 2450 447 2488 tepido
481 2450 603 2479 devocat
630 2459 692 2479 ossa
727 2459 807 2490 rogo.

148 2495 253 2531 Quum
278 2498 358 2534 libet,
375 2499 433 2528 haec
459 2498 539 2528 tristi
560 2499 683 2537 depellit
703 2499 809 2528 nubila

149 2547 231 2583 coelo,
253 2552 313 2578 etc.
358 2547 472 2579 Confer
498 2547 687 2589 Propertius,
703 2547 762 2578 IV.
779 2557 809 2577 v.

151 2597 186 2626 11
213 2606 284 2638 sqq.
333 2596 491 2633 Cone-ussa,
516 2602 683 2630 commota.
710 2603 745 2626 ut
771 2597 811 2627 vi.

157 2646 231 2678 691.
276 2645 390 2677 Confer
404 2645 531 2677 Heroid.
544 2645 586 2678 vi.
600 2647 652 2676 83.
697 2645 817 2676 Stantia

144 2696 258 2736 freta5
281 2696 380 2727 maria
400 2696 519 2738 quieta,
545 2705 704 2736 nunquam
731 2695 812 2725 enim

152 2748 213 2774 stat
231 2753 329 2774 mare.

197 2792 299 2824 VOL.
313 2793 365 2823 111
371 2815 378 2823 .

909 1561 984 1591 203.
1010 1560 1138 1600 Rumpe,
1159 1560 1329 1599 disrumpo.
1354 1555 1463 1588 Amor.
1484 1556 1531 1587 Π.

867 1609 887 1641 i.
903 1611 955 1640 25.
974 1609 1114 1640 Carmine
1127 1608 1294 1642 dissiliunt,
1311 1605 1530 1647 abruptisfau-

868 1660 961 1695 cibus,
989 1667 1124 1700 angues;
1162 1656 1254 1697 Virg.
1284 1656 1354 1686 Ecl.
1385 1655 1450 1685 viii.
1479 1655 1530 1685 71.

869 1709 1016 1749 Frigidus
1031 1710 1065 1736 in
1084 1708 1180 1747 pratis
1203 1706 1353 1737 cantando
1376 1705 1531 1744 rumpitur

866 1760 996 1799 angui&
1020 1756 1074 1787 ubi
1090 1756 1155 1786 vid.
1173 1755 1326 1797 Heynius.
1372 1754 1533 1785 Gesnerus

867 1817 1004 1846 rumpere
1019 1806 1050 1836 in
1067 1805 1115 1836 his
1138 1804 1215 1835 locis
1236 1804 1425 1847 explicabat,
1443 1814 1462 1834 a
1476 1813 1531 1833 no-

867 1855 966 1887 cendo
990 1855 1153 1893 cohibere3
1177 1854 1261 1895 quod
1283 1863 1358 1884 sane
1382 1852 1465 1893 magi
1487 1852 1532 1882 fa-

869 1917 937 1937 cere
954 1905 1054 1936 solent
1069 1904 1161 1936 etiam
1178 1904 1269 1935 hodie
1287 1903 1316 1933 in
1333 1905 1484 1945 AEgypto,
1499 1908 1535 1934 ut

868 1955 994 1987 memini
1009 1966 1058 1986 me
1074 1955 1176 1996 leg-ere
1189 1954 1222 1985 in
1234 1953 1347 1985 Nordii
1361 1952 1533 1984 Itinerario.

869 2005 977 2046 Atque
991 2005 1036 2035 ita
1051 2004 1157 2040 Silius,
1173 2003 1219 2034 iii.
1238 2004 1297 2034 301
1313 2015 1319 2033 :
1346 2004 1395 2033 Aa
1409 2013 1534 2042 quorum

869 2061 976 2086 cantus
987 2064 1103 2093 serpens
1117 2054 1209 2083 oblita.
1221 2054 1337 2086 veneni.
1349 2052 1397 2082 Ad
1408 2062 1534 2092 quorum

871 2110 985 2135 tactam
1006 2104 1089 2133 mites
1102 2104 1231 2142 jacuere
1251 2107 1380 2131 cerastae.
1418 2100 1482 2137 Qui
1503 2099 1535 2129 id

870 2153 1003 2189 faciunt,
1030 2163 1083 2183 eos
1112 2150 1216 2182 Graeci
1244 2149 1471 2192 ἀσπιδοθὴρας
1507 2154 1538 2179 et

873 2201 1083 2244 ὀφιοδιώκτας
1099 2200 1312 2241 appellabant.

917 2253 993 2282 204.
1022 2251 1106 2285 Viva,
1123 2249 1178 2279 illo
1201 2249 1266 2290 ipso
1288 2249 1355 2279 loco
1377 2252 1462 2283 nata,
1479 2257 1536 2277 nec

874 2311 1013 2342 unquam
1029 2299 1097 2330 loco
1111 2306 1194 2328 mota
1208 2298 1353 2328 manibus
1368 2295 1539 2327 hominum.

874 2351 923 2380 Sic
947 2355 978 2380 et
997 2361 1050 2379 sua
1074 2355 1167 2384 terra,
1182 2347 1214 2378 in
1237 2357 1300 2388 qua
1315 2349 1429 2382 robora,
1446 2356 1537 2387 quer-

875 2410 939 2435 cus,
965 2404 1048 2429 nata.
1098 2397 1201 2427 Manes
1225 2395 1414 2431 excitabant,
1436 2401 1471 2425 ut
1491 2405 1539 2424 re-

876 2457 989 2489 sponsa
1003 2447 1125 2476 darent.
1170 2444 1328 2480 Horatius,
1346 2445 1375 2475 Ι.
1391 2444 1458 2474 Sat.
1476 2443 1541 2474 viii.

877 2503 908 2528 et
922 2496 1023 2538 Epod.
1038 2494 1111 2527 xvii.

920 2546 994 2577 207.
1021 2545 1060 2575 Te
1079 2555 1201 2584 quoque,
1222 2543 1323 2577 Luna,
1339 2541 1418 2582 etc.]
1454 2540 1538 2572 Vide

880 2595 919 2625 ad
941 2594 983 2625 iv.
1004 2594 1079 2624 332.
1125 2593 1233 2623 Traho.
1270 2591 1373 2621 Etiam
1396 2592 1540 2621 deducere

881 2649 911 2675 et
939 2645 1072 2688 deripere
1099 2641 1259 2671 usitatum.
1314 2639 1441 2674 Temesa,
1470 2638 1542 2684 urbs

882 2692 1085 2726 Bruttiorum,
1107 2690 1172 2731 jam
1201 2688 1327 2720 Homeri
1354 2687 1543 2729 temporibus

882 2742 950 2772 {nris
970 2739 1083 2770 fodinis
1105 2739 1200 2770 clara.
1224 2739 1387 2773 Homerus,
1414 2736 1474 2767 Od.
1503 2739 1542 2768 A.

1011 2790 1029 2819 3
1048 2789 1077 2818 D
