1763 3181
389 165 1013 224 METAMORPHOSEON
1047 181 1165 222 ΠΒ.
1199 180 1307 222 vn.
1444 184 1530 224 467

138 295 313 343 Tristis
329 297 462 354 abit;
494 302 525 320 “
551 296 870 359 Stabuntque
890 296 980 343 tibi
997 303 1084 343 tua
1102 296 1289 343 foedera
1303 297 1533 359 magno.”

142 372 312 421 Dixit:
353 380 404 421 et
426 373 597 420 utilius
622 374 810 420 belluni
835 380 979 437 putat
1003 389 1113 420 esse
1134 372 1327 428 minari,

141 448 304 503 Quam
328 465 516 511 gerere,
544 456 696 513 atque
722 466 836 497 suas
862 450 929 496 ibi
956 465 1355 513 praeconsumere
1373 450 1516 497 vires.

206 525 400 573 Classis
426 527 488 573 ab
515 526 744 590 OEnopiis
771 526 1043 573 etiamnum
1071 525 1250 589 Lyctia
1273 525 1427 572 muris

143 602 371 666 Spectari
397 609 621 666 poterat3
662 618 817 665 quum
843 601 1214 665 plenoaconcita
1236 602 1346 648 velo
1437 604 1530 648 491

140 679 311 728 Attica
334 681 517 744 puppis
543 681 701 736 adest,
729 681 779 726 in
806 687 1081 742 portusque
1105 679 1259 724 intrat
1284 678 1486 732 amicos,

143 756 267 811 Quae
289 757 587 821 Cephalum,
609 756 886 820 patriaeque
907 755 1055 802 simul
1080 755 1314 801 mandata
1331 754 1536 801 ferebat.

142 833 361 881 AEacidae
386 835 534 897 longo
553 835 764 896 juvenes
792 840 906 897 post
930 840 1153 896 tempore
1177 832 1338 878 visum

142 909 403 973 Agnovere
427 919 595 959 tamen
624 911 934 974 Cephalum;
975 911 1281 971 dextrasque
1306 909 1505 964 dedere,

144 986 308 1050 Inque
332 988 487 1051 patris
513 988 701 1035 duxere
722 987 942 1034 domum.
1017 985 1318 1050 Spectabilis
1343 985 1506 1041 heros,

146 1063 213 1111 Et
235 1064 416 1112 veteris
442 1065 663 1112 retinens
689 1065 961 1112 etiamnum
987 1064 1196 1127 pignora
1219 1062 1406 1117 formae,

147 1141 458 1204 Ingreditur3
500 1158 794 1206 ramumque
819 1150 996 1189 tenens
1022 1139 1275 1204 popularis
1300 1139 1457 1193 olivae,

152 1218 219 1265 Et
243 1220 420 1267 dextra
443 1221 669 1284 laevaque
694 1221 820 1267 duos
846 1226 992 1266 aetate
1017 1217 1231 1264 minores

1445 1217 1542 1262 499

148 1294 314 1359 Major
337 1297 505 1352 habet,
535 1297 722 1361 Clyton
748 1304 798 1345 et
824 1296 1008 1351 Buten,
1037 1294 1267 1341 Pallante
1293 1298 1503 1339 creatos.

149 1371 427 1437 Postquam
452 1389 724 1437 congressu
749 1373 907 1438 primo
934 1387 1025 1419 sua
1047 1370 1199 1418 verba
1221 1369 1444 1416 tulerunt

191 1507 265 1538 487.
290 1507 405 1549 llIagno
427 1507 577 1548 stabunt]
616 1507 699 1539 Vide
721 1508 761 1538 ad
781 1519 811 1539 x.

148 1556 223 1587 547.
284 1556 534 1593 Praeconsumere,
573 1563 644 1588 ante
681 1557 812 1593 bellum,

149 1604 234 1645 quod
262 1605 459 1642 moliebatur,
489 1606 648 1637 minuere:
688 1605 752 1637 viii.
780 1606 811 1636 7.

147 1659 328 1693 praetentare
350 1657 445 1686 vires:
470 1655 588 1691 Livius,
608 1654 674 1685 xxi.
690 1656 743 1685 29.
759 1666 813 1685 an-

150 1703 274 1733 telibare
289 1705 377 1734 vires.

195 1752 268 1782 490.
292 1752 404 1792 Lyctia
427 1763 447 1783 a
471 1753 581 1794 Lycto,
600 1753 675 1783 urbe
701 1753 816 1784 Cretae.

156 1800 241 1837 Velo‚·
269 1801 469 1832 Burmannus
484 1812 501 1832 e
518 1802 614 1832 tribus
636 1802 731 1831 MSS.
748 1812 815 1832 ma-

151 1849 190 1879 lit
204 1857 301 1886 vento,
319 1851 403 1892 quod
425 1851 525 1892 magis
546 1852 593 1892 τῷ
610 1853 726 1880 concita
742 1860 816 1881 con-

154 1899 269 1930 veniat.
301 1900 447 1931 Frustra:
483 1901 561 1930 AEn.
587 1899 608 1930 i.
633 1900 717 1930 400:
754 1900 817 1930 Αιιε

151 1955 272 1988 portum
301 1956 392 1985 tenet,
425 1955 480 1980 aut
507 1950 593 1989 pleno
622 1950 712 1985 subit,
743 1952 818 1979 ostia

153 1999 236 2035 velo;
260 1997 337 2029 ibid.
352 2009 384 2029 v.
400 1999 474 2028 281.
490 1999 562 2028 velis
575 1999 652 2028 subit
667 1999 741 2027 ostia
755 1999 817 2036 ple-

153 2049 212 2078 nis.
246 2047 375 2078 Portum
395 2046 540 2078 intraturi
565 2047 667 2077 solent
691 2046 819 2087 quidem

155 2097 227 2128 vela
250 2096 443 2132 contrahere,
464 2096 518 2127 sed
538 2096 610 2126 vide
634 2095 674 2126 ad
690 2095 730 2126 vi.
746 2096 819 2126 445.

158 2146 197 2177 In
219 2152 379 2186 portusque
401 2148 500 2176 intrat
522 2147 640 2176 amicos.
686 2145 821 2176 Codices

157 2195 254 2226 nostri
279 2194 374 2236 Regii
403 2195 575 2237 simplicius
599 2200 631 2226 et
655 2194 770 2231 lenius,
794 2201 822 2224 et

153 2251 260 2285 portus
287 2247 387 2275 intrat
414 2247 534 2275 amicos.
591 2244 699 2274 Lectio
726 2243 824 2274 altera

157 2293 262 2324 nescio
276 2293 355 2334 quid
374 2293 453 2324 rude
473 2298 505 2323 et
523 2297 698 2323 contortum
718 2292 824 2323 habet.

161 2343 320 2383 Cephalus,
336 2342 467 2373 Deionis
483 2348 547 2378 aut,
563 2347 597 2373 ut
613 2341 665 2372 alii
681 2341 821 2377 tradunt,

159 2391 311 2423 Mercurii
335 2391 429 2427 filius,
451 2391 504 2432 qui
528 2391 688 2427 Procrida,
707 2391 825 2421 Erech-

160 2440 225 2471 thei
256 2440 361 2476 filiam,
391 2440 424 2471 in
451 2440 648 2471 matrimonio
677 2440 825 2470 habebat.

162 2489 269 2521 Fuisse
284 2490 460 2531 Cephalum
471 2489 619 2531 juvenem
635 2488 719 2531 apud
733 2488 824 2530 AEgi-

161 2549 273 2570 nenses
296 2549 314 2570 e
338 2549 429 2570 versu
446 2540 520 2570 516.
536 2543 676 2580 apparet.
721 2538 824 2579 Longo

160 2594 224 2627 post
246 2594 386 2627 tempore.
421 2587 472 2618 Ita
487 2593 519 2618 et
534 2586 698 2628 Virgilius,
714 2587 825 2627 Eclog.

162 2635 185 2667 i.
213 2637 265 2667 30.
290 2637 431 2676 Respem't
458 2642 567 2673 tamen,
594 2642 621 2666 et
652 2637 739 2677 longo
761 2641 825 2674 post

165 2692 293 2726 tempore
307 2687 402 2716 venit.

208 2735 281 2766 496.
314 2735 518 2775 Spectabilis]
566 2735 677 2766 Forma
703 2732 825 2774 conspi—

880 1518 976 1537 cuus:
1002 1506 1046 1536 sic
1062 1510 1150 1536 notat
1166 1503 1341 1546 Cephalum
1362 1508 1484 1545 propter
1499 1504 1544 1534 sa-

880 1556 987 1586 bulam
1012 1560 1196 1596 sequentem
1221 1552 1294 1583 inde
1319 1563 1336 1582 a
1360 1563 1450 1583 versu
1473 1553 1547 1584 661.

881 1604 935 1635 ubi
956 1605 995 1634 ob
1011 1605 1141 1634 formam
1160 1601 1287 1644 rapitur.
1335 1601 1472 1642 Pignora
1491 1612 1546 1632 ex-

883 1654 1029 1695 quisitius
1059 1663 1154 1694 quam
1182 1652 1284 1692 signa,
1313 1650 1464 1691 vestigia:
1506 1650 1548 1682 vi.

883 1704 958 1734 603.
974 1713 1127 1732 sacrorum
1141 1703 1270 1742 pignora
1285 1701 1386 1730 demit.
1436 1700 1549 1731 Veteris

873 1751 995 1793 jbrmae,
1018 1749 1155 1792 pristinae
1182 1747 1437 1790 pulchritudinis.
1486 1748 1546 1778 Po-

881 1802 1011 1840 pularis,
1043 1804 1182 1841 praistat.
1249 1798 1339 1827 Oliva
1375 1797 1547 1838 popularis,

884 1850 959 1891 quia
983 1854 1059 1880 nata
1084 1847 1167 1890 apud
1186 1846 1408 1881 Athenienses,
1422 1851 1454 1877 et
1478 1846 1550 1879 ideo

885 1899 999 1941 populo
1012 1904 1120 1939 grata,
1135 1896 1160 1927 si
1174 1896 1214 1927 ad
1226 1896 1348 1936 signum
1363 1896 1450 1936 pacis
1462 1906 1551 1937 spec-

886 1956 943 1986 tes,
970 1947 1133 1989 Virgilius,
1159 1947 1233 1976 AEn.
1253 1943 1319 1975 viii.
1348 1945 1552 1985 Paciferaeque

886 2009 1003 2028 ramum
1014 1996 1174 2036 praetendit
1185 1995 1279 2024 olim.
1326 1993 1438 2024 Buten.
1463 1994 1552 2024 Non—

887 2046 978 2082 nulli,
1006 2045 1137 2079 Bruten,
1164 2043 1249 2074 unde
1274 2042 1444 2079 Meursius,
1466 2043 1551 2084 Reg.

887 2095 986 2126 Attio.
1001 2093 1033 2124 ii.
1049 2095 1080 2124 6.
1101 2093 1177 2123 facit
1201 2092 1330 2132 Bryten,
1349 2101 1369 2121 a
1388 2102 1450 2132 quo
1470 2093 1551 2132 Bry-

888 2144 1032 2175 tadarurn
1047 2143 1168 2173 familia
1178 2142 1262 2183 apud
1274 2141 1484 2172 Athenienses
1499 2142 1554 2174 (le-

889 2193 1073 2227 scendebat,
1103 2197 1139 2222 ut
1174 2202 1193 2221 a
1229 2190 1309 2220 Bute
1345 2190 1552 2222 Butadarum.

892 2243 1008 2277 Pallas,
1023 2240 1106 2270 filius
1121 2238 1215 2270 Nelei
1228 2239 1281 2280 qui
1289 2238 1349 2269 fuit
1363 2238 1457 2269 frater
1471 2239 1554 2270 The·

891 2291 946 2322 sei.
961 2290 1038 2321 Vid.
1050 2288 1207 2330 Hyginus,
1218 2287 1325 2318 fabula
1334 2288 1409 2317 244.
1432 2288 1512 2318 Eum
1524 2294 1556 2319 et

892 2340 971 2370 filios
986 2349 1035 2369 res
1050 2348 1147 2369 novas
1167 2336 1330 2367 molientes
1345 2342 1453 2377 postea
1472 2336 1555 2368 The-

892 2400 963 2419 seus
984 2386 1153 2418 interfecit.
1185 2387 1323 2416 Pausan.
1347 2385 1446 2416 Attio.
1466 2396 1498 2427 p.
1513 2388 1551 2417 51

892 2443 924 2468 et
940 2439 993 2468 70.

935 2488 1009 2517 501.
1034 2486 1193 2525 Postquam
1213 2483 1555 2524 congressu—Cecropi-

891 2535 963 2575 [Ζακ]
1013 2534 1079 2564 Hos
1107 2543 1214 2563 versus
1242 2531 1330 2561 aliter
1360 2530 1489 2562 dederat
1514 2533 1555 2563 cl.

895 2584 1021 2625 Gierig:
1040 2583 1200 2622 Postquam
1212 2591 1382 2621 congressus
1394 2582 1486 2619 primi
1502 2592 1557 2612 ειιιι

893 2634 981 2664 verba
998 2633 1157 2667 tulerunt,-
1184 2630 1379 2668 Cecropidum
1397 2629 1557 2668 Cephalus,

894 2688 956 2714 etc.
970 2688 1001 2712 et
1015 2681 1083 2711 haec
1099 2678 1235 2721 subjicit,
1250 2682 1269 2696 “
1287 2679 1467 2720 Congressus
1478 2679 1558 2710 dixit

894 2743 949 2774 pro
964 2728 1253 2773 congredientibus:
1278 2738 1340 2759 non
1355 2733 1459 2760 tamen
1475 2728 1555 2760 hauc
