1763 3181
390 179 1009 223 METAMORPHOSEON
1043 179 1162 220 LIB.
1195 179 1250 220 V.
1434 178 1517 220 361

88 338 91 340 .
137 295 385 343 Sicaniam
410 295 618 359 repetit3
657 296 878 359 dumque
904 294 1070 342 omnia
1092 295 1271 341 lustrat
1290 293 1470 349 eundo,

134 372 285 420 Venit
308 384 358 421 et
381 373 443 420 ad
470 372 679 435 Cyanen
700 390 710 420 :
750 388 824 427 ea,
847 372 897 418 ni
921 378 1113 419 mutata
1132 371 1310 418 fuisset
1421 373 1518 418 465

137 449 319 497 Omnia
342 450 619 506 narrassem
661 450 748 497 sed
774 457 826 496 et
849 465 920 504 OS,
942 455 992 496 et
1015 449 1184 510 lingua
1206 447 1388 495 volenti

136 526 316 575 Dicere
341 544 438 574 non
463 527 683 583 aderant,
701 543 809 583 nec,
832 543 931 590 quo
957 527 1259 589 loqueretur,
1281 525 1516 572 habebat.

137 603 291 666 Signa
313 611 480 652 tamen
504 603 766 651 manifesta
790 603 955 661 dedit;
995 610 1265 665 notamque
1291 602 1501 665 parenti,

135 680 230 728 Illo
254 680 377 729 forte
402 681 511 728 loco
535 681 790 745 delapsam
815 680 1007 743 gurgite
1033 695 1189 734 sacro,

135 756 482 822 Persephones
504 774 677 805 zonam
698 756 904 805 summis
925 756 1142 804 ostendit
1160 756 1210 802 in
1233 754 1398 802 undis.
1425 756 1523 801 470

136 833 299 889 Quam
321 835 464 883 simul
485 835 701 898 agnovit,
717 842 957 898 tanquam
975 841 1082 881 tum
1097 833 1312 896 denique
1329 838 1522 896 raptam

138 910 345 967 Scisset,
371 911 623 959 inornatos
647 911 849 959 laniavit
876 911 1003 958 Diva
1026 910 1262 974 capillos;

138 987 206 1036 Et
228 989 441 1053 repetita
459 990 561 1037 suis
587 990 833 1054 percussit
852 996 1054 1054 pectora
1072 988 1267 1052 palmis.
1297 988 1491 1049 [omnes
1510 1004 1521 1043 ;

137 1065 185 1112 N
189 1082 246 1114 ec
283 1066 378 1114 scit
413 1068 592 1124 adhuc,
626 1069 711 1115 ubi
749 1068 839 1125 sit;
891 1075 1045 1115 terras
1087 1074 1256 1113 tamen
1298 1065 1523 1127 increpat

139 1142 468 1208 Ingratasque
492 1154 653 1202 vocat,
681 1162 774 1194 nec
798 1145 994 1208 frugum
1019 1159 1222 1190 munere
1247 1142 1440 1204 dignas,

138 1219 442 1269 Trinacriam
467 1230 583 1271 ante
610 1224 747 1280 alias,
775 1224 825 1270 in
851 1239 950 1286 qua
973 1221 1183 1283 vestigia
1202 1219 1370 1267 damni
1427 1219 1524 1264 476

140 1296 411 1362 Repperit:
452 1316 568 1362 ergo
594 1300 694 1347 illic
721 1317 851 1347 saeva
874 1298 1117 1347 vertentia
1142 1298 1312 1360 glebas

141 1374 311 1438 Fregit
334 1383 498 1424 aratra
521 1393 699 1435 manu;
739 1377 984 1441 parilique
1008 1376 1136 1423 irata
1161 1375 1362 1422 colonos

139 1451 504 1516 Ruricolasque
528 1455 680 1501 boves
705 1455 805 1501 leto
830 1453 995 1510 dedit3
1036 1467 1251 1514 arvaque
1270 1449 1423 1513 jussit

140 1527 330 1577 Fallere
354 1530 654 1594 depositum,
682 1531 952 1594 vitiataque
979 1530 1168 1577 semina
1192 1528 1326 1576 fecit.

182 1707 258 1737 467.
276 1707 385 1737 Dicere
400 1719 459 1738 non
473 1708 627 1748 aderant]
652 1709 702 1739 Ne
714 1708 798 1750 inep-

141 1762 180 1786 tae
203 1755 381 1797 tautologiae
402 1768 472 1788 reus
492 1758 531 1788 sit
553 1757 697 1794 Ovidius,
712 1757 800 1788 Schi-

138 1804 262 1836 rachius
273 1807 383 1836 adsunt
399 1806 629 1848 interpretatur,
640 1807 801 1849 adjuvant,

139 1859 174 1885 ut
188 1854 317 1885 verbum
331 1856 515 1886 translatum
530 1855 560 1887 h.
576 1856 597 1887 l.
612 1856 651 1886 sit
666 1866 684 1886 a
698 1862 801 1897 patro-

140 1902 189 1934 nis
211 1913 386 1939 causarum,
407 1904 461 1945 qui
486 1905 581 1935 verba
605 1904 725 1935 faciunt
746 1915 802 1946 pro

139 1952 209 1984 reis.
250 1954 324 1984 Non
345 1958 451 1984 tamen
474 1965 552 1996 opus
572 1960 619 1985 est
636 1954 691 1985 illa
706 1954 799 1985 inter·

139 2002 322 2043 pretatione.
359 2003 488 2033 Sensus:
507 2003 574 2034 Nec
590 2002 675 2034 aliud
688 2003 801 2034 instru-

140 2057 281 2082 mentum
290 2051 436 2088 habebat,
446 2063 507 2094 quo
518 2063 625 2084 vocem
636 2052 802 2084 emitteret.

183 2100 260 2130 470.
299 2100 497 2140 Persephones
525 2113 647 2138 zonmn5
685 2112 702 2132 e
730 2113 803 2132 zona

140 2155 260 2191 reperta
289 2149 384 2180 Ceres
412 2149 534 2187 didicit,
564 2150 606 2182 ibi
639 2151 802 2182 evanuisse

141 2198 248 2229 filiam.
282 2198 393 2240 Itaque
407 2198 484 2229 fonti
494 2210 548 2241 per
559 2201 648 2241 signa
663 2200 803 2241 loquenti

141 2247 199 2278 hoc
236 2247 387 2279 indicium
421 2248 578 2279 tribuitur.
623 2249 726 2280 Aliter
762 2250 801 2281 de

142 2297 251 2338 Cyane
275 2297 444 2328 claudian.
459 2297 505 2328 iii.
526 2299 602 2329 255.
650 2299 732 2329 Zona
755 2310 802 2330 so-

140 2347 209 2377 luta
223 2352 255 2377 et
268 2345 392 2382 amissa,
402 2347 560 2389 proprium
576 2347 727 2378 indicium
744 2348 802 2379 vir-

141 2395 222 2438 ginis
240 2402 336 2438 raptae
354 2402 385 2427 et
398 2396 559 2427 delibatae.
604 2397 665 2428 Hic
681 2398 803 2439 legatur

143 2444 227 2486 quod
246 2445 342 2476 habet
357 2445 507 2476 Firminus
529 2445 568 2477 de
588 2445 702 2477 rustico
725 2457 802 2488 quo-

143 2493 227 2530 dam,
242 2493 293 2524 cui
314 2500 436 2536 propter
460 2493 585 2525 divitias
609 2495 724 2526 Pluton
743 2495 803 2526 fuit

144 2553 268 2579 nomen,
292 2549 414 2585 raptore
442 2544 652 2586 Proserpinae3
675 2545 740 2586 qui,
767 2553 805 2575 ne

143 2593 388 2635 prehenderetur
407 2603 425 2623 a
439 2593 563 2624 Cereris
576 2604 671 2625 manu
687 2599 805 2624 armata

144 2642 246 2684 ipsum
261 2642 456 2683 insequente,
472 2643 652 2674 vehiculum
668 2643 732 2684 egit
752 2654 805 2685 per

146 2691 283 2722 medium
299 2691 403 2722 lacum
419 2693 565 2733 Pergum,
579 2692 718 2734 inibique
732 2703 802 2734 per-

147 2740 193 2776 iit,
209 2751 279 2772 cum
295 2740 413 2782 virgine
429 2742 618 2772 submersus.

1433 1528 1529 1571 480

912 1710 988 1740 473.
1012 1708 1160 1748 Repetit]
1189 1706 1282 1743 Vide,
1302 1707 1344 1736 iv.
1364 1706 1443 1736 733:
1475 1704 1531 1734 Ter

868 1765 975 1799 quater
1003 1759 1098 1799 exegit
1133 1758 1260 1797 ‘repetita
1295 1766 1348 1796 per
1376 1756 1431 1785 ilia
1459 1753 1530 1794 fer-

869 1819 950 1838 Tum.

912 1858 985 1888 476.
1014 1856 1156 1897 Vestigia,
1173 1864 1282 1885 zonam
1299 1859 1333 1884 ut
1348 1853 1450 1888 modo,
1463 1862 1530 1883 ver-

868 1917 904 1937 su
927 1906 1002 1937 468.
1020 1906 1113 1947 Signa
1135 1912 1233 1935 tamen
1255 1903 1414 1945 manifesta
1439 1904 1532 1937 dedit,

868 1961 930 1986 ete.
976 1956 1102 1990 Damni,
1129 1954 1201 1984 filiae
1226 1952 1368 1991 amissae3
1401 1951 1454 1982 xii.
1483 1952 1533 1981 16.

868 2011 992 2035 matrem
1017 2006 1133 2034 circum
1157 2014 1210 2033 sua
1237 2004 1348 2032 damna
1371 2002 1531 2031 volantem.

868 2055 941 2086 Jam
966 2053 1054 2085 saevit
1076 2052 1107 2083 in
1132 2058 1255 2088 terram,
1278 2057 1323 2087 ut,
1338 2050 1370 2081 ii.
1392 2049 1533 2080 Phoebus

869 2104 902 2135 in
917 2114 1014 2145 equos
1029 2103 1156 2138 solares,
1173 2107 1204 2132 et
1218 2108 1252 2132 ut
1272 2100 1326 2131 ille
1346 2104 1470 2130 recusat
1482 2110 1531 2129 so-

870 2153 931 2184 lem
946 2152 1064 2183 diutius
1080 2151 1205 2186 vehere,
1222 2150 1266 2180 sic
1286 2159 1369 2179 nunc
1391 2154 1422 2178 et
1437 2148 1534 2179 Ceres

871 2202 990 2233 muneri
1013 2212 1068 2232 suo
1091 2201 1189 2231 deest.
1234 2198 1338 2229 Etiam
1362 2197 1393 2227 in
1417 2197 1533 2237 hymno

870 2252 964 2282 Hom.
980 2252 1042 2282 305
1056 2260 1144 2291 seqq.
1162 2249 1228 2290 ejus
1243 2253 1274 2278 et
1297 2246 1457 2277 moerentis
1473 2245 1533 2276 fili-

870 2311 918 2331 am
934 2306 966 2330 et
980 2298 1142 2329 irascentis
1155 2296 1228 2329 Jovi
1245 2296 1350 2338 culpa,
1366 2301 1446 2325 terra
1462 2294 1531 2324 nul-

870 2350 916 2379 las
931 2349 989 2379 fert
1010 2348 1127 2388 fruges,
1146 2345 1351 2386 agricolarum
1365 2343 1452 2373 labor
1467 2342 1534 2373 irri-

870 2405 919 2429 tus
940 2402 997 2432 est,
1018 2392 1190 2438 parumque
1214 2395 1311 2429 abest,
1335 2392 1411 2433 quin
1434 2403 1534 2433 genus

870 2447 1039 2477 humanum
1066 2445 1146 2475 fame
1171 2449 1289 2485 pereat.
1329 2442 1379 2473 Cf.
1404 2441 1534 2473 Diodor.

871 2496 932 2527 Sic.
948 2507 979 2526 v.
996 2498 1027 2526 5.

916 2546 992 2575 478.
1018 2544 1177 2583 Parilique
1199 2541 1308 2581 irata]
1337 2540 1380 2571 Ut
1400 2539 1533 2580 fregerat

874 2600 985 2629 aratra,
1002 2593 1046 2623 sic
1065 2594 1181 2632 pariter
1199 2590 1354 2621 interfecit
1379 2589 1531 2630 agricolas

873 2650 903 2674 et
928 2651 1031 2674 tauros
1060 2641 1200 2672 laborum
1230 2639 1345 2670 socios:
1371 2638 1403 2668 in
1430 2638 1532 2669 omnia

873 2692 1018 2724 saeviebat
1035 2691 1120 2733 gravi
1136 2690 1235 2720 furore
1252 2688 1382 2731 percita.

915 2743 989 2772 480.
1006 2742 1124 2771 Fallere
1134 2738 1324 2779 depositum]
1346 2737 1531 2779 Depositum
