1763 3181
398 195 1018 239 METAMORPHOSEON
1052 194 1171 236 LIB.
1205 195 1269 236 II.

1444 197 1525 238 161

143 315 372 377 Ossaque
409 330 522 361 cum
560 312 736 368 Pindo,
772 313 1030 375 majorque
1067 311 1310 358 ambobus
1351 310 1524 374 Olym-

141 391 404 455 Aeriaeque
431 390 600 454 Alpes,
628 397 679 437 et
702 388 894 436 nubifer
919 388 1230 452 Apenninus.
1263 389 1406 451 [pus;
1429 392 1524 435 225

204 468 344 515 Tunc
368 484 482 516 vero
507 466 771 514 Phaethon
796 465 988 513 cunctis
1014 482 1041 512 e
1067 464 1290 528 partibus
1316 465 1484 512 orbem

138 545 335 609 Aspicit
358 561 624 592 accensum
645 562 655 601 ;
695 560 786 590 nec
810 550 974 590 tantos
1002 541 1215 589 sustinet
1237 549 1388 589 aestus
1413 561 1422 590 :

142 623 513 687 Ferventesque
539 638 698 677 auras,
720 622 856 670 velut
879 638 906 669 e
930 620 1128 667 fornace
1153 619 1413 683 profunda,

143 700 242 747 Ore
267 700 432 756 trahit,
459 715 732 762 currusque
758 715 873 745 suos
899 697 1200 745 candescere
1227 697 1392 745 sentit.
1432 701 1529 745 230

144 776 210 824 Et
233 793 397 841 neque
416 778 520 839 jam
545 776 753 832 cineres
781 778 1149 839 ejectatamque
1174 774 1390 822 favillam

145 853 293 902 Ferre
318 861 511 918 potest3
547 854 809 917 calidoque
836 854 1096 901 involvitur
1120 853 1341 916 undique
1365 853 1528 909 fumo;

144 930 357 995 Quoque
382 939 477 988 eat,
505 939 590 979 aut
610 933 695 979 ubi
721 932 800 988 sit,
829 933 972 996 picea
990 931 1201 994 caligine
1226 937 1407 986 tectus,

146 1007 351 1067 Nescit;
385 1016 435 1057 et
459 1010 659 1057 arbitrio
683 1011 937 1057 volucrum
958 1015 1181 1073 raptatur
1207 1024 1465 1070 equorum.

147 1085 401 1149 Sanguine
424 1094 531 1134 tum
556 1087 765 1134 credunt
789 1087 838 1134 in
862 1102 1070 1150 corpora
1095 1101 1289 1132 summa
1314 1092 1502 1141 vocato,

145 1162 434 1228 AEthiopum
459 1166 668 1229 populos
694 1165 888 1227 nigrum
913 1163 1125 1211 traxisse
1150 1163 1382 1210 colorem.
1433 1165 1529 1209 236

147 1375 281 1417 cognita,
310 1382 459 1418 perpetuo
496 1377 659 1419 torpebat:
692 1377 711 1408 J
716 1377 807 1408 ustin.

146 1424 178 1455 ii.
206 1426 233 1455 1.
279 1425 358 1456 Inde
382 1425 541 1457 Σκυθικὸν
566 1425 663 1468 κρύος
686 1425 718 1456 in
739 1436 807 1467 pro-

148 1475 288 1506 verbium
313 1473 409 1505 abiit:
438 1475 465 1505 I.
480 1475 574 1505 Pont.
590 1474 634 1505 iii.
650 1475 703 1505 27.
747 1474 808 1506 Sed

148 1523 387 1565 pulcherrimam
425 1524 565 1566 Scythici
596 1524 727 1555 horroris
756 1525 809 1555 de-

149 1572 349 1614 scriptionem
377 1573 472 1604 habet
502 1573 591 1614 Virg.
621 1573 736 1615 Georg.
765 1572 810 1604 iii.

151 1623 225 1653 349.
265 1623 416 1653 Caucasus
428 1633 576 1663 magnam
590 1622 674 1653 Asiae
691 1628 810 1664 partem

150 1670 273 1707 dividit,
303 1677 334 1702 et
362 1681 434 1702 cum
468 1671 568 1701 Tauro
596 1672 810 1707 committitur,

151 1719 240 1751 Curt.
255 1720 332 1751 VII.
356 1720 401 1751 iii.
425 1722 483 1759 l9;
506 1720 580 1751 hinc
605 1720 720 1761 passim
740 1731 812 1751 cum

149 1769 253 1800 Tauro
266 1770 467 1801 confunditur
483 1780 501 1800 a
516 1770 717 1811 scriptoribus
732 1770 811 1801 anti-

151 1818 230 1860 quis.
267 1819 398 1850 Infamis
419 1825 525 1850 autem
542 1819 601 1850 fuit
616 1830 634 1850 a
649 1819 814 1860 frigoribus

151 1873 183 1899 et
198 1869 344 1900 vastitate
358 1881 364 1898 :
384 1869 473 1910 Virg.
491 1870 567 1899 AEn.
582 1869 624 1900 iv.
640 1869 723 1907 3673
746 1870 811 1900 Ho-

152 1923 209 1949 rat.
225 1917 252 1948 Ι.
268 1918 332 1948 Od.
346 1917 422 1948 xxii.
440 1919 470 1948 7.

195 1968 269 1997 225.
295 1968 372 1998 Cum
388 1967 514 2007 Pincia]
542 1967 592 1997 De
610 1967 721 2002 Pindo,
742 1965 813 1997 vide

154 2016 194 2047 ad
217 2016 242 2046 i.
267 2017 339 2048 154.
390 2015 481 2046 Dixit
513 2016 585 2046 Ossa
607 2027 675 2046 cum
704 2016 814 2052 Pindo,

154 2065 228 2106 quia
242 2065 363 2095 Pindus
384 2075 422 2096 ex
439 2064 568 2096 adverso
584 2065 685 2096 Ossae.
728 2064 815 2095 Inter

156 2115 315 2155 Olympum
331 2120 435 2146 autem
450 2120 481 2145 et
495 2115 596 2145 Ossam
612 2115 816 2145 celeberrima

153 2165 282 2207 Tempe,
303 2165 342 2196 de
360 2164 474 2206 quibus
496 2174 599 2206 supra.
636 2165 739 2195 Ambos
755 2165 813 2194 AE—

153 2214 230 2246 lian.
244 2215 286 2246 V.
297 2215 339 2245 H.
351 2214 394 2244 iii.
410 2215 438 2244 l.
451 2214 519 2244 init.
534 2219 626 2244 vocat
640 2214 699 2255 ὅρη
716 2213 815 2255 ὑπερ-

156 2263 294 2306 ύψηλας
327 2263 383 2294 sed
411 2263 567 2304 Olympus
595 2265 690 2303 major
717 2264 815 2293 ambo-

156 2315 228 2344 bus:
252 2318 340 2344 tanta
356 2312 440 2343 enim
458 2312 525 2353 ejus
549 2311 683 2342 altitudo
702 2311 817 2342 descri-

155 2363 238 2394 bitur
262 2373 280 2393 a
304 2361 484 2397 Veteribus,
506 2366 542 2391 ut
567 2372 641 2392 aves
665 2372 818 2392 cacumen

156 2413 223 2455 ejus
238 2411 363 2453 assequi
377 2422 439 2442 non
454 2409 584 2452 possint.
620 2411 682 2442 Sed
698 2410 817 2441 AElian.

158 2463 199 2494 V.
214 2462 256 2492 H.
270 2461 366 2492 VIII.
382 2460 424 2491 xi.
440 2466 555 2496 narrat,
570 2460 817 2502 magnitudinem

158 2512 224 2553 ejus
237 2511 388 2553 paulatim
403 2509 517 2540 minui.

200 2562 276 2592 226.
290 2560 410 2600 Aeria]
429 2561 507 2596 Quae
528 2559 560 2590 in
580 2569 649 2590 aere
664 2564 746 2596 sunt,
763 2564 818 2590 aut

159 2611 192 2642 in
212 2620 315 2642 aerem
337 2613 512 2651 assurgunt,
530 2614 565 2639 ut
581 2619 663 2645 aves,
678 2609 815 2644 arbores,

160 2665 290 2694 montes.
323 2660 420 2690 Aeriae
433 2660 522 2699 Alpes
535 2658 630 2689 etiam
646 2668 696 2699 ap.
712 2658 816 2698 Virgi-

159 2708 247 2744 lium,
258 2707 404 2749 Georgic.
415 2708 459 2739 iii.
472 2709 547 2739 474.
571 2708 704 2749 Nnbzfer
717 2709 816 2746 Apen—

160 2759 262 2788 ninus.
289 2758 382 2788 Mons
406 2763 452 2788 est
473 2756 671 2798 longissimus
694 2756 818 2788 Italiam

876 1375 1041 1413 dividens;
1065 1374 1153 1415 Virg.
1178 1374 1253 1404 AEn.
1278 1372 1341 1403 xii:
1373 1373 1485 1403 Vertit-e
1511 1386 1539 1404 se

878 1425 1018 1455 attollens
1030 1430 1118 1464 pater
1135 1423 1311 1462 Apenninus
1326 1424 1364 1453 ad
1380 1434 1482 1453 αιιιάε.

919 1474 995 1505 227.
1013 1473 1097 1503 Tunc
1113 1483 1191 1508 vero,
1208 1472 1285 1511 etc.]
1300 1471 1461 1512 catalogis
1478 1471 1540 1502 illis

877 1528 960 1553 recte
976 1522 1095 1563 aliquid
1107 1521 1290 1563 interposuit
1302 1520 1340 1551 de
1360 1521 1539 1551 Phaethon-

878 1572 917 1603 tis
939 1572 1021 1602 fatis.
1056 1572 1177 1601 Fornax
1202 1570 1369 1611 cogitanda
1393 1576 1440 1601 est
1463 1580 1539 1600 aera-

879 1621 924 1652 ria
949 1627 1003 1652 aut
1022 1621 1157 1651 calcaria
1173 1634 1178 1650 :
1205 1619 1318 1661 Virgil.
1334 1619 1465 1650 AEneid.
1478 1619 1542 1650 viii.

879 1672 952 1701 446.
979 1670 1033 1701 ubi
1057 1677 1140 1701 vasta
1153 1670 1283 1712 joram.
1321 1669 1371 1700 Cf.
1389 1669 1467 1700 infra
1484 1668 1539 1701 vii.

882 1720 956 1750 107.

922 1770 996 1800 234.
1013 1770 1147 1799 Arbitrio
1163 1768 1349 1808 volucrum]
1372 1768 1440 1799 Hoc
1457 1768 1539 1799 idem

880 1829 973 1860 supra
984 1819 1050 1860 jan]
1066 1818 1114 1848 bis
1129 1818 1220 1848 dixit.

923 1869 998 1899 235.
1022 1868 1177 1909 Sanguine
1202 1873 1266 1897 tum
1293 1868 1435 1901 credunt,
1461 1867 1538 1907 etc.]

882 1918 920 1949 In
948 1917 1006 1948 hoc
1037 1928 1161 1958 quoque
1188 1915 1363 1947 Hesiodum
1393 1921 1544 1956 sequutus

882 1973 941 2003 est,
959 1978 998 1998 ex
1014 1977 1075 2008 quo
1092 1965 1210 2008 Hygin.
1227 1965 1249 1996 f.
1265 1966 1323 1996 154
1337 1977 1344 1995 t
1365 1969 1385 1982 “
1400 1964 1472 1995 Indi
1488 1975 1543 1995 au—

882 2021 957 2052 tem,
973 2015 1057 2057 quod
1078 2015 1180 2046 calore
1196 2014 1291 2046 vicini
1311 2014 1402 2056 ignis,
1418 2015 1544 2055 sanguis

882 2066 914 2096 in
943 2071 1043 2096 atrum
1078 2064 1212 2095 colorem
1241 2074 1348 2094 versus
1378 2068 1436 2098 est,
1466 2063 1544 2104 nigri

883 2120 955 2145 sunt
970 2114 1077 2145 facti.’'
1115 2114 1203 2144 Inter
1218 2112 1404 2144 recentiores
1419 2113 1542 2154 physio-

883 2164 969 2206 logos
989 2174 1103 2205 magna
1126 2173 1198 2194 cum
1221 2162 1413 2192 dissensione
1437 2161 1544 2203 dispu-

885 2218 980 2249 tatur,
998 2213 1132 2255 primum
1159 2223 1222 2254 qua
1244 2212 1276 2242 in
1300 2211 1434 2252 corporis
1458 2217 1545 2252 parte

884 2262 939 2293 illa
956 2261 1083 2304 nigredo
1105 2261 1156 2297 sit,
1175 2261 1244 2292 aliis
1263 2265 1368 2291 cutem
1384 2261 1544 2291 nominan-

885 2311 978 2348 tibus,
1002 2311 1072 2342 aliis
1099 2311 1259 2341 humorem
1283 2310 1364 2340 inter
1387 2315 1491 2340 cutem
1516 2317 1547 2340 et

884 2361 1054 2392 cuticulam
1071 2370 1260 2402 supremam,
1278 2358 1348 2390 aliis
1372 2359 1461 2390 aliter
1476 2371 1545 2390 sen-

884 2410 1056 2449 tientibus3
1079 2409 1193 2440 deinde
1218 2408 1301 2440 unde
1322 2407 1378 2438 illa
1405 2408 1544 2449 nigredo,

886 2465 987 2490 utrum
1011 2470 1028 2490 a
1050 2459 1115 2490 solo
1132 2464 1210 2489 aestu
1226 2459 1310 2494 solis,
1328 2468 1368 2488 an
1384 2458 1454 2488 aliae
1471 2469 1546 2499 quo-

885 2519 945 2549 que
964 2519 1067 2539 causae
1092 2507 1265 2539 accedant:
1292 2506 1363 2537 vide
1378 2506 1499 2537 Haller.
1514 2506 1546 2537 in

885 2557 1042 2588 Element.
1076 2556 1215 2599 Physiol.
1241 2562 1263 2586 t.
1290 2568 1321 2586 v.
1350 2567 1383 2597 p.
1414 2556 1449 2585 17
1477 2567 1546 2597 sqq.

885 2606 1051 2637 Schreber.
1080 2606 1113 2636 in
1150 2607 1345 2647 allgemez'ner
1373 2605 1547 2636 Gesclzichte

885 2657 938 2686 der
965 2656 1137 2691 Meuschen,
1159 2667 1189 2697 p.
1212 2656 1250 2686 15
1270 2666 1339 2696 sqq.
1377 2654 1548 2696 Opiniones

886 2705 925 2736 de
940 2705 999 2736 hac
1014 2716 1046 2737 re
1059 2707 1212 2737 Veterum
1227 2705 1322 2736 habet
1334 2705 1490 2736 Brouckh.
1507 2706 1546 2736 ad

887 2757 1027 2798 Propert.
1044 2756 1103 2787 IV.
1118 2755 1160 2786 iii.
1180 2756 1228 2785 10.
