<?xml version="1.0" encoding="UTF-8"?>
<!DOCTYPE html PUBLIC "-//W3C//DTD XHTML 1.0 Transitional//EN"
    "http://www.w3.org/TR/xhtml1/DTD/xhtml1-transitional.dtd">
<html xmlns="http://www.w3.org/1999/xhtml" xml:lang="en" lang="en">
 <head>
  <title>
</title>
<meta http-equiv="Content-Type" content="text/html;charset=utf-8" />
  <meta name='ocr-system' content='tesseract 3.04.00' />
  <meta name='ocr-capabilities' content='ocr_page ocr_carea ocr_par ocr_line ocrx_word'/>
</head>
<body>
  <div class='ocr_page' id='page_1' title='image "./povidiinasonisop03oviduoft_0100.png"; bbox 0 0 1729 3207; ppageno 0'>
   <div class='ocr_carea' id='block_1_1' title="bbox 211 203 1219 246">
    <p class='ocr_par' dir='ltr' id='par_1_1' title="bbox 211 203 1219 246">
     <span class='ocr_line' id='line_1_1' title="bbox 211 203 1219 246; baseline -0.001 0"><span class='ocrx_word' id='word_1_1' title='bbox 211 205 266 246; x_wconf 85' lang='lat'>90</span> <span class='ocrx_word' id='word_1_2' title='bbox 610 204 661 245; x_wconf 91' lang='grc' dir='ltr'>Ρ.</span> <span class='ocrx_word' id='word_1_3' title='bbox 695 203 907 245; x_wconf 92' lang='lat' dir='ltr'>OVIDII</span> <span class='ocrx_word' id='word_1_4' title='bbox 941 203 1219 245; x_wconf 87' lang='lat' dir='ltr'><strong>NASONIS</strong></span> 
     </span>
    </p>
   </div>
   <div class='ocr_carea' id='block_1_2' title="bbox 214 319 1603 383">
    <p class='ocr_par' dir='ltr' id='par_1_2' title="bbox 214 319 1603 383">
     <span class='ocr_line' id='line_1_2' title="bbox 214 319 1603 383; baseline -0.001 -16"><span class='ocrx_word' id='word_1_5' title='bbox 214 320 435 368; x_wconf 76' lang='lat' dir='ltr'>Vertitur</span> <span class='ocrx_word' id='word_1_6' title='bbox 471 321 518 367; x_wconf 92' lang='lat' dir='ltr'>in</span> <span class='ocrx_word' id='word_1_7' title='bbox 557 320 804 383; x_wconf 83' lang='lat' dir='ltr'>pecudes:</span> <span class='ocrx_word' id='word_1_8' title='bbox 860 326 911 365; x_wconf 90' lang='lat' dir='ltr'>et</span> <span class='ocrx_word' id='word_1_9' title='bbox 947 335 1075 366; x_wconf 92' lang='lat' dir='ltr'>nunc</span> <span class='ocrx_word' id='word_1_10' title='bbox 1121 335 1321 382; x_wconf 92' lang='lat' dir='ltr'>quoque</span> <span class='ocrx_word' id='word_1_11' title='bbox 1364 319 1603 382; x_wconf 84' lang='lat' dir='ltr'>sanguine</span> 
     </span>
    </p>
   </div>
   <div class='ocr_carea' id='block_1_3' title="bbox 417 397 617 460">
    <p class='ocr_par' dir='ltr' id='par_1_3' title="bbox 417 397 617 460">
     <span class='ocr_line' id='line_1_3' title="bbox 417 397 617 460; baseline -0.005 -16"><span class='ocrx_word' id='word_1_12' title='bbox 417 397 617 460; x_wconf 79' lang='lat' dir='ltr'>gaudet.</span> 
     </span>
    </p>
   </div>
   <div class='ocr_carea' id='block_1_4' title="bbox 1509 398 1605 442">
    <p class='ocr_par' dir='ltr' id='par_1_4' title="bbox 1509 398 1605 442">
     <span class='ocr_line' id='line_1_4' title="bbox 1509 398 1605 442; baseline 0.01 -1"><span class='ocrx_word' id='word_1_13' title='bbox 1509 398 1605 442; x_wconf 88' lang='lat'>235</span> 
     </span>
    </p>
   </div>
   <div class='ocr_carea' id='block_1_5' title="bbox 212 472 1601 922">
    <p class='ocr_par' dir='ltr' id='par_1_5' title="bbox 213 472 1318 530">
     <span class='ocr_line' id='line_1_5' title="bbox 213 472 1318 530; baseline -0.002 -9"><span class='ocrx_word' id='word_1_14' title='bbox 213 475 271 521; x_wconf 90' lang='lat' dir='ltr'>In</span> <span class='ocrx_word' id='word_1_15' title='bbox 298 475 437 521; x_wconf 89' lang='lat' dir='ltr'>villos</span> <span class='ocrx_word' id='word_1_16' title='bbox 460 474 646 520; x_wconf 86' lang='lat' dir='ltr'>abeunt</span> <span class='ocrx_word' id='word_1_17' title='bbox 669 479 849 527; x_wconf 78' lang='lat' dir='ltr'>vesteS,</span> <span class='ocrx_word' id='word_1_18' title='bbox 878 472 926 518; x_wconf 92' lang='lat' dir='ltr'>in</span> <span class='ocrx_word' id='word_1_19' title='bbox 952 487 1094 519; x_wconf 83' lang='lat' dir='ltr'>crura</span> <span class='ocrx_word' id='word_1_20' title='bbox 1118 473 1288 520; x_wconf 82' lang='lat' dir='ltr'>lacerti</span> <span class='ocrx_word' id='word_1_21' title='bbox 1308 492 1318 530; x_wconf 93' lang='lat'>;</span> 
     </span>
    </p>

    <p class='ocr_par' dir='ltr' id='par_1_6' title="bbox 212 548 1403 682">
     <span class='ocr_line' id='line_1_6' title="bbox 213 548 1395 614; baseline -0.002 -16"><span class='ocrx_word' id='word_1_22' title='bbox 213 552 292 598; x_wconf 89' lang='lat' dir='ltr'>Fit</span> <span class='ocrx_word' id='word_1_23' title='bbox 316 552 478 614; x_wconf 86' lang='lat' dir='ltr'>lupus,</span> <span class='ocrx_word' id='word_1_24' title='bbox 506 557 556 597; x_wconf 89' lang='lat' dir='ltr'>et</span> <span class='ocrx_word' id='word_1_25' title='bbox 580 548 758 596; x_wconf 85' lang='lat' dir='ltr'>veteris</span> <span class='ocrx_word' id='word_1_26' title='bbox 781 556 943 595; x_wconf 89' lang='lat' dir='ltr'>servat</span> <span class='ocrx_word' id='word_1_27' title='bbox 966 549 1178 612; x_wconf 84' lang='lat' dir='ltr'>vestigia</span> <span class='ocrx_word' id='word_1_28' title='bbox 1200 549 1367 597; x_wconf 87' lang='lat' dir='ltr'>formae</span> <span class='ocrx_word' id='word_1_29' title='bbox 1386 568 1395 606; x_wconf 93' lang='lat'>;</span> 
     </span>
     <span class='ocr_line' id='line_1_7' title="bbox 212 626 1403 682; baseline -0.003 -6"><span class='ocrx_word' id='word_1_30' title='bbox 212 629 433 676; x_wconf 82' lang='lat' dir='ltr'>Canities</span> <span class='ocrx_word' id='word_1_31' title='bbox 459 628 633 675; x_wconf 88' lang='lat' dir='ltr'>eadem</span> <span class='ocrx_word' id='word_1_32' title='bbox 659 633 750 681; x_wconf 89' lang='lat' dir='ltr'>est,</span> <span class='ocrx_word' id='word_1_33' title='bbox 779 626 954 673; x_wconf 86' lang='lat' dir='ltr'>eadem</span> <span class='ocrx_word' id='word_1_34' title='bbox 978 627 1213 674; x_wconf 87' lang='lat' dir='ltr'>violentia</span> <span class='ocrx_word' id='word_1_35' title='bbox 1237 627 1403 682; x_wconf 88' lang='lat' dir='ltr'>vultu;</span> 
     </span>
    </p>

    <p class='ocr_par' dir='ltr' id='par_1_7' title="bbox 214 703 1362 766">
     <span class='ocr_line' id='line_1_8' title="bbox 214 703 1362 766; baseline -0.002 -13"><span class='ocrx_word' id='word_1_36' title='bbox 214 705 356 752; x_wconf 89' lang='lat' dir='ltr'>Idem</span> <span class='ocrx_word' id='word_1_37' title='bbox 381 705 510 752; x_wconf 90' lang='lat' dir='ltr'>oculi</span> <span class='ocrx_word' id='word_1_38' title='bbox 536 705 719 760; x_wconf 89' lang='lat' dir='ltr'>lucent,</span> <span class='ocrx_word' id='word_1_39' title='bbox 748 704 924 750; x_wconf 87' lang='lat' dir='ltr'>eadem</span> <span class='ocrx_word' id='word_1_40' title='bbox 950 703 1157 751; x_wconf 87' lang='lat' dir='ltr'>feritatis</span> <span class='ocrx_word' id='word_1_41' title='bbox 1183 705 1362 766; x_wconf 81' lang='lat' dir='ltr'>imago.</span> 
     </span>
    </p>

    <p class='ocr_par' dir='ltr' id='par_1_8' title="bbox 212 780 1601 922">
     <span class='ocr_line' id='line_1_9' title="bbox 212 780 1601 845; baseline -0.003 -15"><span class='ocrx_word' id='word_1_42' title='bbox 212 783 413 830; x_wconf 87' lang='lat' dir='ltr'>Occidit</span> <span class='ocrx_word' id='word_1_43' title='bbox 430 797 529 828; x_wconf 84' lang='lat' dir='ltr'>una</span> <span class='ocrx_word' id='word_1_44' title='bbox 546 781 746 828; x_wconf 87' lang='lat' dir='ltr'>domus:</span> <span class='ocrx_word' id='word_1_45' title='bbox 775 781 863 827; x_wconf 90' lang='lat' dir='ltr'>sed</span> <span class='ocrx_word' id='word_1_46' title='bbox 883 797 980 828; x_wconf 91' lang='lat' dir='ltr'>non</span> <span class='ocrx_word' id='word_1_47' title='bbox 1001 781 1178 828; x_wconf 89' lang='lat' dir='ltr'>domus</span> <span class='ocrx_word' id='word_1_48' title='bbox 1196 797 1294 828; x_wconf 84' lang='lat' dir='ltr'>una</span> <span class='ocrx_word' id='word_1_49' title='bbox 1310 780 1469 845; x_wconf 87' lang='lat' dir='ltr'>perire</span> <span class='ocrx_word' id='word_1_50' title='bbox 1502 782 1601 826; x_wconf 82' lang='lat'>240</span> 
     </span>
     <span class='ocr_line' id='line_1_10' title="bbox 213 857 1576 922; baseline -0.003 -16"><span class='ocrx_word' id='word_1_51' title='bbox 213 860 378 922; x_wconf 81' lang='lat' dir='ltr'>Digna</span> <span class='ocrx_word' id='word_1_52' title='bbox 400 858 519 916; x_wconf 80' lang='lat' dir='ltr'>fuit3</span> <span class='ocrx_word' id='word_1_53' title='bbox 560 874 658 921; x_wconf 85' lang='lat' dir='ltr'>qua</span> <span class='ocrx_word' id='word_1_54' title='bbox 682 865 812 904; x_wconf 86' lang='lat' dir='ltr'>terra</span> <span class='ocrx_word' id='word_1_55' title='bbox 836 865 990 922; x_wconf 85' lang='lat' dir='ltr'>patet,</span> <span class='ocrx_word' id='word_1_56' title='bbox 1017 858 1119 906; x_wconf 82' lang='lat' dir='ltr'>fera</span> <span class='ocrx_word' id='word_1_57' title='bbox 1143 866 1317 921; x_wconf 86' lang='lat' dir='ltr'>regnat</span> <span class='ocrx_word' id='word_1_58' title='bbox 1344 857 1576 920; x_wconf 82' lang='lat' dir='ltr'>Erinnys.</span> 
     </span>
    </p>
   </div>
   <div class='ocr_carea' id='block_1_6' title="bbox 213 937 896 1000">
    <p class='ocr_par' dir='ltr' id='par_1_9' title="bbox 213 937 896 1000">
     <span class='ocr_line' id='line_1_11' title="bbox 213 937 896 1000; baseline 0 -16"><span class='ocrx_word' id='word_1_59' title='bbox 213 938 272 984; x_wconf 92' lang='lat' dir='ltr'>In</span> <span class='ocrx_word' id='word_1_60' title='bbox 297 937 487 984; x_wconf 87' lang='lat' dir='ltr'>facinus</span> <span class='ocrx_word' id='word_1_61' title='bbox 507 938 701 1000; x_wconf 85' lang='lat' dir='ltr'>jurasse</span> <span class='ocrx_word' id='word_1_62' title='bbox 723 944 896 1000; x_wconf 92' lang='lat' dir='ltr'>putes:</span> 
     </span>
    </p>
   </div>
   <div class='ocr_carea' id='block_1_7' title="bbox 936 937 1433 990">
    <p class='ocr_par' dir='ltr' id='par_1_10' title="bbox 936 937 1433 990">
     <span class='ocr_line' id='line_1_12' title="bbox 936 937 1433 990; baseline -0.002 -7"><span class='ocrx_word' id='word_1_63' title='bbox 936 937 1059 983; x_wconf 89' lang='lat' dir='ltr'>dent</span> <span class='ocrx_word' id='word_1_64' title='bbox 1082 937 1219 983; x_wconf 89' lang='lat' dir='ltr'>ocius</span> <span class='ocrx_word' id='word_1_65' title='bbox 1245 951 1433 990; x_wconf 88' lang='lat' dir='ltr'>omnes,</span> 
     </span>
    </p>
   </div>
   <div class='ocr_carea' id='block_1_8' title="bbox 214 1011 1600 1154">
    <p class='ocr_par' dir='ltr' id='par_1_11' title="bbox 214 1011 1600 1154">
     <span class='ocr_line' id='line_1_13' title="bbox 214 1011 1503 1078; baseline -0.003 -16"><span class='ocrx_word' id='word_1_66' title='bbox 214 1015 350 1070; x_wconf 81' lang='lat' dir='ltr'>Quas</span> <span class='ocrx_word' id='word_1_67' title='bbox 374 1030 596 1062; x_wconf 87' lang='lat' dir='ltr'>meruere</span> <span class='ocrx_word' id='word_1_68' title='bbox 622 1013 723 1078; x_wconf 85' lang='lat' dir='ltr'>pati</span> <span class='ocrx_word' id='word_1_69' title='bbox 748 1013 842 1076; x_wconf 73' lang='lat' dir='ltr'>&lt;sic</span> <span class='ocrx_word' id='word_1_70' title='bbox 868 1020 968 1060; x_wconf 87' lang='lat' dir='ltr'>stat</span> <span class='ocrx_word' id='word_1_71' title='bbox 992 1012 1260 1074; x_wconf 75' lang='lat' dir='ltr'>sententia)</span> <span class='ocrx_word' id='word_1_72' title='bbox 1281 1011 1503 1076; x_wconf 86' lang='lat' dir='ltr'>poenas.&#39;&#39;</span> 
     </span>
     <span class='ocr_line' id='line_1_14' title="bbox 278 1087 1600 1154; baseline -0.004 -15"><span class='ocrx_word' id='word_1_73' title='bbox 278 1093 428 1139; x_wconf 81' lang='lat' dir='ltr'>Dicta</span> <span class='ocrx_word' id='word_1_74' title='bbox 451 1091 588 1138; x_wconf 89' lang='lat' dir='ltr'>Jovis</span> <span class='ocrx_word' id='word_1_75' title='bbox 614 1107 727 1154; x_wconf 86' lang='lat' dir='ltr'>pars</span> <span class='ocrx_word' id='word_1_76' title='bbox 752 1107 872 1138; x_wconf 86' lang='lat' dir='ltr'>voce</span> <span class='ocrx_word' id='word_1_77' title='bbox 904 1091 1133 1154; x_wconf 85' lang='lat' dir='ltr'>probant,</span> <span class='ocrx_word' id='word_1_78' title='bbox 1161 1090 1494 1152; x_wconf 82' lang='lat' dir='ltr'>stimulosque</span> <span class='ocrx_word' id='word_1_79' title='bbox 1526 1087 1600 1134; x_wconf 87' lang='lat' dir='ltr'>fu-</span> 
     </span>
    </p>
   </div>
   <div class='ocr_carea' id='block_1_9' title="bbox 211 1167 1380 1309">
    <p class='ocr_par' dir='ltr' id='par_1_12' title="bbox 211 1167 1380 1309">
     <span class='ocr_line' id='line_1_15' title="bbox 211 1167 1380 1233; baseline -0.003 -17"><span class='ocrx_word' id='word_1_80' title='bbox 211 1169 496 1233; x_wconf 81' lang='lat' dir='ltr'>Adjiciunt3</span> <span class='ocrx_word' id='word_1_81' title='bbox 537 1168 616 1215; x_wconf 86' lang='lat' dir='ltr'>alii</span> <span class='ocrx_word' id='word_1_82' title='bbox 643 1175 808 1231; x_wconf 88' lang='lat' dir='ltr'>partes</span> <span class='ocrx_word' id='word_1_83' title='bbox 835 1167 1129 1215; x_wconf 82' lang='lat' dir='ltr'>adsensibus</span> <span class='ocrx_word' id='word_1_84' title='bbox 1155 1167 1380 1231; x_wconf 84' lang='lat' dir='ltr'>implent.</span> 
     </span>
     <span class='ocr_line' id='line_1_16' title="bbox 213 1245 1340 1309; baseline -0.003 -15"><span class='ocrx_word' id='word_1_85' title='bbox 213 1246 306 1294; x_wconf 90' lang='lat' dir='ltr'>Est</span> <span class='ocrx_word' id='word_1_86' title='bbox 329 1254 496 1293; x_wconf 87' lang='lat' dir='ltr'>tamen</span> <span class='ocrx_word' id='word_1_87' title='bbox 522 1245 724 1292; x_wconf 85' lang='lat' dir='ltr'>humani</span> <span class='ocrx_word' id='word_1_88' title='bbox 750 1246 944 1308; x_wconf 87' lang='lat' dir='ltr'>generis</span> <span class='ocrx_word' id='word_1_89' title='bbox 963 1247 1161 1309; x_wconf 84' lang='lat' dir='ltr'>jactura</span> <span class='ocrx_word' id='word_1_90' title='bbox 1185 1245 1340 1292; x_wconf 83' lang='lat' dir='ltr'>dolori</span> 
     </span>
    </p>
   </div>
   <div class='ocr_carea' id='block_1_10' title="bbox 1455 1165 1602 1289">
    <p class='ocr_par' dir='ltr' id='par_1_13' title="bbox 1455 1165 1602 1289">
     <span class='ocr_line' id='line_1_17' title="bbox 1455 1165 1602 1227; baseline -0.007 -16"><span class='ocrx_word' id='word_1_91' title='bbox 1455 1165 1602 1227; x_wconf 89' lang='lat' dir='ltr'>[renti</span> 
     </span>
     <span class='ocr_line' id='line_1_18' title="bbox 1505 1245 1601 1289; baseline 0 0"><span class='ocrx_word' id='word_1_92' title='bbox 1505 1245 1601 1289; x_wconf 83' lang='lat'>246</span> 
     </span>
    </p>
   </div>
   <div class='ocr_carea' id='block_1_11' title="bbox 211 1321 1491 1462">
    <p class='ocr_par' dir='ltr' id='par_1_14' title="bbox 211 1321 1491 1462">
     <span class='ocr_line' id='line_1_19' title="bbox 214 1321 1491 1385; baseline -0.002 -15"><span class='ocrx_word' id='word_1_93' title='bbox 214 1324 481 1371; x_wconf 86' lang='lat' dir='ltr'>Omnibus:</span> <span class='ocrx_word' id='word_1_94' title='bbox 522 1328 589 1378; x_wconf 87' lang='lat' dir='ltr'>et,</span> <span class='ocrx_word' id='word_1_95' title='bbox 617 1338 730 1385; x_wconf 84' lang='lat' dir='ltr'>quae</span> <span class='ocrx_word' id='word_1_96' title='bbox 757 1322 822 1369; x_wconf 87' lang='lat' dir='ltr'>sit</span> <span class='ocrx_word' id='word_1_97' title='bbox 842 1329 1001 1378; x_wconf 87' lang='lat' dir='ltr'>terrae,</span> <span class='ocrx_word' id='word_1_98' title='bbox 1028 1323 1318 1370; x_wconf 81' lang='lat' dir='ltr'>mortalibus</span> <span class='ocrx_word' id='word_1_99' title='bbox 1343 1321 1491 1376; x_wconf 88' lang='lat' dir='ltr'>orbae,</span> 
     </span>
     <span class='ocr_line' id='line_1_20' title="bbox 211 1400 1485 1462; baseline -0.003 -14"><span class='ocrx_word' id='word_1_100' title='bbox 211 1401 389 1449; x_wconf 86' lang='lat' dir='ltr'>Forma</span> <span class='ocrx_word' id='word_1_101' title='bbox 414 1400 592 1455; x_wconf 88' lang='lat' dir='ltr'>futura,</span> <span class='ocrx_word' id='word_1_102' title='bbox 619 1400 827 1462; x_wconf 76' lang='lat' dir='ltr'>rogant?</span> <span class='ocrx_word' id='word_1_103' title='bbox 865 1400 976 1462; x_wconf 90' lang='lat' dir='ltr'>quis</span> <span class='ocrx_word' id='word_1_104' title='bbox 1001 1400 1066 1447; x_wconf 92' lang='lat' dir='ltr'>sit</span> <span class='ocrx_word' id='word_1_105' title='bbox 1089 1400 1277 1447; x_wconf 86' lang='lat' dir='ltr'>laturus</span> <span class='ocrx_word' id='word_1_106' title='bbox 1302 1400 1351 1445; x_wconf 90' lang='lat' dir='ltr'>in</span> <span class='ocrx_word' id='word_1_107' title='bbox 1377 1414 1485 1446; x_wconf 85' lang='lat' dir='ltr'>aras</span> 
     </span>
    </p>
   </div>
   <div class='ocr_carea' id='block_1_12' title="bbox 209 1576 873 2796">
    <p class='ocr_par' dir='ltr' id='par_1_15' title="bbox 210 1576 871 1755">
     <span class='ocr_line' id='line_1_21' title="bbox 210 1576 870 1619; baseline 0 -11"><span class='ocrx_word' id='word_1_108' title='bbox 210 1578 288 1619; x_wconf 85' lang='lat' dir='ltr'>gari,</span> <span class='ocrx_word' id='word_1_109' title='bbox 307 1576 483 1619; x_wconf 85' lang='lat' dir='ltr'>cupidinem</span> <span class='ocrx_word' id='word_1_110' title='bbox 497 1577 598 1607; x_wconf 87' lang='lat' dir='ltr'>vertit.</span> <span class='ocrx_word' id='word_1_111' title='bbox 643 1577 712 1608; x_wconf 90' lang='lat' dir='ltr'>Hoc</span> <span class='ocrx_word' id='word_1_112' title='bbox 728 1577 798 1619; x_wconf 82' lang='lat' dir='ltr'>plus</span> <span class='ocrx_word' id='word_1_113' title='bbox 813 1584 870 1613; x_wconf 78' lang='lat' dir='ltr'>est,</span> 
     </span>
     <span class='ocr_line' id='line_1_22' title="bbox 212 1626 870 1668; baseline 0 -11"><span class='ocrx_word' id='word_1_114' title='bbox 212 1638 317 1668; x_wconf 85' lang='lat' dir='ltr'>quam,</span> <span class='ocrx_word' id='word_1_115' title='bbox 335 1627 417 1668; x_wconf 88' lang='lat' dir='ltr'>quod</span> <span class='ocrx_word' id='word_1_116' title='bbox 434 1626 486 1657; x_wconf 81' lang='lat' dir='ltr'>alii</span> <span class='ocrx_word' id='word_1_117' title='bbox 501 1626 628 1662; x_wconf 85' lang='lat' dir='ltr'>habent,</span> <span class='ocrx_word' id='word_1_118' title='bbox 642 1629 763 1664; x_wconf 75' lang='lat' dir='ltr'>utitur,-</span> <span class='ocrx_word' id='word_1_119' title='bbox 791 1626 870 1657; x_wconf 89' lang='lat' dir='ltr'>indi-</span> 
     </span>
     <span class='ocr_line' id='line_1_23' title="bbox 210 1675 871 1717; baseline 0 -11"><span class='ocrx_word' id='word_1_120' title='bbox 210 1682 262 1706; x_wconf 86' lang='lat' dir='ltr'>cat</span> <span class='ocrx_word' id='word_1_121' title='bbox 290 1675 385 1711; x_wconf 84' lang='lat' dir='ltr'>enim,</span> <span class='ocrx_word' id='word_1_122' title='bbox 413 1686 484 1706; x_wconf 92' lang='lat' dir='ltr'>eum</span> <span class='ocrx_word' id='word_1_123' title='bbox 509 1675 576 1717; x_wconf 89' lang='lat' dir='ltr'>jam</span> <span class='ocrx_word' id='word_1_124' title='bbox 610 1680 681 1705; x_wconf 87' lang='lat' dir='ltr'>ante</span> <span class='ocrx_word' id='word_1_125' title='bbox 713 1675 871 1706; x_wconf 85' lang='lat' dir='ltr'>crudelem</span> 
     </span>
     <span class='ocr_line' id='line_1_24' title="bbox 211 1724 319 1755; baseline 0.009 -1"><span class='ocrx_word' id='word_1_126' title='bbox 211 1724 319 1755; x_wconf 86' lang='lat' dir='ltr'>fuisse.</span> 
     </span>
    </p>

    <p class='ocr_par' dir='ltr' id='par_1_16' title="bbox 210 1772 873 2296">
     <span class='ocr_line' id='line_1_25' title="bbox 255 1772 872 1814; baseline -0.002 -10"><span class='ocrx_word' id='word_1_127' title='bbox 255 1774 330 1804; x_wconf 86' lang='lat'>237.</span> <span class='ocrx_word' id='word_1_128' title='bbox 354 1772 486 1812; x_wconf 63' lang='lat' dir='ltr'>Servat]</span> <span class='ocrx_word' id='word_1_129' title='bbox 514 1772 574 1803; x_wconf 92' lang='lat' dir='ltr'>Illa</span> <span class='ocrx_word' id='word_1_130' title='bbox 590 1774 726 1814; x_wconf 81' lang='lat' dir='ltr'>vestigia,</span> <span class='ocrx_word' id='word_1_131' title='bbox 742 1778 777 1803; x_wconf 89' lang='lat' dir='ltr'>ut</span> <span class='ocrx_word' id='word_1_132' title='bbox 792 1772 872 1803; x_wconf 89' lang='lat' dir='ltr'>nito-</span> 
     </span>
     <span class='ocr_line' id='line_1_26' title="bbox 212 1821 870 1864; baseline -0.002 -11"><span class='ocrx_word' id='word_1_133' title='bbox 212 1833 275 1853; x_wconf 86' lang='lat' dir='ltr'>rem</span> <span class='ocrx_word' id='word_1_134' title='bbox 299 1822 446 1864; x_wconf 87' lang='lat' dir='ltr'>Daphne,</span> <span class='ocrx_word' id='word_1_135' title='bbox 462 1833 527 1852; x_wconf 89' lang='lat' dir='ltr'>ver.</span> <span class='ocrx_word' id='word_1_136' title='bbox 544 1823 617 1853; x_wconf 84' lang='lat'>552.</span> <span class='ocrx_word' id='word_1_137' title='bbox 638 1821 773 1863; x_wconf 87' lang='lat' dir='ltr'>speciem</span> <span class='ocrx_word' id='word_1_138' title='bbox 797 1832 870 1852; x_wconf 86' lang='lat' dir='ltr'>can-</span> 
     </span>
     <span class='ocr_line' id='line_1_27' title="bbox 211 1871 871 1913; baseline 0.002 -12"><span class='ocrx_word' id='word_1_139' title='bbox 211 1871 316 1902; x_wconf 85' lang='lat' dir='ltr'>didam</span> <span class='ocrx_word' id='word_1_140' title='bbox 338 1872 384 1907; x_wconf 84' lang='lat' dir='ltr'>Io,</span> <span class='ocrx_word' id='word_1_141' title='bbox 399 1882 464 1902; x_wconf 87' lang='lat' dir='ltr'>ver.</span> <span class='ocrx_word' id='word_1_142' title='bbox 479 1872 552 1901; x_wconf 83' lang='lat'>612.</span> <span class='ocrx_word' id='word_1_143' title='bbox 599 1871 732 1901; x_wconf 75' lang='lat' dir='ltr'>Canities</span> <span class='ocrx_word' id='word_1_144' title='bbox 751 1871 871 1913; x_wconf 83' lang='lat' dir='ltr'>proprie</span> 
     </span>
     <span class='ocr_line' id='line_1_28' title="bbox 212 1919 869 1961; baseline -0.003 -10"><span class='ocrx_word' id='word_1_145' title='bbox 212 1931 272 1951; x_wconf 89' lang='lat' dir='ltr'>non</span> <span class='ocrx_word' id='word_1_146' title='bbox 289 1920 347 1950; x_wconf 89' lang='lat' dir='ltr'>nisi</span> <span class='ocrx_word' id='word_1_147' title='bbox 361 1919 536 1950; x_wconf 87' lang='lat' dir='ltr'>hominibus</span> <span class='ocrx_word' id='word_1_148' title='bbox 551 1926 582 1950; x_wconf 87' lang='lat' dir='ltr'>et</span> <span class='ocrx_word' id='word_1_149' title='bbox 603 1919 691 1961; x_wconf 87' lang='lat' dir='ltr'>equis</span> <span class='ocrx_word' id='word_1_150' title='bbox 706 1919 869 1950; x_wconf 87' lang='lat' dir='ltr'>tribuitur:</span> 
     </span>
     <span class='ocr_line' id='line_1_29' title="bbox 212 1967 871 2000; baseline -0.002 -1"><span class='ocrx_word' id='word_1_151' title='bbox 212 1969 298 2000; x_wconf 90' lang='lat' dir='ltr'>Plin.</span> <span class='ocrx_word' id='word_1_152' title='bbox 316 1970 358 1999; x_wconf 94' lang='lat' dir='ltr'>H.</span> <span class='ocrx_word' id='word_1_153' title='bbox 374 1969 416 1999; x_wconf 89' lang='lat' dir='ltr'>N.</span> <span class='ocrx_word' id='word_1_154' title='bbox 431 1968 474 1998; x_wconf 86' lang='lat' dir='ltr'>xi.</span> <span class='ocrx_word' id='word_1_155' title='bbox 491 1969 543 1998; x_wconf 87' lang='lat'>37.</span> <span class='ocrx_word' id='word_1_156' title='bbox 588 1968 650 1998; x_wconf 85' lang='lat' dir='ltr'>Sed</span> <span class='ocrx_word' id='word_1_157' title='bbox 673 1968 703 1998; x_wconf 90' lang='lat' dir='ltr'>h.</span> <span class='ocrx_word' id='word_1_158' title='bbox 719 1968 740 1998; x_wconf 89' lang='lat' dir='ltr'>l.</span> <span class='ocrx_word' id='word_1_159' title='bbox 756 1967 871 1998; x_wconf 86' lang='lat' dir='ltr'>intelli-</span> 
     </span>
     <span class='ocr_line' id='line_1_30' title="bbox 210 2017 872 2061; baseline -0.003 -12"><span class='ocrx_word' id='word_1_160' title='bbox 210 2019 292 2061; x_wconf 85' lang='lat' dir='ltr'>gitur</span> <span class='ocrx_word' id='word_1_161' title='bbox 320 2018 402 2049; x_wconf 92' lang='lat' dir='ltr'>color</span> <span class='ocrx_word' id='word_1_162' title='bbox 430 2017 580 2054; x_wconf 83' lang='lat' dir='ltr'>cinereus,</span> <span class='ocrx_word' id='word_1_163' title='bbox 608 2028 701 2059; x_wconf 89' lang='lat' dir='ltr'>quem</span> <span class='ocrx_word' id='word_1_164' title='bbox 736 2017 872 2048; x_wconf 87' lang='lat' dir='ltr'>referunt</span> 
     </span>
     <span class='ocr_line' id='line_1_31' title="bbox 210 2066 873 2109; baseline -0.002 -11"><span class='ocrx_word' id='word_1_165' title='bbox 210 2068 278 2099; x_wconf 91' lang='lat' dir='ltr'>villi</span> <span class='ocrx_word' id='word_1_166' title='bbox 308 2068 418 2109; x_wconf 90' lang='lat' dir='ltr'>lupini.</span> <span class='ocrx_word' id='word_1_167' title='bbox 465 2067 548 2098; x_wconf 92' lang='lat' dir='ltr'>Hinc</span> <span class='ocrx_word' id='word_1_168' title='bbox 577 2068 685 2098; x_wconf 87' lang='grc' dir='ltr'>πολιοὶ</span> <span class='ocrx_word' id='word_1_169' title='bbox 713 2066 815 2102; x_wconf 82' lang='grc' dir='ltr'>λύκοι,</span> <span class='ocrx_word' id='word_1_170' title='bbox 839 2073 873 2097; x_wconf 93' lang='lat' dir='ltr'>ut</span> 
     </span>
     <span class='ocr_line' id='line_1_32' title="bbox 211 2115 872 2159; baseline -0.005 -11"><span class='ocrx_word' id='word_1_171' title='bbox 211 2117 294 2159; x_wconf 89' lang='lat' dir='ltr'>apud</span> <span class='ocrx_word' id='word_1_172' title='bbox 322 2117 449 2147; x_wconf 88' lang='lat' dir='ltr'>Homer.</span> <span class='ocrx_word' id='word_1_173' title='bbox 472 2116 510 2146; x_wconf 83' lang='lat'>11.</span> <span class='ocrx_word' id='word_1_174' title='bbox 537 2127 565 2146; x_wconf 89' lang='grc' dir='ltr'>κ.</span> <span class='ocrx_word' id='word_1_175' title='bbox 592 2117 666 2146; x_wconf 82' lang='lat'>334.</span> <span class='ocrx_word' id='word_1_176' title='bbox 691 2115 744 2145; x_wconf 88' lang='lat' dir='ltr'>ubi</span> <span class='ocrx_word' id='word_1_177' title='bbox 768 2115 872 2145; x_wconf 83' lang='lat' dir='ltr'>Scliol.</span> 
     </span>
     <span class='ocr_line' id='line_1_33' title="bbox 213 2163 872 2207; baseline -0.005 -9"><span class='ocrx_word' id='word_1_178' title='bbox 213 2167 328 2203; x_wconf 78' lang='grc' dir='ltr'>πολιὸς</span> <span class='ocrx_word' id='word_1_179' title='bbox 356 2166 575 2207; x_wconf 81' lang='lat' dir='ltr'>interpretatur</span> <span class='ocrx_word' id='word_1_180' title='bbox 602 2163 775 2206; x_wconf 76' lang='grc' dir='ltr'>τεφρώὂης,</span> <span class='ocrx_word' id='word_1_181' title='bbox 800 2164 821 2195; x_wconf 85' lang='lat' dir='ltr'>i.</span> <span class='ocrx_word' id='word_1_182' title='bbox 845 2176 872 2195; x_wconf 93' lang='lat' dir='ltr'>e.</span> 
     </span>
     <span class='ocr_line' id='line_1_34' title="bbox 210 2213 872 2256; baseline -0.005 -9"><span class='ocrx_word' id='word_1_183' title='bbox 210 2216 362 2247; x_wconf 86' lang='lat' dir='ltr'>cinereus.</span> <span class='ocrx_word' id='word_1_184' title='bbox 394 2216 482 2245; x_wconf 80' lang='lat' dir='ltr'>Oculi</span> <span class='ocrx_word' id='word_1_185' title='bbox 498 2214 563 2256; x_wconf 90' lang='lat' dir='ltr'>lupi</span> <span class='ocrx_word' id='word_1_186' title='bbox 579 2216 673 2245; x_wconf 87' lang='lat' dir='ltr'>etiam</span> <span class='ocrx_word' id='word_1_187' title='bbox 689 2213 720 2244; x_wconf 88' lang='lat' dir='ltr'>in</span> <span class='ocrx_word' id='word_1_188' title='bbox 737 2214 872 2244; x_wconf 85' lang='lat' dir='ltr'>tenebris</span> 
     </span>
     <span class='ocr_line' id='line_1_35' title="bbox 211 2267 323 2296; baseline -0.009 0"><span class='ocrx_word' id='word_1_189' title='bbox 211 2267 323 2296; x_wconf 76' lang='lat' dir='ltr'>lucent.</span> 
     </span>
    </p>

    <p class='ocr_par' dir='ltr' id='par_1_17' title="bbox 209 2312 872 2747">
     <span class='ocr_line' id='line_1_36' title="bbox 253 2312 870 2354; baseline -0.002 -10"><span class='ocrx_word' id='word_1_190' title='bbox 253 2315 326 2344; x_wconf 81' lang='lat'>241.</span> <span class='ocrx_word' id='word_1_191' title='bbox 352 2313 430 2344; x_wconf 81' lang='lat' dir='ltr'>Fera</span> <span class='ocrx_word' id='word_1_192' title='bbox 445 2319 551 2354; x_wconf 75' lang='lat' dir='ltr'>regnat</span> <span class='ocrx_word' id='word_1_193' title='bbox 570 2313 735 2353; x_wconf 63' lang='lat' dir='ltr'>Erinnys]</span> <span class='ocrx_word' id='word_1_194' title='bbox 762 2312 870 2343; x_wconf 87' lang='lat' dir='ltr'>Homi-</span> 
     </span>
     <span class='ocr_line' id='line_1_37' title="bbox 211 2362 871 2404; baseline -0.003 -10"><span class='ocrx_word' id='word_1_195' title='bbox 211 2374 266 2394; x_wconf 89' lang='lat' dir='ltr'>nes</span> <span class='ocrx_word' id='word_1_196' title='bbox 295 2363 400 2394; x_wconf 85' lang='lat' dir='ltr'>furunt</span> <span class='ocrx_word' id='word_1_197' title='bbox 428 2363 597 2404; x_wconf 79' lang='lat' dir='ltr'>impietate.</span> <span class='ocrx_word' id='word_1_198' title='bbox 656 2362 755 2393; x_wconf 86' lang='lat' dir='ltr'>Furiae</span> <span class='ocrx_word' id='word_1_199' title='bbox 789 2362 871 2392; x_wconf 90' lang='lat' dir='ltr'>enim</span> 
     </span>
     <span class='ocr_line' id='line_1_38' title="bbox 211 2411 872 2444; baseline -0.003 -1"><span class='ocrx_word' id='word_1_200' title='bbox 211 2413 352 2444; x_wconf 83' lang='lat' dir='ltr'>homines</span> <span class='ocrx_word' id='word_1_201' title='bbox 365 2413 396 2442; x_wconf 92' lang='lat' dir='ltr'>in</span> <span class='ocrx_word' id='word_1_202' title='bbox 411 2412 544 2442; x_wconf 87' lang='lat' dir='ltr'>furorem</span> <span class='ocrx_word' id='word_1_203' title='bbox 560 2418 591 2442; x_wconf 87' lang='lat' dir='ltr'>et</span> <span class='ocrx_word' id='word_1_204' title='bbox 605 2412 636 2441; x_wconf 92' lang='lat' dir='ltr'>in</span> <span class='ocrx_word' id='word_1_205' title='bbox 654 2411 773 2442; x_wconf 85' lang='lat' dir='ltr'>scelera</span> <span class='ocrx_word' id='word_1_206' title='bbox 787 2422 872 2442; x_wconf 93' lang='lat' dir='ltr'>com-</span> 
     </span>
     <span class='ocr_line' id='line_1_39' title="bbox 209 2460 872 2504; baseline 0 -12"><span class='ocrx_word' id='word_1_207' title='bbox 209 2462 344 2504; x_wconf 86' lang='lat' dir='ltr'>pellunt.</span> <span class='ocrx_word' id='word_1_208' title='bbox 383 2461 516 2501; x_wconf 76' lang='lat' dir='ltr'>Erinnys</span> <span class='ocrx_word' id='word_1_209' title='bbox 541 2460 610 2492; x_wconf 85' lang='grc' dir='ltr'>α’πὸ</span> <span class='ocrx_word' id='word_1_210' title='bbox 625 2462 681 2491; x_wconf 85' lang='grc' dir='ltr'>τοῦ</span> <span class='ocrx_word' id='word_1_211' title='bbox 702 2460 872 2502; x_wconf 77' lang='grc' dir='ltr'>ἐρινιιὺειν,</span> 
     </span>
     <span class='ocr_line' id='line_1_40' title="bbox 213 2509 868 2551; baseline -0.003 -9"><span class='ocrx_word' id='word_1_212' title='bbox 213 2513 253 2542; x_wconf 87' lang='lat' dir='ltr'>ab</span> <span class='ocrx_word' id='word_1_213' title='bbox 278 2510 451 2547; x_wconf 82' lang='lat' dir='ltr'>irascendo,</span> <span class='ocrx_word' id='word_1_214' title='bbox 474 2510 577 2540; x_wconf 85' lang='lat' dir='ltr'>dicta:</span> <span class='ocrx_word' id='word_1_215' title='bbox 605 2510 739 2540; x_wconf 85' lang='lat' dir='ltr'>Pausan.</span> <span class='ocrx_word' id='word_1_216' title='bbox 755 2509 818 2540; x_wconf 88' lang='lat' dir='ltr'>viii.</span> <span class='ocrx_word' id='word_1_217' title='bbox 838 2521 868 2551; x_wconf 89' lang='lat' dir='ltr'>p.</span> 
     </span>
     <span class='ocr_line' id='line_1_41' title="bbox 210 2559 870 2601; baseline -0.003 -9"><span class='ocrx_word' id='word_1_218' title='bbox 210 2562 284 2592; x_wconf 83' lang='lat'>649.</span> <span class='ocrx_word' id='word_1_219' title='bbox 309 2561 386 2590; x_wconf 73' lang='lat' dir='ltr'>Ferat</span> <span class='ocrx_word' id='word_1_220' title='bbox 398 2566 504 2601; x_wconf 82' lang='lat' dir='ltr'>regnat</span> <span class='ocrx_word' id='word_1_221' title='bbox 520 2559 662 2600; x_wconf 76' lang='lat' dir='ltr'>Erinnys.</span> <span class='ocrx_word' id='word_1_222' title='bbox 689 2560 788 2589; x_wconf 88' lang='lat' dir='ltr'>Plena</span> <span class='ocrx_word' id='word_1_223' title='bbox 798 2565 870 2590; x_wconf 87' lang='lat' dir='ltr'>sunt</span> 
     </span>
     <span class='ocr_line' id='line_1_42' title="bbox 209 2607 869 2649; baseline -0.002 -9"><span class='ocrx_word' id='word_1_224' title='bbox 209 2609 313 2640; x_wconf 90' lang='lat' dir='ltr'>omnia</span> <span class='ocrx_word' id='word_1_225' title='bbox 328 2609 492 2639; x_wconf 88' lang='lat' dir='ltr'>scelerum.</span> <span class='ocrx_word' id='word_1_226' title='bbox 523 2609 573 2639; x_wconf 90' lang='lat' dir='ltr'>De</span> <span class='ocrx_word' id='word_1_227' title='bbox 586 2607 763 2649; x_wconf 83' lang='lat' dir='ltr'>Erinnybus</span> <span class='ocrx_word' id='word_1_228' title='bbox 780 2608 869 2639; x_wconf 83' lang='lat' dir='ltr'>Fusc.</span> 
     </span>
     <span class='ocr_line' id='line_1_43' title="bbox 211 2657 871 2698; baseline -0.002 -9"><span class='ocrx_word' id='word_1_229' title='bbox 211 2658 346 2694; x_wconf 87' lang='lat' dir='ltr'>Natalis,</span> <span class='ocrx_word' id='word_1_230' title='bbox 362 2657 418 2688; x_wconf 87' lang='lat' dir='ltr'>lib.</span> <span class='ocrx_word' id='word_1_231' title='bbox 435 2657 480 2688; x_wconf 87' lang='lat' dir='ltr'>iii.</span> <span class='ocrx_word' id='word_1_232' title='bbox 495 2668 563 2698; x_wconf 81' lang='lat' dir='ltr'>cap.</span> <span class='ocrx_word' id='word_1_233' title='bbox 580 2668 609 2688; x_wconf 90' lang='lat' dir='ltr'>x.</span> <span class='ocrx_word' id='word_1_234' title='bbox 649 2657 776 2688; x_wconf 83' lang='lat' dir='ltr'>Eaedem</span> <span class='ocrx_word' id='word_1_235' title='bbox 800 2664 871 2688; x_wconf 87' lang='lat' dir='ltr'>sunt</span> 
     </span>
     <span class='ocr_line' id='line_1_44' title="bbox 211 2707 713 2747; baseline 0.002 -11"><span class='ocrx_word' id='word_1_236' title='bbox 211 2708 238 2737; x_wconf 84' lang='lat' dir='ltr'><strong><em>F</em></strong></span> <span class='ocrx_word' id='word_1_237' title='bbox 240 2709 325 2743; x_wconf 75' lang='lat' dir='ltr'>uriae,</span> <span class='ocrx_word' id='word_1_238' title='bbox 345 2707 533 2742; x_wconf 82' lang='lat' dir='ltr'>Eumenides,</span> <span class='ocrx_word' id='word_1_239' title='bbox 551 2707 713 2747; x_wconf 75' lang='lat' dir='ltr'>Erinnyes.</span> 
     </span>
    </p>

    <p class='ocr_par' dir='ltr' id='par_1_18' title="bbox 255 2755 868 2796">
     <span class='ocr_line' id='line_1_45' title="bbox 255 2755 868 2796; baseline 0 -10"><span class='ocrx_word' id='word_1_240' title='bbox 255 2757 328 2786; x_wconf 77' lang='lat'>243.</span> <span class='ocrx_word' id='word_1_241' title='bbox 356 2756 424 2786; x_wconf 79' lang='lat' dir='ltr'>Stat</span> <span class='ocrx_word' id='word_1_242' title='bbox 444 2755 617 2796; x_wconf 62' lang='lat' dir='ltr'>sementim]</span> <span class='ocrx_word' id='word_1_243' title='bbox 642 2757 736 2787; x_wconf 85' lang='lat' dir='ltr'>Certo</span> <span class='ocrx_word' id='word_1_244' title='bbox 762 2755 868 2786; x_wconf 86' lang='lat' dir='ltr'>decre-</span> 
     </span>
    </p>
   </div>
   <div class='ocr_carea' id='block_1_13' title="bbox 929 1574 1603 2797">
    <p class='ocr_par' dir='ltr' id='par_1_19' title="bbox 938 1574 1601 1668">
     <span class='ocr_line' id='line_1_46' title="bbox 939 1574 1601 1619; baseline -0.008 -10"><span class='ocrx_word' id='word_1_245' title='bbox 939 1583 1004 1609; x_wconf 89' lang='lat' dir='ltr'>tum</span> <span class='ocrx_word' id='word_1_246' title='bbox 1034 1583 1091 1608; x_wconf 87' lang='lat' dir='ltr'>est.</span> <span class='ocrx_word' id='word_1_247' title='bbox 1136 1576 1230 1619; x_wconf 89' lang='lat' dir='ltr'>Apud</span> <span class='ocrx_word' id='word_1_248' title='bbox 1256 1576 1345 1617; x_wconf 68' lang='lat' dir='ltr'>Virg.</span> <span class='ocrx_word' id='word_1_249' title='bbox 1373 1576 1448 1606; x_wconf 80' lang='lat' dir='ltr'>AEn.</span> <span class='ocrx_word' id='word_1_250' title='bbox 1474 1574 1498 1604; x_wconf 86' lang='lat' dir='ltr'>i.</span> <span class='ocrx_word' id='word_1_251' title='bbox 1526 1575 1601 1605; x_wconf 77' lang='lat'>582.</span> 
     </span>
     <span class='ocr_line' id='line_1_47' title="bbox 938 1626 1450 1668; baseline -0.004 -11"><span class='ocrx_word' id='word_1_252' title='bbox 938 1626 1047 1657; x_wconf 86' lang='lat' dir='ltr'>eodem</span> <span class='ocrx_word' id='word_1_253' title='bbox 1063 1632 1160 1668; x_wconf 90' lang='lat' dir='ltr'>tropo,</span> <span class='ocrx_word' id='word_1_254' title='bbox 1176 1629 1274 1667; x_wconf 76' lang='lat' dir='ltr'>surgit</span> <span class='ocrx_word' id='word_1_255' title='bbox 1292 1627 1450 1656; x_wconf 78' lang='lat' dir='ltr'>sententia.</span> 
     </span>
    </p>

    <p class='ocr_par' dir='ltr' id='par_1_20' title="bbox 929 1674 1603 2739">
     <span class='ocr_line' id='line_1_48' title="bbox 982 1674 1600 1711; baseline -0.003 -5"><span class='ocrx_word' id='word_1_256' title='bbox 982 1676 1056 1706; x_wconf 77' lang='lat'>244.</span> <span class='ocrx_word' id='word_1_257' title='bbox 1087 1676 1274 1711; x_wconf 78' lang='lat' dir='ltr'>Pars—alii,</span> <span class='ocrx_word' id='word_1_258' title='bbox 1298 1675 1393 1706; x_wconf 87' lang='lat' dir='ltr'>etiam</span> <span class='ocrx_word' id='word_1_259' title='bbox 1408 1674 1517 1705; x_wconf 86' lang='lat' dir='ltr'>solutae</span> <span class='ocrx_word' id='word_1_260' title='bbox 1533 1683 1600 1704; x_wconf 86' lang='lat' dir='ltr'>ora-</span> 
     </span>
     <span class='ocr_line' id='line_1_49' title="bbox 939 1723 1601 1767; baseline -0.003 -12"><span class='ocrx_word' id='word_1_261' title='bbox 939 1725 1030 1756; x_wconf 87' lang='lat' dir='ltr'>tionis</span> <span class='ocrx_word' id='word_1_262' title='bbox 1060 1726 1222 1767; x_wconf 85' lang='lat' dir='ltr'>scriptores</span> <span class='ocrx_word' id='word_1_263' title='bbox 1248 1730 1369 1755; x_wconf 84' lang='lat' dir='ltr'>amant:</span> <span class='ocrx_word' id='word_1_264' title='bbox 1404 1723 1475 1755; x_wconf 85' lang='lat' dir='ltr'>vide</span> <span class='ocrx_word' id='word_1_265' title='bbox 1512 1724 1601 1754; x_wconf 76' lang='lat' dir='ltr'>Cort.</span> 
     </span>
     <span class='ocr_line' id='line_1_50' title="bbox 940 1772 1599 1810; baseline -0.005 -5"><span class='ocrx_word' id='word_1_266' title='bbox 940 1774 979 1805; x_wconf 90' lang='lat' dir='ltr'>ad</span> <span class='ocrx_word' id='word_1_267' title='bbox 994 1775 1122 1805; x_wconf 85' lang='lat' dir='ltr'>Sallust.</span> <span class='ocrx_word' id='word_1_268' title='bbox 1135 1774 1229 1805; x_wconf 89' lang='lat' dir='ltr'>Catil.</span> <span class='ocrx_word' id='word_1_269' title='bbox 1239 1774 1285 1804; x_wconf 81' lang='lat'>11.</span> <span class='ocrx_word' id='word_1_270' title='bbox 1298 1774 1319 1804; x_wconf 90' lang='lat' dir='ltr'>i.</span> <span class='ocrx_word' id='word_1_271' title='bbox 1352 1773 1434 1809; x_wconf 78' lang='lat' dir='ltr'>Voce,</span> <span class='ocrx_word' id='word_1_272' title='bbox 1445 1772 1599 1810; x_wconf 84' lang='lat' dir='ltr'>oratione;</span> 
     </span>
     <span class='ocr_line' id='line_1_51' title="bbox 940 1821 1600 1854; baseline -0.005 0"><span class='ocrx_word' id='word_1_273' title='bbox 940 1824 992 1854; x_wconf 84' lang='lat' dir='ltr'>alii</span> <span class='ocrx_word' id='word_1_274' title='bbox 1004 1829 1112 1854; x_wconf 89' lang='lat' dir='ltr'>contra</span> <span class='ocrx_word' id='word_1_275' title='bbox 1125 1823 1294 1854; x_wconf 83' lang='lat' dir='ltr'>orationem</span> <span class='ocrx_word' id='word_1_276' title='bbox 1306 1821 1493 1853; x_wconf 87' lang='lat' dir='ltr'>habentibus</span> <span class='ocrx_word' id='word_1_277' title='bbox 1502 1832 1600 1852; x_wconf 82' lang='lat' dir='ltr'>assen-</span> 
     </span>
     <span class='ocr_line' id='line_1_52' title="bbox 940 1871 1600 1909; baseline -0.003 -6"><span class='ocrx_word' id='word_1_278' title='bbox 940 1875 1072 1909; x_wconf 78' lang='lat' dir='ltr'>tiuntur,</span> <span class='ocrx_word' id='word_1_279' title='bbox 1088 1879 1123 1904; x_wconf 89' lang='lat' dir='ltr'>ut</span> <span class='ocrx_word' id='word_1_280' title='bbox 1137 1873 1203 1904; x_wconf 86' lang='lat' dir='ltr'>fieri</span> <span class='ocrx_word' id='word_1_281' title='bbox 1222 1873 1342 1903; x_wconf 79' lang='lat' dir='ltr'>solebat</span> <span class='ocrx_word' id='word_1_282' title='bbox 1356 1872 1388 1902; x_wconf 90' lang='lat' dir='ltr'>in</span> <span class='ocrx_word' id='word_1_283' title='bbox 1408 1877 1517 1903; x_wconf 86' lang='lat' dir='ltr'>senatu</span> <span class='ocrx_word' id='word_1_284' title='bbox 1533 1871 1600 1902; x_wconf 86' lang='lat' dir='ltr'>Ro-</span> 
     </span>
     <span class='ocr_line' id='line_1_53' title="bbox 939 1919 1598 1964; baseline -0.005 -11"><span class='ocrx_word' id='word_1_285' title='bbox 939 1933 1041 1958; x_wconf 87' lang='lat' dir='ltr'>man0,</span> <span class='ocrx_word' id='word_1_286' title='bbox 1058 1922 1110 1953; x_wconf 93' lang='lat' dir='ltr'>ubi</span> <span class='ocrx_word' id='word_1_287' title='bbox 1132 1922 1243 1964; x_wconf 84' lang='lat' dir='ltr'>triplex</span> <span class='ocrx_word' id='word_1_288' title='bbox 1269 1920 1458 1952; x_wconf 83' lang='lat' dir='ltr'>assentiendi</span> <span class='ocrx_word' id='word_1_289' title='bbox 1477 1919 1598 1956; x_wconf 89' lang='lat' dir='ltr'>modus,</span> 
     </span>
     <span class='ocr_line' id='line_1_54' title="bbox 939 1968 1600 2011; baseline -0.005 -9"><span class='ocrx_word' id='word_1_290' title='bbox 939 1971 1053 2007; x_wconf 89' lang='lat' dir='ltr'>verbis,</span> <span class='ocrx_word' id='word_1_291' title='bbox 1067 1978 1143 2002; x_wconf 86' lang='lat' dir='ltr'>nutu</span> <span class='ocrx_word' id='word_1_292' title='bbox 1156 1977 1187 2002; x_wconf 89' lang='lat' dir='ltr'>et</span> <span class='ocrx_word' id='word_1_293' title='bbox 1199 1971 1324 2001; x_wconf 84' lang='lat' dir='ltr'>sublata</span> <span class='ocrx_word' id='word_1_294' title='bbox 1334 1981 1438 2005; x_wconf 90' lang='lat' dir='ltr'>manu,</span> <span class='ocrx_word' id='word_1_295' title='bbox 1450 1968 1600 2011; x_wconf 87' lang='lat' dir='ltr'>pedibus:</span> 
     </span>
     <span class='ocr_line' id='line_1_55' title="bbox 940 2018 1600 2052; baseline -0.006 -1"><span class='ocrx_word' id='word_1_296' title='bbox 940 2020 1010 2051; x_wconf 89' lang='lat' dir='ltr'>vide</span> <span class='ocrx_word' id='word_1_297' title='bbox 1041 2021 1128 2052; x_wconf 86' lang='lat' dir='ltr'>Cort.</span> <span class='ocrx_word' id='word_1_298' title='bbox 1159 2019 1198 2050; x_wconf 90' lang='lat' dir='ltr'>ad</span> <span class='ocrx_word' id='word_1_299' title='bbox 1224 2020 1351 2050; x_wconf 81' lang='lat' dir='ltr'>Sallust.</span> <span class='ocrx_word' id='word_1_300' title='bbox 1377 2018 1472 2050; x_wconf 87' lang='lat' dir='ltr'>Catil.</span> <span class='ocrx_word' id='word_1_301' title='bbox 1501 2019 1538 2048; x_wconf 91' lang='lat' dir='ltr'>L.</span> <span class='ocrx_word' id='word_1_302' title='bbox 1569 2018 1600 2048; x_wconf 85' lang='lat'>4.</span> 
     </span>
     <span class='ocr_line' id='line_1_56' title="bbox 940 2067 1603 2109; baseline -0.003 -10"><span class='ocrx_word' id='word_1_303' title='bbox 940 2070 1080 2099; x_wconf 79' lang='lat' dir='ltr'>Stimulos</span> <span class='ocrx_word' id='word_1_304' title='bbox 1094 2071 1234 2109; x_wconf 82' lang='lat' dir='ltr'>adjicere,</span> <span class='ocrx_word' id='word_1_305' title='bbox 1249 2067 1348 2109; x_wconf 83' lang='lat' dir='ltr'>magis</span> <span class='ocrx_word' id='word_1_306' title='bbox 1362 2067 1456 2098; x_wconf 87' lang='lat' dir='ltr'>etiam</span> <span class='ocrx_word' id='word_1_307' title='bbox 1471 2067 1603 2103; x_wconf 82' lang='lat' dir='ltr'>irritare,</span> 
     </span>
     <span class='ocr_line' id='line_1_57' title="bbox 939 2117 1600 2160; baseline -0.003 -12"><span class='ocrx_word' id='word_1_308' title='bbox 939 2119 1120 2160; x_wconf 83' lang='lat' dir='ltr'>metaphora</span> <span class='ocrx_word' id='word_1_309' title='bbox 1135 2129 1152 2148; x_wconf 90' lang='lat' dir='ltr'>a</span> <span class='ocrx_word' id='word_1_310' title='bbox 1167 2119 1269 2149; x_wconf 83' lang='lat' dir='ltr'>bubus</span> <span class='ocrx_word' id='word_1_311' title='bbox 1285 2118 1391 2148; x_wconf 83' lang='lat' dir='ltr'>ducta.</span> <span class='ocrx_word' id='word_1_312' title='bbox 1437 2117 1552 2147; x_wconf 82' lang='lat' dir='ltr'>Furere</span> <span class='ocrx_word' id='word_1_313' title='bbox 1568 2123 1600 2147; x_wconf 88' lang='lat' dir='ltr'>et</span> 
     </span>
     <span class='ocr_line' id='line_1_58' title="bbox 929 2166 1598 2209; baseline -0.003 -11"><span class='ocrx_word' id='word_1_314' title='bbox 929 2167 1027 2209; x_wconf 78' lang='lat' dir='ltr'>furor</span> <span class='ocrx_word' id='word_1_315' title='bbox 1054 2167 1176 2209; x_wconf 90' lang='lat' dir='ltr'>proprie</span> <span class='ocrx_word' id='word_1_316' title='bbox 1202 2167 1241 2198; x_wconf 92' lang='lat' dir='ltr'>de</span> <span class='ocrx_word' id='word_1_317' title='bbox 1265 2167 1367 2198; x_wconf 86' lang='lat' dir='ltr'>iratis:</span> <span class='ocrx_word' id='word_1_318' title='bbox 1392 2166 1462 2197; x_wconf 89' lang='lat' dir='ltr'>vide</span> <span class='ocrx_word' id='word_1_319' title='bbox 1490 2167 1598 2197; x_wconf 88' lang='lat' dir='ltr'>Burm.</span> 
     </span>
     <span class='ocr_line' id='line_1_59' title="bbox 939 2215 1595 2253; baseline 0 -6"><span class='ocrx_word' id='word_1_320' title='bbox 939 2217 1000 2247; x_wconf 82' lang='lat' dir='ltr'>Sed</span> <span class='ocrx_word' id='word_1_321' title='bbox 1030 2227 1085 2248; x_wconf 89' lang='lat' dir='ltr'>nec</span> <span class='ocrx_word' id='word_1_322' title='bbox 1115 2217 1170 2247; x_wconf 89' lang='lat' dir='ltr'>illa</span> <span class='ocrx_word' id='word_1_323' title='bbox 1195 2217 1336 2253; x_wconf 87' lang='lat' dir='ltr'>irritatio,</span> <span class='ocrx_word' id='word_1_324' title='bbox 1366 2227 1423 2246; x_wconf 84' lang='lat' dir='ltr'>nec</span> <span class='ocrx_word' id='word_1_325' title='bbox 1453 2215 1595 2249; x_wconf 86' lang='lat' dir='ltr'>formula.</span> 
     </span>
     <span class='ocr_line' id='line_1_60' title="bbox 939 2264 1599 2308; baseline 0 -12"><span class='ocrx_word' id='word_1_326' title='bbox 939 2276 1003 2306; x_wconf 84' lang='lat' dir='ltr'>qua</span> <span class='ocrx_word' id='word_1_327' title='bbox 1025 2277 1170 2308; x_wconf 84' lang='lat' dir='ltr'>expressa</span> <span class='ocrx_word' id='word_1_328' title='bbox 1192 2272 1249 2302; x_wconf 89' lang='lat' dir='ltr'>est,</span> <span class='ocrx_word' id='word_1_329' title='bbox 1266 2266 1340 2296; x_wconf 81' lang='lat' dir='ltr'>satis</span> <span class='ocrx_word' id='word_1_330' title='bbox 1360 2265 1455 2307; x_wconf 82' lang='lat' dir='ltr'>digna</span> <span class='ocrx_word' id='word_1_331' title='bbox 1475 2264 1599 2296; x_wconf 87' lang='lat' dir='ltr'>videtur</span> 
     </span>
     <span class='ocr_line' id='line_1_61' title="bbox 938 2314 1597 2357; baseline -0.002 -12"><span class='ocrx_word' id='word_1_332' title='bbox 938 2315 1024 2345; x_wconf 86' lang='lat' dir='ltr'>Jovis</span> <span class='ocrx_word' id='word_1_333' title='bbox 1044 2316 1218 2357; x_wconf 83' lang='lat' dir='ltr'>majestate.</span> <span class='ocrx_word' id='word_1_334' title='bbox 1265 2316 1372 2346; x_wconf 81' lang='lat' dir='ltr'>Partes</span> <span class='ocrx_word' id='word_1_335' title='bbox 1391 2316 1525 2354; x_wconf 79' lang='lat' dir='ltr'>implent,</span> <span class='ocrx_word' id='word_1_336' title='bbox 1541 2314 1597 2345; x_wconf 89' lang='lat' dir='ltr'>ad-</span> 
     </span>
     <span class='ocr_line' id='line_1_62' title="bbox 939 2363 1596 2406; baseline -0.002 -12"><span class='ocrx_word' id='word_1_337' title='bbox 939 2363 1018 2394; x_wconf 89' lang='lat' dir='ltr'>dunt</span> <span class='ocrx_word' id='word_1_338' title='bbox 1047 2375 1079 2395; x_wconf 87' lang='lat' dir='ltr'>se</span> <span class='ocrx_word' id='word_1_339' title='bbox 1108 2365 1247 2406; x_wconf 81' lang='lat' dir='ltr'>partibus</span> <span class='ocrx_word' id='word_1_340' title='bbox 1274 2364 1341 2406; x_wconf 82' lang='lat' dir='ltr'>ejus</span> <span class='ocrx_word' id='word_1_341' title='bbox 1367 2364 1500 2395; x_wconf 86' lang='lat' dir='ltr'>adsensu</span> <span class='ocrx_word' id='word_1_342' title='bbox 1530 2374 1596 2394; x_wconf 88' lang='lat' dir='ltr'>suo.</span> 
     </span>
     <span class='ocr_line' id='line_1_63' title="bbox 939 2412 1595 2455; baseline 0 -12"><span class='ocrx_word' id='word_1_343' title='bbox 939 2413 1011 2448; x_wconf 89' lang='lat' dir='ltr'>Sed,</span> <span class='ocrx_word' id='word_1_344' title='bbox 1027 2418 1061 2444; x_wconf 91' lang='lat' dir='ltr'>ut</span> <span class='ocrx_word' id='word_1_345' title='bbox 1077 2413 1120 2450; x_wconf 81' lang='lat' dir='ltr'>fit,</span> <span class='ocrx_word' id='word_1_346' title='bbox 1131 2419 1227 2444; x_wconf 83' lang='lat' dir='ltr'>restat</span> <span class='ocrx_word' id='word_1_347' title='bbox 1241 2413 1414 2455; x_wconf 89' lang='lat' dir='ltr'>scrupulus,</span> <span class='ocrx_word' id='word_1_348' title='bbox 1431 2423 1524 2454; x_wconf 91' lang='lat' dir='ltr'>quem</span> <span class='ocrx_word' id='word_1_349' title='bbox 1537 2412 1595 2443; x_wconf 86' lang='lat' dir='ltr'>sibi</span> 
     </span>
     <span class='ocr_line' id='line_1_64' title="bbox 940 2462 1596 2504; baseline -0.002 -12"><span class='ocrx_word' id='word_1_350' title='bbox 940 2462 1138 2493; x_wconf 87' lang='lat' dir='ltr'>eximendum</span> <span class='ocrx_word' id='word_1_351' title='bbox 1153 2462 1224 2494; x_wconf 89' lang='lat' dir='ltr'>Jovi</span> <span class='ocrx_word' id='word_1_352' title='bbox 1243 2468 1428 2504; x_wconf 88' lang='lat' dir='ltr'>proponunt.</span> <span class='ocrx_word' id='word_1_353' title='bbox 1474 2462 1528 2492; x_wconf 79' lang='lat' dir='ltr'>Est</span> <span class='ocrx_word' id='word_1_354' title='bbox 1551 2468 1596 2492; x_wconf 88' lang='lat' dir='ltr'>ta-</span> 
     </span>
     <span class='ocr_line' id='line_1_65' title="bbox 936 2510 1596 2553; baseline 0 -13"><span class='ocrx_word' id='word_1_355' title='bbox 936 2522 999 2541; x_wconf 81' lang='lat' dir='ltr'>men</span> <span class='ocrx_word' id='word_1_356' title='bbox 1023 2512 1146 2541; x_wconf 77' lang='lat' dir='ltr'>humani</span> <span class='ocrx_word' id='word_1_357' title='bbox 1168 2513 1284 2553; x_wconf 79' lang='lat' dir='ltr'>generis</span> <span class='ocrx_word' id='word_1_358' title='bbox 1296 2513 1437 2551; x_wconf 77' lang='lat' dir='ltr'>jactura.</span> <span class='ocrx_word' id='word_1_359' title='bbox 1482 2510 1596 2541; x_wconf 86' lang='lat' dir='ltr'>Scribit</span> 
     </span>
     <span class='ocr_line' id='line_1_66' title="bbox 936 2559 1595 2601; baseline -0.003 -10"><span class='ocrx_word' id='word_1_360' title='bbox 936 2560 1028 2591; x_wconf 91' lang='lat' dir='ltr'>Plato</span> <span class='ocrx_word' id='word_1_361' title='bbox 1043 2560 1145 2590; x_wconf 89' lang='lat' dir='ltr'>omnia</span> <span class='ocrx_word' id='word_1_362' title='bbox 1167 2559 1324 2591; x_wconf 88' lang='lat' dir='ltr'>hominum</span> <span class='ocrx_word' id='word_1_363' title='bbox 1341 2570 1435 2590; x_wconf 82' lang='lat' dir='ltr'>causa</span> <span class='ocrx_word' id='word_1_364' title='bbox 1452 2569 1595 2601; x_wconf 85' lang='lat' dir='ltr'>procrea-</span> 
     </span>
     <span class='ocr_line' id='line_1_67' title="bbox 938 2607 1595 2651; baseline -0.002 -12"><span class='ocrx_word' id='word_1_365' title='bbox 938 2614 986 2647; x_wconf 82' lang='lat' dir='ltr'>ta3</span> <span class='ocrx_word' id='word_1_366' title='bbox 1011 2608 1150 2640; x_wconf 86' lang='lat' dir='ltr'>homines</span> <span class='ocrx_word' id='word_1_367' title='bbox 1171 2615 1294 2651; x_wconf 85' lang='lat' dir='ltr'>propter</span> <span class='ocrx_word' id='word_1_368' title='bbox 1311 2609 1405 2644; x_wconf 78' lang='lat' dir='ltr'>Deos,</span> <span class='ocrx_word' id='word_1_369' title='bbox 1421 2614 1456 2638; x_wconf 82' lang='lat' dir='ltr'>ut</span> <span class='ocrx_word' id='word_1_370' title='bbox 1472 2607 1501 2638; x_wconf 88' lang='lat' dir='ltr'>hi</span> <span class='ocrx_word' id='word_1_371' title='bbox 1523 2618 1595 2649; x_wconf 87' lang='lat' dir='ltr'>cog-</span> 
     </span>
     <span class='ocr_line' id='line_1_68' title="bbox 937 2658 1595 2700; baseline 0 -11"><span class='ocrx_word' id='word_1_372' title='bbox 937 2665 1114 2695; x_wconf 84' lang='lat' dir='ltr'>noscantur,</span> <span class='ocrx_word' id='word_1_373' title='bbox 1131 2660 1170 2689; x_wconf 87' lang='lat' dir='ltr'>ab</span> <span class='ocrx_word' id='word_1_374' title='bbox 1192 2658 1237 2690; x_wconf 89' lang='lat' dir='ltr'>eis</span> <span class='ocrx_word' id='word_1_375' title='bbox 1260 2658 1463 2700; x_wconf 86' lang='lat' dir='ltr'>implorentur</span> <span class='ocrx_word' id='word_1_376' title='bbox 1487 2664 1517 2689; x_wconf 88' lang='lat' dir='ltr'>et</span> <span class='ocrx_word' id='word_1_377' title='bbox 1543 2669 1595 2689; x_wconf 91' lang='lat' dir='ltr'>co—</span> 
     </span>
     <span class='ocr_line' id='line_1_69' title="bbox 937 2701 1176 2739; baseline 0 0"><span class='ocrx_word' id='word_1_378' title='bbox 937 2708 1051 2739; x_wconf 90' lang='lat' dir='ltr'>lantur.</span> <span class='ocrx_word' id='word_1_379' title='bbox 1165 2701 1176 2707; x_wconf 24' lang='grc' dir='ltr'><em>Α</em></span> 
     </span>
    </p>

    <p class='ocr_par' dir='ltr' id='par_1_21' title="bbox 980 2755 1598 2797">
     <span class='ocr_line' id='line_1_70' title="bbox 980 2755 1598 2797; baseline -0.003 -9"><span class='ocrx_word' id='word_1_380' title='bbox 980 2758 1054 2788; x_wconf 73' lang='lat'>248.</span> <span class='ocrx_word' id='word_1_381' title='bbox 1079 2757 1154 2792; x_wconf 82' lang='lat' dir='ltr'>Quis</span> <span class='ocrx_word' id='word_1_382' title='bbox 1175 2759 1211 2787; x_wconf 75' lang='lat' dir='ltr'>sit</span> <span class='ocrx_word' id='word_1_383' title='bbox 1229 2758 1356 2793; x_wconf 73' lang='lat' dir='ltr'>laturus,</span> <span class='ocrx_word' id='word_1_384' title='bbox 1373 2756 1451 2797; x_wconf 85' lang='lat' dir='ltr'>etc.]</span> <span class='ocrx_word' id='word_1_385' title='bbox 1481 2755 1598 2787; x_wconf 86' lang='lat' dir='ltr'>Priscis</span> 
     </span>
    </p>
   </div>
  </div>
 </body>
</html>
