1763 3181
254 196 341 237 412
636 195 684 235 Ρ.
721 194 931 236 OVIDII
967 194 1244 237 NASONIS

257 311 466 357 Divitior
486 310 667 357 forma:
708 310 881 372 quales
907 309 1077 357 audire
1103 311 1325 374 solemus>

260 388 444 435 Naidas
469 395 519 435 et
546 387 774 451 Dryadas
795 387 972 434 mediis
999 387 1225 436 incedere
1253 388 1403 442 silvis,

255 465 309 511 Si
336 465 482 512 modo
507 464 596 512 des
623 464 718 510 illis
739 464 902 510 cultus
924 463 1212 527 similesque
1233 471 1452 528 paratus.

255 541 368 588 Non
393 557 537 589 secus
558 540 744 588 exarsit
767 548 1038 603 conspecta
1061 540 1247 603 virgine
1268 540 1470 595 Tereus,
1542 544 1636 589 455

253 617 416 673 Quam
442 619 482 665 si
508 618 619 681 quis
645 617 782 665 canis
808 617 974 679 ignem
999 625 1249 681 supponat
1273 617 1434 665 aristis
1457 636 1467 673 ;

250 695 354 743 Aut
377 695 616 750 frondem,
638 696 926 759 positasque
952 702 1139 742 cremet
1165 695 1414 742 foenilibus
1440 695 1634 742 herbas.

252 772 420 836 Digna
440 773 643 836 quidem
668 773 846 820 facies:
880 772 968 820 sed
995 780 1044 820 et
1069 773 1198 819 hunc
1225 773 1393 820 innata
1417 772 1569 819 libido

252 849 586 906 Exstimulat3
626 866 939 914 pronumque
965 866 1120 912 genus
1146 849 1428 912 regionibus
1453 849 1548 895 illis

251 926 309 973 In
324 926 570 975 Venerem
590 934 666 974 est
683 944 692 975 :
712 928 887 990 flagrat
900 927 1017 974 vitio
1034 926 1297 990 gentisque
1313 941 1519 989 suoque.
1538 928 1636 973 460

250 1003 474 1069 Impetus
496 1012 573 1052 est
598 1004 683 1060 illi,
705 1005 941 1052 comitum
966 1019 1280 1068 corrumpere
1305 1019 1491 1058 curam,

249 1081 297 1127 N
302 1082 574 1146 utricisque
600 1083 776 1131 fidem:
816 1099 906 1130 nec
934 1099 1031 1130 non
1056 1082 1339 1145 ingentibus
1365 1081 1523 1145 ipsam

249 1157 525 1207 Sollicitare
550 1160 707 1218 datis;
748 1167 1009 1224 totumque
1035 1159 1322 1223 impendere
1343 1174 1575 1221 regnum;

246 1235 350 1283 Aut
375 1252 563 1300 rapere,
591 1245 641 1285 et
666 1254 794 1285 saevo
820 1247 1011 1301 raptam
1036 1236 1302 1285 defendere
1327 1235 1486 1283 bello:

247 1311 313 1359 Et
337 1313 456 1360 nihil
482 1321 574 1369 est,
602 1315 735 1377 quod
762 1331 857 1361 non
883 1315 1067 1362 effreno
1092 1320 1269 1377 captus
1295 1328 1459 1360 amore

243 1388 418 1446 Ausit3
459 1407 550 1438 nec
575 1391 779 1455 capiunt
805 1392 1021 1439 inclusas
1043 1399 1245 1455 pectora
1269 1390 1509 1437 flammas.

244 1464 459 1529 Jamque
485 1483 646 1515 moras
672 1468 799 1515 male
824 1468 934 1525 fert,
958 1469 1243 1532 cupidoque
1268 1468 1527 1515 revertitur
1547 1481 1628 1513 ore

246 1541 488 1591 Mandata
512 1544 574 1591 ad
602 1543 840 1601 Procnes,
868 1552 917 1593 et
942 1546 1043 1608 agit
1068 1560 1158 1592 sua
1180 1551 1293 1591 vota
1317 1544 1410 1591 sub
1436 1543 1548 1590 illis.

246 1618 534 1668 Facundum
559 1620 773 1669 faciebat
798 1633 960 1679 amor3
1002 1622 1299 1686 quotiesque
1325 1620 1531 1684 rogabat

246 1695 469 1745 Ulterius
489 1699 640 1762 justo,
669 1698 897 1746 Procnen
922 1699 992 1746 ita
1014 1698 1139 1746 velle
1164 1698 1353 1746 ferebat
1375 1715 1384 1745 ε
1531 1699 1628 1744 470

243 1771 453 1821 Addidit
476 1781 527 1822 et
549 1774 793 1831 lacrimas,
815 1783 1052 1839 tanquam
1078 1774 1363 1822 mandasset
1388 1782 1437 1822 et
1462 1773 1584 1821 illas.

243 1847 376 1898 Proh
404 1850 599 1914 Superi,
628 1859 868 1915 quantum
895 1852 1120 1900 mortalia
1143 1859 1347 1916 pectora
1370 1867 1516 1898 caecae

244 1925 420 1974 Noctis
446 1927 656 1976 habent!
695 1930 802 1993 ipso
828 1931 1028 1978 sceleris
1054 1929 1305 1977 molimine
1331 1929 1518 1977 Tereus

1533 1314 1629 1359 465

240 2063 379 2095 sissimae.
416 2065 496 2097 Cum
513 2066 612 2108 priore
627 2067 670 2098 cs.
688 2067 709 2098 i.
724 2069 799 2099 492.
842 2069 900 2099 (¹:1-

240 2115 297 2149 nis,
315 2120 348 2144 ut
363 2114 383 2144 i.
398 2115 467 2145 llO.
516 2115 622 2146 Herbae
636 2118 902 2158 positaesuvzilibus

241 2172 326 2192 mera
340 2163 526 2205 periphrasis
542 2164 671 2195 soenilis.

283 2212 359 2242 458.
387 2212 501 2253 Digna,
517 2212 649 2249 scilicet,
673 2213 728 2244 tali
751 2220 900 2256 tantoque

956 2070 1050 2110 fidem
1077 2069 1262 2110 elegantius,
1286 2078 1380 2110 quam
1404 2067 1545 2102 comites,
1572 2077 1629 2097 nu-

966 2119 1148 2160 tricemque.
1206 2119 1350 2149 Nun-ires
1386 2117 1470 2158 apud
1500 2117 1631 2147 Veteres

966 2167 1082 2208 ubique
1113 2167 1255 2197 alumnas
1282 2176 1353 2197 suas
1390 2165 1628 2200 comitabantur,

967 2223 998 2247 et
1024 2226 1138 2257 magna
1168 2217 1206 2246 ab
1233 2215 1268 2246 iis
1294 2215 1411 2257 pietate
1435 2214 1628 2245 colebantur.

239 2270 352 2292 amore.
388 2262 445 2292 Sed
459 2269 487 2292 et
503 2263 595 2294 hunc.
623 2264 820 2294 Bunnannus
835 2275 899 2295 ma-

240 2309 277 2340 lit
292 2312 340 2340 sed
356 2312 394 2340 ad
411 2312 472 2347 hoc,
489 2311 520 2342 id
537 2318 593 2347 est,
609 2319 769 2354 praeterea,
787 2319 817 2343 et
832 2319 901 2354 post

245 2359 381 2390 Venerem
413 2360 498 2392 delet
524 2368 576 2392 est.
624 2363 737 2398 Genus,
766 2362 898 2399 scilicet,

240 2408 422 2445 humanum,
445 2410 590 2451 populus.
637 2411 772 2441 Thraces
794 2417 898 2442 autem

239 2463 271 2487 et
287 2457 436 2488 vinolenti
456 2466 487 2488 et
507 2459 657 2500 proclives
679 2459 710 2490 in
730 2460 897 2490 Venerem.

241 2507 425 2537 Immoratur
451 2507 553 2539 causis
575 2508 658 2538 illius
685 2509 804 2544 suroris,
825 2510 899 2550 quia

238 2556 311 2587 inde
327 2557 550 2587 atrocissimum
569 2557 702 2589 facinus.
740 2559 815 2588 Mox
833 2558 894 2588 vim

239 2606 348 2636 suroris
376 2606 484 2636 sedulo
513 2613 613 2642 notat,
640 2613 704 2638 tam
731 2607 894 2643 internam,

239 2666 332 2697 quam
370 2666 402 2685 se
439 2655 608 2687 exsereniis
635 2657 769 2687 Athenis
805 2663 834 2687 et
866 2657 896 2688 in

238 2704 360 2734 itinere.

282 2754 355 2783 46l.
390 2752 536 2783 Comitum
575 2765 677 2784 curun

714 2757 898 2794 nutricisque

968 2266 1150 2301 Sollicitare,
1166 2264 1349 2307 pudicitiam
1364 2264 1430 2305 ejus
1443 2269 1575 2294 tentare.

1012 2316 1085 2345 467.
1112 2315 1238 2354 Cupido,
1265 2313 1347 2356 quod
1374 2312 1486 2354 cupide
1512 2312 1627 2354 profert

968 2364 1072 2395 verba.
1118 2365 1205 2406 Agit,
1241 2362 1383 2405 proponit
1413 2368 1444 2392 et
1477 2361 1626 2403 consequi

967 2413 1068 2454 cupit.

1010 2463 1083 2492 472.
1110 2461 1265 2495 Quantum
1283 2459 1522 2500 mortali0‚etc.]
1549 2459 1625 2490 Sen-

966 2510 1063 2541 tentia
1080 2509 1182 2552 gravis
1199 2516 1229 2540 et
1244 2519 1326 2539 vera.
1375 2509 1469 2543 Circa,
1484 2509 1626 2538 obscura.

969 2560 1029 2589 Nm
1051 2566 1123 2589 sunt
1148 2558 1252 2589 studia
1273 2558 1408 2593 occulta,
1425 2568 1533 2588 sensus
1553 2567 1624 2598 pro-

964 2608 1058 2638 funde
1089 2608 1222 2638 latentes
1257 2606 1288 2637 in
1322 2613 1444 2648 pectore
1474 2606 1622 2636 humano.

965 2657 1034 2688 Cic.
1051 2658 1152 2687 Marc.
1173 2657 1204 2686 7.
1229 2662 1258 2687 et
1277 2655 1406 2691 Plinius,
1421 2655 1484 2685 Ill.
1502 2656 1558 2697 Rp.
1577 2654 1621 2684 iii.

965 2707 995 2736 6.
1019 2707 1145 2736 latebras
1168 2712 1195 2736 et
1217 2707 1292 2735 alios
1318 2715 1444 2734 recessus
1466 2703 1623 2734 dixerunt.

966 2755 1072 2790 Sumit,
1090 2762 1176 2796 parat
1188 2754 1260 2789 sibi,
1277 2753 1484 2794 consequitur.
