1729 3207
283 215 370 256 DE
403 213 618 256 OPERE
651 212 1302 255 METAMORPHOSEON.
1341 217 1485 256 xxxvii

103 337 184 371 nua
211 336 299 370 tota
327 334 485 377 coeunt,
507 328 689 383 efficiunt
715 327 867 376 orbem,
889 328 980 381 ipsa
1003 328 1247 383 plenissima
1273 328 1423 383 fulget,
1446 338 1488 370 et

101 408 237 449 solida
268 407 451 462 imagine
489 412 655 460 spectat
686 406 989 446 terram—xii.
1020 406 1075 446 46
1107 421 1197 461 sqq.
1236 406 1367 447 Fama
1399 414 1487 448 tota

88 487 254 542 fremit,
280 501 399 526 voces
430 486 574 540 refert,
603 485 730 526 iterat
762 486 874 539 quod
903 485 1034 533 audit,
1056 485 1191 525 Nulla
1218 486 1335 539 quies
1363 487 1486 535 intus,

100 565 294 620 nullaque
317 565 485 605 silentia
506 571 650 619 parte.
714 564 850 605 Miror
874 565 1018 618 itaque
1041 564 1236 612 Criticos,
1258 565 1331 619 qui
1358 564 1423 605 his
1445 572 1487 606 et

100 643 253 684 talibus
292 658 379 683 non
417 641 569 684 offensi
606 649 762 691 essent,
792 657 938 683 versus
979 656 1171 684 resecare
1207 641 1402 692 voluisse,
1444 644 1487 682 in

99 723 253 777 quibus
286 721 417 763 multo
456 722 594 763 minus
629 721 942 769 redundantiae,
979 728 1027 761 ut
1057 721 1140 761 viii.
1173 721 1251 770 873
1284 722 1358 762 ubi
1388 729 1485 775 post

100 802 230 844 verba
256 802 493 857 praedaque
520 801 660 856 potita
695 801 879 855 ‘nefanda
909 800 1099 853 sequitur
1131 814 1277 841 versus
1307 799 1487 841 Heinsio

98 881 360 936 improbatus
377 895 386 919 :

203 980 297 1019 Fert
315 993 443 1018 secum
461 979 623 1030 spolium
642 980 805 1024 sceleris,
825 993 1094 1031 progressaque
1113 987 1234 1031 porta,
1254 988 1325 1018 etc.

100 1122 226 1164 Talia
244 1123 354 1164 bene
373 1122 506 1164 multa
520 1123 837 1164 commemorari
852 1129 1040 1176 possent.
1088 1121 1214 1175 Saepe
1231 1122 1340 1162 enim
1357 1122 1488 1162 otiose

100 1202 302 1244 nonnulla
341 1203 525 1257 subjicit,
562 1210 604 1244 et
638 1202 853 1244 interdum
890 1201 989 1242 satis
1025 1200 1355 1256 languide—iii.
1389 1200 1486 1248 715,

97 1283 207 1323 bene
239 1281 361 1331 dixit,
393 1281 478 1322 ruit
508 1281 637 1321 omnis
671 1281 714 1321 in
748 1296 868 1320 unum
909 1280 950 1320 T
949 1280 1052 1320 urba
1073 1279 1243 1334 furens,
1271 1279 1398 1320 modo
1434 1294 1486 1320 ne

100 1360 346 1410 addidisset,
376 1366 533 1402 eunctae
565 1365 710 1400 coeunt
742 1364 981 1412 cemetoeqzce
1015 1358 1357 1412 sequendum—ii.
1393 1358 1485 1407 168,

101 1438 210 1480 Solis
231 1439 330 1494 equi
356 1444 480 1479 ruunt
499 1438 720 1492 tritumque
740 1438 976 1491 relinquunt
999 1437 1204 1491 Spatium.
1267 1436 1365 1478 Hoc
1386 1437 1486 1477 satis

99 1519 270 1568 fuisset;
303 1519 377 1560 sed
406 1519 551 1573 inepte
574 1518 729 1573 pergit,
757 1532 844 1566 nec,
867 1532 947 1572 quo
972 1518 1108 1572 prius,
1131 1517 1274 1558 ordine
1303 1524 1485 1558 currunt.

102 1598 204 1648 Ubi,
226 1598 279 1639 iv.
303 1598 402 1648 300,
428 1597 587 1639 fontem
620 1597 779 1639 clarum
811 1597 910 1637 satis
942 1597 1240 1651 descripserat,
1268 1611 1353 1637 non
1380 1603 1486 1645 erat,

100 1692 175 1719 cur
203 1677 396 1726 adderet,
415 1676 670 1732 perspicuus
700 1676 837 1729 liquor
868 1681 941 1715 est.
977 1674 1128 1721 Quid?
1172 1675 1228 1715 xi.
1261 1675 1358 1724 519,
1388 1682 1486 1729 post

97 1756 312 1797 horrenda
342 1755 604 1810 tempestatis
635 1753 916 1808 phaenomena
947 1760 1105 1801 monet,
1139 1753 1228 1793 vela
1262 1753 1483 1793 maduisse.

97 1836 200 1877 Non
226 1837 356 1891 igitur
383 1842 488 1884 erat,
517 1849 592 1876 cur
624 1833 843 1882 Heinsius,
866 1832 935 1872 vii.
965 1832 1062 1881 527,
1085 1832 1215 1871 verba
1247 1846 1341 1885 quae
1375 1831 1483 1871 vieta

86 1915 279 1970 jacebat,
300 1921 349 1955 ut
377 1913 513 1955 otiosa
539 1920 582 1953 et
607 1911 809 1966 languida
830 1917 927 1965 post
959 1910 1191 1964 superiora,
1217 1908 1358 1950 deleta
1387 1908 1487 1949 mal-

98 1992 169 2035 let.
232 1992 532 2047 Intempestive
565 1992 690 2033 etiam
717 1990 878 2038 inserit,
901 2004 998 2043 quae
1024 1988 1224 2029 brevitati
1252 1995 1294 2029 et
1323 1988 1487 2042 perspi-

99 2072 244 2113 cuitati
273 2071 557 2113 obsunt—iv.
583 2069 757 2117 616-19,
791 2067 976 2108 Perseus
1011 2081 1141 2120 super
1169 2065 1353 2120 Libycas
1383 2079 1488 2119 pen-

100 2150 173 2192 det
206 2165 370 2199 arenas,
399 2157 456 2199 et,
484 2149 584 2198 626,
614 2147 805 2189 consistit
839 2147 882 2186 in
912 2160 1046 2200 regno
1067 2143 1268 2185 Atlantis.
1321 2143 1485 2185 Versus

99 2229 228 2285 igitur
248 2229 420 2278 two-25,
441 2229 484 2269 in
504 2228 659 2282 quibus
678 2226 764 2267 huc
786 2233 829 2267 et
848 2225 962 2274 illuc,
985 2225 1039 2266 ad
1061 2224 1218 2265 Arctos
1235 2231 1278 2265 et
1299 2223 1352 2264 ad
1376 2223 1486 2263 Can—

100 2323 216 2349 crum
244 2307 371 2357 volat,
404 2306 541 2348 alieno
574 2305 669 2347 loco
701 2305 926 2360 interjecti.
990 2303 1100 2344 Sunt
1130 2309 1277 2343 contra
1306 2301 1412 2350 loca,
1442 2302 1486 2341 in

99 2388 255 2443 quibus
286 2387 411 2428 nimio
444 2386 661 2427 brevitatis
689 2385 826 2426 studio
858 2383 995 2425 factus
1028 2390 1092 2424 est
1123 2382 1354 2423 obscurior.
1418 2380 1485 2420 Eo

98 2466 214 2516 vitio,
243 2466 270 2506 i.
308 2465 389 2506 170
426 2479 518 2519 sqq.
550 2463 718 2504 laborat
753 2462 865 2503 sedis
906 2460 1090 2503 coelestis
1126 2459 1371 2513 descriptio,
1406 2472 1484 2498 nec

98 2545 333 2600 quisquam,
353 2544 407 2584 iv.
430 2544 513 2584 787
535 2558 626 2597 sqq.
649 2542 718 2583 illa

202 2716 400 2768 Eripuisse
415 2724 530 2767 caput
546 2716 650 2760 collo,
669 2717 879 2767 pennisque
895 2716 1071 2765 fugacem

203 2779 375 2829 Pegason
393 2786 432 2817 et
449 2780 617 2823 fratrem,
638 2779 771 2816 matris
789 2778 836 2816 de
855 2777 1039 2827 sanguine
1058 2784 1177 2819 natos,
