1763 3181
233 194 318 237 276

635 195 684 236 P.
718 195 929 237 OVIDII
963 195 1241 238 NASONIS

239 311 372 357 Dum
387 316 586 358 cessant
601 310 725 367 aliae,
738 318 1117 375 commentaque
1134 327 1274 360 sacra
1283 312 1613 375 frequentant,

237 393 265 411 “
297 386 402 434 Nos
423 402 641 450 quoque,
664 403 788 450 quas
814 387 998 444 Pallas,
1026 389 1199 436 melior
1229 389 1352 445 Dea,
1380 389 1617 444 detinet,''

432 463 611 527 inquit,

233 546 262 565 “
292 540 428 588 Utile
452 557 578 605 opus
603 556 838 588 manuum
862 541 994 588 vario
1019 557 1244 590 sermone
1270 543 1519 600 levemus3
1548 545 1610 590 39

232 618 430 681 Perque
455 618 588 665 vices
613 618 818 680 aliquid,
847 618 982 681 quod
1006 625 1230 682 tempora
1253 620 1401 682 longa
1424 619 1577 666 videri

232 694 345 742 Non
367 695 512 752 sinat,
533 695 582 742 in
603 695 822 742 medium
842 711 1024 742 vacuas
1046 695 1313 743 referamus
1336 695 1399 743 ad
1419 695 1611 744 aures.”

233 771 382 819 Dicta
406 772 632 835 probant,
650 773 959 835 primamque
978 773 1158 835 jubent
1183 789 1379 821 narrare
1405 788 1612 820 sorores.

231 848 340 905 Illa,
365 848 485 911 quid
506 865 533 895 e
560 849 728 895 multis
754 848 948 904 referat,
976 865 1089 896 nam
1115 850 1327 913 plurima
1352 851 1507 905 nOrat,

232 925 460 986 Cogitat3
502 932 553 972 et
573 925 726 972 dubia
751 933 842 980 est,
870 926 932 973 de
957 931 1022 981 te,
1053 925 1348 990 Babylonia,
1378 933 1555 981 narret,

232 1002 449 1058 Derceti,
478 1018 627 1065 quum
652 1019 791 1050 versa
817 1003 1036 1065 squamis
1062 1003 1340 1050 velantibus
1367 1010 1501 1050 artus
1550 1005 1612 1049 45

231 1080 419 1142 Stagna
444 1078 699 1126 Palaestini
725 1081 933 1127 credunt
957 1080 1236 1127 celebrasse
1261 1080 1444 1142 figura;

229 1157 308 1202 An
333 1157 490 1219 magis
517 1164 571 1204 ut
596 1158 806 1221 sumptis
833 1158 963 1204 illius
984 1158 1085 1205 filia
1109 1158 1284 1222 pennis

231 1233 494 1281 Extremos
520 1234 643 1282 albis
670 1235 718 1281 in
745 1236 960 1283 turribus
986 1237 1142 1299 egerit
1166 1252 1348 1283 annos:

230 1311 275 1357 N
282 1313 352 1358 ais
378 1327 439 1358 an
464 1318 518 1358 ut
542 1319 708 1369 cautu,
736 1313 1042 1376 nimiumque
1067 1313 1354 1377 potentibus
1380 1313 1561 1368 herbis,

228 1388 446 1435 Verterit
471 1388 520 1434 in
545 1388 721 1436 tacitos
740 1390 980 1452 juvenilia
1003 1407 1208 1454 corpora
1234 1390 1413 1454 pisceS‚

1550 1392 1614 1436 50

230 1464 403 1512 Donec
425 1465 556 1512 idem
576 1481 725 1529 passa
739 1474 842 1514 est:
880 1483 957 1522 an,
976 1483 1087 1529 quae
1109 1483 1257 1530 poma
1275 1467 1389 1514 alba
1406 1466 1611 1522 ferebat,

271 1619 321 1648 45.
356 1620 492 1650 Dercetis
520 1619 584 1650 sive
612 1620 739 1650 Derceto
770 1627 799 1651 et
826 1621 886 1652 alio

228 1667 350 1698 nomine
367 1669 530 1709 Atergutis,
548 1668 619 1699 Dea
633 1668 802 1710 Syriorum.
849 1670 886 1700 Ei

229 1718 335 1747 Venus
350 1716 426 1747 laesa
440 1717 707 1759 amoremjuvenis
723 1718 885 1761 cujusdam

228 1766 401 1808 inspiravit,
427 1778 463 1797 ex
495 1778 555 1808 quo
581 1768 766 1799 Semiramin
794 1769 885 1799 enixa

229 1826 289 1857 prae
311 1816 426 1858 pudore
446 1828 478 1847 se
502 1817 533 1847 in
550 1818 652 1848 lacum
669 1818 886 1860 praecipitavit,

227 1866 259 1896 in
275 1876 336 1906 quo
351 1865 382 1895 in
394 1866 511 1907 piscem
526 1872 645 1896 mutata
656 1867 746 1907 juxta
756 1867 886 1898 Ascalo-

228 1915 274 1945 uis
289 1920 431 1955 stagnum
449 1915 621 1950 colebatur,
638 1916 767 1957 ejusque
786 1916 887 1957 imago

228 1974 265 1994 ex
289 1969 376 2005 parte
403 1963 569 1999 homiuem,
594 1974 631 1994 ex
659 1971 746 2006 parte
771 1964 886 2006 piscem

228 2013 391 2044 referebat.
426 2012 524 2043 Diod.
538 2012 600 2043 Sic.
611 2012 674 2052 iii.;
691 2014 775 2044 Plin.
786 2014 828 2045 H.
845 2015 887 2046 N.

227 2074 258 2093 v.
276 2063 327 2094 32.
370 2063 449 2093 Filia
463 2063 529 2103 ejus
544 2063 721 2094 Semiramis
737 2074 755 2094 a
770 2064 886 2095 colum-

227 2111 274 2143 bis
296 2112 430 2142 educata
451 2112 643 2143 credebatur.
693 2113 781 2143 Versa
802 2125 887 2154 squa-

228 2164 290 2198 mis,
299 2161 328 2191 in
340 2171 497 2202 squamas,
509 2168 541 2192 ut
550 2161 636 2197 alibi,
645 2174 670 2192 m
677 2168 779 2193 ιιιιιιιιε
790 2169 888 2195 tauro.

230 2212 335 2242 Velare
358 2211 397 2241 de
418 2210 533 2252 plumis
554 2216 584 2242 et
605 2211 743 2252 squamis
763 2212 887 2244 dicitur.

232 2261 395 2296 l’ala‘stz'm',
412 2260 498 2301 Syri3
521 2270 593 2290 nam
616 2260 710 2302 Syriae
727 2271 797 2302 pars
819 2268 887 2293 erat

228 2309 404 2341 Pulaestina.
465 2310 603 2340 celebrat
629 2310 732 2341 locum
762 2310 800 2347 is,
831 2312 885 2353 qui

227 2358 406 2400 f1·equentur
421 2358 453 2388 in
468 2369 504 2389 eo
519 2364 670 2389 versatur.

270 2409 323 2438 47.
346 2409 395 2438 An
409 2410 503 2449 magis
519 2415 552 2438 ut
573 2408 724 2449 sumptis]
749 2408 882 2439 Semiru-

227 2457 295 2493 mis,
311 2456 455 2487 Dercetis
470 2456 548 2487 Deae
566 2456 640 2493 filia,
657 2458 733 2488 miro
749 2457 884 2500 quodam

228 2505 317 2537 modo
343 2516 361 2536 a
390 2506 543 2537 columbis
570 2506 651 2538 lacte
678 2507 842 2548 coagulato
867 2518 884 2538 e

226 2554 373 2596 proximis
405 2561 563 2596 pastorum
592 2556 769 2598 mapalibus
798 2561 885 2598 rapto

227 2604 342 2635 nutrita
370 2604 439 2640 suit,
465 2604 547 2635 unde
570 2610 601 2635 ct
630 2606 799 2636 Semiramis
827 2604 885 2635 fuit

226 2652 400 2694 appellata3
425 2663 507 2689 nam,
531 2653 675 2695 Syrorum
699 2654 816 2696 lingua,
836 2664 883 2684 se-

227 2702 402 2733 miramidcs
430 2709 576 2734 vocantur
613 2704 777 2739 columbae,
808 2714 884 2744 quat:

226 2750 304 2791 Syri,
321 2758 354 2782 ut
367 2751 460 2787 Deos,
474 2748 630 2783 colebant.
678 2753 800 2783 Sumere
811 2763 881 2791 pen-

955 1632 1007 1651 nas
1024 1627 1078 1652 aut
1093 1623 1166 1657 alas,
1178 1632 1232 1663 pro
1246 1621 1277 1651 in
1294 1631 1383 1651 avem
1395 1619 1520 1656 mutari,
1534 1624 1616 1650 amat

955 1670 1049 1702 Ovid.
1069 1682 1099 1701 v.
1123 1672 1207 1709 2883
1231 1670 1272 1701 xi.
1291 1671 1373 1708 7893
1397 1668 1472 1699 XII.
1494 1668 1515 1699 i.
1561 1669 1614 1699 At-

954 1721 996 1750 bis
1022 1721 1054 1750 ιή
1080 1721 1224 1751 turribus.
1271 1719 1395 1755 Noster,
1409 1718 1501 1749 Trist.
1522 1718 1549 1748 l.
1570 1718 1613 1749 ix.

955 1771 992 1799 7:
1031 1770 1155 1809 Aspicis,
1184 1775 1219 1800 ut
1255 1771 1377 1799 veniant
1410 1768 1448 1798 ad
1484 1768 1612 1798 candidu

955 1826 1033 1850 tecta
1047 1820 1206 1856 columbce5
1232 1819 1367 1857 Accipiat
1381 1818 1481 1848 nullas
1496 1818 1614 1847 sordida

956 1870 1050 1899 turris
1072 1880 1157 1904 aues5
1183 1868 1319 1908 itemque
1347 1866 1486 1897 Martial.
1507 1865 1613 1908 Epigr.

955 1917 1008 1948 xii.
1025 1918 1061 1948 31
1079 1931 1084 1947 :
1113 1918 1242 1957 Quasque
1259 1918 1339 1957 gerit
1360 1916 1468 1946 similes
1482 1916 1612 1945 candida

957 1969 1051 1997 turris
1072 1978 1148 1997 ares.
1195 1968 1313 1997 Amant
1334 1971 1437 1995 autem
1459 1963 1611 1995 columbae

955 2016 1026 2047 loca
1051 2015 1173 2047 altiora.
1218 2016 1264 2045 Ex
1289 2014 1336 2045 his
1358 2013 1473 2044 sabulis
1495 2012 1563 2054 Syri
1587 2020 1613 2043 el

953 2067 1043 2105 pisces
1066 2071 1093 2095 et
1117 2065 1263 2095 columbas
1287 2066 1318 2094 in
1336 2063 1469 2093 Deorum
1493 2073 1614 2093 numero

955 2115 1109 2145 habebant.
1155 2113 1272 2155 Hygia.
1285 2113 1306 2143 f.
1324 2113 1397 2143 197.

998 2165 1051 2195 49.
1092 2163 1195 2203 Nais]
1237 2163 1287 2193 De
1316 2162 1417 2192 Naide
1446 2161 1505 2192 hac
1535 2160 1613 2191 nihil

954 2213 1030 2245 certi
1052 2212 1285 2244 commemorari
1310 2216 1424 2253 potest.
1471 2211 1615 2242 Lactant.
1658 2236 1662 2240 .

953 2260 985 2290 in
1010 2261 1085 2302 Arg.
1108 2271 1177 2292 eam
1201 2260 1245 2291 ait
1267 2260 1409 2291 similiter
1431 2258 1558 2290 cessisse
1582 2258 1613 2289 iu

952 2310 1082 2351 piscem.
1131 2311 1233 2341 Cannu
1264 2316 1295 2340 et
1324 2311 1419 2340 herbis
1447 2308 1614 2339 utebantur

952 2360 1111 2396 veneficae,
1121 2360 1174 2390 vii.
1186 2361 1239 2391 98.
1270 2359 1318 2390 De
1331 2359 1499 2399 potentibus
1507 2358 1614 2394 herbis,

952 2408 1021 2439 vide
1039 2409 1078 2440 ad
1094 2409 1117 2439 i.
1133 2411 1208 2441 522.
1258 2410 1382 2445 'l'ucicus,
1395 2414 1506 2443 mutos,
1521 2407 1612 2438 ἔλλο-

953 2469 1031 2496 πας,
1060 2463 1092 2489 ut
1120 2458 1173 2500 qui
1205 2458 1413 2500 pulmonibus,
1441 2455 1552 2487 arteria
1581 2461 1612 2487 et

951 2513 1074 2548 gutture
1089 2514 1227 2538 careant.
1272 2509 1331 2540 Λιι,
1348 2518 1410 2548 qua·
1430 2517 1513 2546 poma
1530 2505 1611 2536 albu.

952 2556 1035 2586 Mori
1059 2556 1174 2588 arboris
1196 2562 1243 2587 est
1262 2554 1459 2598 periphrasis.
1504 2554 1613 2584 Morus

951 2605 1033 2636 enim
1050 2606 1138 2636 arbor
1154 2607 1272 2637 fructus
1292 2605 1425 2647 primum
1441 2604 1539 2640 albos,
1555 2601 1608 2632 de-

951 2655 1023 2686 iude
1036 2655 1139 2696 nigros
1155 2655 1280 2697 Pyrami
1296 2665 1331 2685 ac
1343 2654 1475 2685 Thisbes
1487 2650 1611 2694 sangui-

954 2715 989 2735 ne
1007 2704 1132 2736 effectos
1148 2704 1215 2735 fert.
