1763 3181
431 393 476 446 P
535 394 797 448 OVIDII
837 395 1184 451 NASONIS

241 562 1365 626 METAMORPHOSEON

505 725 729 767 LIBER
768 725 1107 768 TERTIUS.

674 886 931 919 ἡ

727 1027 833 1057 FAB.
859 1026 886 1056 Ι.

116 1143 422 1217 JAMQUE
449 1163 588 1212 Deus
612 1165 775 1228 posita
798 1164 987 1212 fallacis
1012 1164 1227 1227 imagine
1252 1163 1396 1220 tauri,

119 1239 186 1286 Se
210 1240 467 1288 confessus
493 1249 626 1299 erat3
669 1242 967 1306 Dictaeaque
993 1258 1105 1289 rura
1129 1243 1364 1289 tenebat:

118 1315 285 1371 Quum
308 1325 448 1382 pater
471 1318 671 1382 ignarus
699 1320 892 1369 Cadmo
918 1319 1205 1385 perquirere
1231 1326 1423 1383 raptam

162 1463 298 1494 1—130.
317 1463 445 1504 Jamque
461 1464 544 1494 Deus
564 1468 672 1504 posita,
693 1465 771 1506 etc.]

115 1511 243 1553 Agenor
257 1512 335 1543 filios
348 1518 411 1544 tres
426 1513 466 1544 ad
481 1513 700 1555 requirendam
711 1515 773 1546 Eu-

115 1572 221 1604 ropam
231 1572 365 1593 sororem
377 1562 495 1593 dimisit
506 1563 561 1600 ita,
574 1569 619 1600 ut,
633 1564 690 1595 nisi
706 1575 775 1596 eam

115 1612 311 1654 reperissent,
337 1612 376 1643 ad
396 1622 429 1643 se
452 1622 514 1643 non
539 1618 775 1645 reverterentur.

117 1660 212 1698 Cilix,
226 1661 317 1693 variis
329 1661 501 1703 peragratis
517 1662 614 1698 terris,
630 1663 775 1694 Ciliciam

115 1710 294 1750 constituit3
309 1711 445 1742 Phoenix
456 1711 488 1741 in
496 1711 636 1742 Africam
648 1718 694 1743 est
703 1723 774 1754 pro-

116 1758 228 1797 fectus,
245 1759 352 1801 ibique
372 1760 543 1798 remansit3
571 1761 701 1792 Cadmus
721 1772 775 1793 au-

117 1815 179 1840 tem
196 1809 229 1840 in
243 1808 401 1840 Graeciam
416 1809 553 1846 devenit,
570 1810 636 1846 ubi,
651 1810 777 1842 oraculo

116 1858 302 1895 admonitus,
323 1859 460 1895 Thebas,
486 1865 540 1889 aut
565 1859 666 1900 potius
692 1860 776 1890 Cad-

115 1918 218 1939 meam
233 1918 338 1939 arcem
353 1908 504 1945 condidit,
520 1908 682 1940 interfecto
694 1909 778 1951 prius

116 1956 234 1999 ingenti
246 1957 389 1995 dracone,
400 1968 416 1988 e
433 1958 522 2000 cujus
534 1957 680 1989 dentibus
691 1958 777 1989 humi

116 2007 230 2050 sparsis
254 2007 312 2038 viri
339 2007 449 2039 armati
478 2007 668 2050 prodierunt,
700 2019 776 2050 quo-

116 2067 185 2087 rum
213 2066 284 2098 pars
309 2056 429 2087 Cadmo
453 2056 486 2087 in
511 2056 675 2088 condenda
702 2058 778 2088 urbe

116 2105 232 2137 assuit:
264 2105 372 2148 Eurip.
397 2105 516 2136 Phoen.
540 2116 603 2137 ver.
625 2106 684 2136 641
710 2117 780 2148 sqq.

117 2166 181 2187 ver.
196 2156 256 2186 661
281 2165 350 2197 sqq.
373 2160 405 2186 et
424 2155 528 2187 Schol.
552 2155 592 2186 ad
615 2155 682 2187 haec
707 2157 778 2187 loca

115 2204 264 2248 Apollod.
284 2204 435 2237 Biblioth.
451 2205 514 2236 III.
529 2204 551 2236 i.
574 2206 601 2235 1.
627 2210 658 2236 et
680 2205 721 2237 iv.
739 2207 753 2236 1
768 2218 776 2244 3

121 2254 258 2286 Pausan.
269 2255 374 2286 Boeot.
389 2266 420 2297 p.
436 2255 498 2286 719
513 2261 545 2286 et
559 2256 622 2286 733
635 2267 643 2294 ;
659 2255 779 2297 Hygin.

117 2303 180 2335 fab.
198 2304 257 2334 178
269 2315 277 2342 3
292 2304 412 2335 Seneca
420 2303 527 2345 OEdip.
537 2315 602 2336 ver.
615 2305 677 2335 709
689 2315 776 2346 sqq.;

117 2351 263 2394 Apollon.
292 2352 358 2384 Rh.
382 2352 426 2383 iii.
457 2353 537 2383 1170
567 2364 636 2394 sqq.
681 2353 778 2383 Primi

118 2407 223 2434 autem
265 2408 405 2433 auctores
445 2402 570 2433 fuerunt
610 2403 774 2439 Mnaseas,

117 2451 325 2493 Pherecydes,
342 2452 538 2488 Hellanicus,
561 2451 776 2494 Lysimachus.

119 2500 258 2532 Cadmus
291 2511 363 2532 cum
396 2500 583 2532 Phoenicum
620 2511 715 2531 manu
744 2500 777 2531 in

117 2549 275 2581 Boeotiam
301 2550 396 2586 venit,
426 2549 565 2591 fusisque
588 2549 776 2591 Hyantibus,

119 2598 224 2629 Aonas
260 2609 332 2629 cum
365 2599 428 2629 suis
463 2599 497 2629 in
530 2610 625 2630 unam
653 2605 777 2639 gentem

118 2648 292 2679 coalescere
316 2658 424 2690 passus
447 2654 502 2679 est.
546 2651 652 2686 Quum
675 2648 777 2679 locum

119 2697 288 2729 condendae
324 2698 393 2728 urbi
429 2704 593 2739 quaereret,
627 2703 778 2738 sequutus

121 2752 178 2783 est,
206 2747 270 2778 sive
298 2747 424 2778 oraculo
452 2747 596 2782 monitus,
628 2747 693 2777 sive
724 2756 780 2776 sua

164 2796 263 2827 VOL.
289 2796 355 2827 ΙΙΙ.

842 1471 961 1508 sponte,
977 1465 1088 1495 bovem
1108 1463 1230 1498 ducem.
1246 1462 1305 1493 nisi
1323 1468 1353 1494 et
1374 1462 1430 1493 hoc
1446 1461 1502 1504 fig-

842 1520 982 1545 mentum
1011 1512 1218 1555 etymologica
1246 1512 1380 1543 Boeotiae
1407 1511 1503 1542 inter-

842 1563 975 1605 pretatio
1010 1562 1144 1605 peperit.
1203 1563 1341 1592 Pausan.
1369 1573 1401 1604 p.
1430 1562 1505 1593 719.

843 1613 929 1650 Quid
950 1613 989 1643 de
1008 1611 1155 1642 dentibus
1175 1612 1214 1642 ab
1241 1621 1277 1641 eo
1299 1610 1375 1642 satis
1399 1609 1505 1641 existi-

843 1662 992 1694 mandum
1005 1661 1055 1697 sit,
1072 1661 1112 1692 ad
1129 1671 1191 1692 ver.
1210 1661 1270 1690 126
1287 1659 1472 1690 videbimus.

885 1713 917 1743 2.
942 1712 978 1742 Se
1000 1710 1148 1752 coufessus
1167 1716 1244 1746 erat,
1259 1709 1453 1740 indicaverat
1472 1719 1505 1740 se

845 1771 911 1792 esse
936 1761 1060 1792 Jovem.
1097 1759 1148 1790 Sic
1174 1764 1205 1789 et
1227 1758 1270 1790 xi.
1290 1759 1366 1789 264.
1391 1757 1506 1798 Virgil.

844 1809 973 1840 AEneid.
988 1808 1021 1840 ii.
1036 1809 1095 1839 591
1112 1821 1117 1838 :
1144 1808 1275 1848 confessa
1290 1808 1395 1838 Deam.
1429 1807 1506 1838 Dic-

846 1867 900 1889 toea
925 1870 1012 1894 rura,
1036 1858 1144 1893 Creta,
1170 1857 1253 1898 Tyro
1275 1856 1390 1892 vicina,
1415 1863 1447 1887 et
1473 1855 1506 1886 in

845 1908 936 1950 cujus
950 1912 1054 1937 monte
1072 1908 1166 1938 Dicta
1182 1907 1202 1937 J
1206 1904 1308 1947 upiter
1330 1911 1422 1936 natus
1439 1915 1506 1936 cre-

845 1957 988 1993 debatur,
1004 1956 1087 1987 unde
1102 1956 1168 1998 ipse
1186 1955 1330 1985 Dic-neus.

888 2007 918 2038 3.
943 2004 1103 2047 Ignarus]
1132 2003 1222 2034 DIale
1244 2003 1366 2034 Ciofan.
1380 2005 1508 2045 ignarus

846 2062 964 2096 raptam
985 2053 1155 2096 conjungit.
1192 2053 1260 2084 Imo
1282 2053 1400 2084 centies
1418 2055 1507 2094 igna-

847 2116 900 2136 rus
915 2104 999 2146 apud
1011 2104 1159 2134 Nostrum
1174 2102 1218 2133 ita
1228 2102 1372 2138 occurrit,
1386 2106 1421 2132 ut
1435 2101 1508 2132 sub·

844 2153 1051 2194 intelligenda
1074 2151 1183 2182 relicta
1205 2152 1244 2182 sit
1264 2151 1322 2181 illa
1342 2161 1400 2187 res,
1417 2150 1507 2192 cujus

845 2203 916 2245 quis
935 2203 1061 2244 ignarus
1077 2200 1180 2237 fuerit,
1196 2206 1231 2230 ut
1245 2200 1265 2231 i.
1283 2201 1359 2231 658.
1376 2206 1408 2231 et
1428 2199 1508 2230 infra

845 2254 921 2284 243.
937 2253 1012 2283 287.
1046 2250 1128 2282 Vide
1148 2255 1180 2280 et
1198 2249 1285 2280 Corte
1307 2249 1347 2279 ad
1368 2248 1508 2279 Sallustii

846 2302 975 2334 Catilin.
1006 2300 1039 2332 li.
1070 2300 1123 2330 27.
1174 2299 1345 2340 Ignorabat
1369 2299 1508 2339 Agenor,

845 2351 941 2382 filiam
966 2361 984 2381 a
1006 2352 1085 2382 Jove
1102 2349 1284 2379 translatam
1300 2358 1367 2379 esse
1382 2347 1415 2379 in
1430 2348 1511 2378 Dic-

846 2406 907 2431 taea
930 2410 1011 2430 rura.
1059 2397 1214 2434 Invenire,
1246 2407 1328 2428 nunc
1353 2397 1393 2428 ad
1420 2407 1507 2438 quae-

844 2449 932 2481 rendi
959 2448 1097 2479 studium
1123 2447 1268 2488 pertinet.
1303 2445 1452 2488 Apollod.
1468 2444 1509 2477 εἷ-

846 2497 919 2530 πὼν
943 2498 986 2539 μὴ
1012 2497 1171 2538 πρότερον
1196 2494 1407 2537 ἀναστρέφειν
1426 2494 1509 2536 πρὶν

844 2548 887 2579 ἂν
906 2546 1074 2588 ἐξεύρωσιν
1090 2545 1267 2587 Εὐρώπην.
1307 2544 1358 2575 Sic
1375 2544 1427 2574 ille
1440 2545 1509 2585 pius

846 2597 876 2627 in
907 2597 1013 2631 filiam,
1043 2601 1074 2625 et
1097 2596 1270 2629 sceleratus,
1301 2593 1448 2629 crudelis,
1475 2593 1508 2624 in

846 2646 935 2676 filios.
976 2645 1054 2675 Haec
1082 2643 1247 2679 sententia,
1272 2649 1305 2673 ut
1329 2642 1509 2683 ὀξὺμωρον,

846 2695 962 2737 placuit
986 2695 1121 2732 Nostro;
1144 2693 1250 2734 itaque
1271 2703 1352 2729 eam,
1376 2693 1418 2722 ix.
1433 2693 1508 2724 408.

847 2743 982 2786 repetiit.
1020 2742 1088 2775 Cic.
1103 2742 1167 2774 Off.
1182 2741 1229 2773 iii,
1247 2742 1298 2773 31.
1311 2741 1351 2773 de
1363 2741 1400 2773 Τ.
1413 2741 1507 2773 Man-

980 2794 1008 2823 X
