1763 3181
218 201 302 243 238

223 315 550 381 Imperfectus
576 315 737 363 adhuc
762 314 923 362 infans
949 314 1214 377 genetricis
1241 314 1301 361 ab
1327 313 1434 361 alvo

604 201 654 241 P.
687 199 899 242 OVIDII
933 198 1212 241 NASONIS

1503 315 1601 359 :310

224 391 458 457 Eripitur,
486 392 747 456 patrioque
772 399 927 448 tener,
955 391 995 438 si
1020 392 1221 439 credere
1247 392 1467 453 dignum,

223 469 442 516 Insuitur
465 469 665 526 femori3
706 477 1029 531 maternaque
1055 476 1281 532 tempora
1304 468 1540 531 complet.

223 547 412 595 Furtim
438 548 577 595 illum
601 547 772 612 primis
799 546 889 593 Ino
911 553 1175 593 matertera
1199 546 1339 592 cunis

222 623 445 673 Educat:
485 625 597 673 inde
623 626 793 672 datum
821 622 1070 687 Nymphae
1098 622 1347 686 Nyseides
1373 621 1524 668 antris

225 701 503 750 Occuluere
528 702 658 759 suis;
699 700 942 763 lactisque
968 698 1202 746 alimenta
1226 699 1424 746 dedere.

1509 700 1605 743 315

291 778 379 825 IV.
422 778 655 841 Dumque
682 794 742 826 ea
764 792 852 840 per
876 783 1030 823 terras
1055 774 1189 822 fatali
1215 776 1324 838 lege
1353 781 1603 837 geruntur,

222 931 271 969 tit,
287 938 318 963 et
333 933 454 964 Semele
476 933 597 975 expirat
619 939 715 964 metu.
761 934 879 964 Secun-

222 981 298 1012 dum
318 981 506 1018 Lucianum,
531 987 647 1013 tectum
669 982 813 1024 concepit
836 982 881 1023 ig-

224 1041 306 1067 nem,
322 1042 384 1072 quo
402 1030 458 1062 illa
472 1031 575 1073 periit.
621 1031 720 1067 Dona,
735 1030 880 1072 insignia,

224 1080 338 1122 quibus
360 1090 404 1116 se,
420 1080 566 1122 precibus
586 1080 723 1111 Semeles
745 1086 882 1116 coactus,

225 1128 423 1161 instruxerat.
458 1129 598 1171 Jugalia,
615 1129 766 1172 conjugis.

267 1180 341 1210 310.
358 1178 587 1221 Imperfectus]
607 1179 754 1221 Apollod.
767 1179 881 1220 ἐξαμη-

224 1230 334 1260 νιαῖον
354 1228 484 1270 βρέφος,
505 1229 560 1259 sed
583 1228 712 1259 Lucian.
738 1228 882 1269 ἑπταμη-

225 1278 346 1309 νιαῖον.
375 1277 524 1317 Eripitur.
540 1277 619 1308 Inde
632 1277 741 1319 Eurip.
753 1278 791 1308 91
806 1290 811 1307 :
826 1289 882 1315 νη-

223 1325 298 1364 δύος
313 1326 456 1366 ἕκβολος.
486 1326 759 1368 Insuiturfemori,
772 1336 883 1368 nempe

224 1376 326 1406 aureis
341 1375 455 1411 fibulis,
471 1385 510 1406 ne
530 1375 614 1406 Juno
632 1385 704 1406 eum
725 1374 882 1417 reperiret.

223 1424 331 1467 Eurip.
346 1425 398 1456 96.
422 1423 573 1465 ῥάπτειν,
589 1430 620 1455 et
636 1424 739 1455 Graeci
761 1423 800 1455 de
824 1425 882 1455 hac

223 1484 255 1505 re
268 1474 396 1505 habent.
420 1474 493 1505 Jam
506 1473 665 1515 Euripidis
678 1479 769 1504 aetate
785 1479 882 1510 erant,

224 1524 278 1566 qui
301 1523 381 1554 illud
405 1523 440 1555 ἐν
461 1524 556 1564 μηρῷ
576 1522 649 1554 inde
671 1531 771 1554 ortum
793 1528 883 1564 puta-

223 1579 303 1609 rent,
320 1572 403 1614 quod
426 1572 574 1604 Bacchus
594 1573 613 1604 J
617 1572 712 1603 unoni
727 1572 884 1614 quondam

225 1621 400 1664 ὡμήρευσε,
425 1624 501 1653 obses
515 1622 633 1663 fuerit.
666 1622 788 1653 Bacch.
811 1623 884 1653 295.

225 1672 289 1702 Sed
311 1672 458 1703 Eustath.
475 1671 529 1702 fol.
544 1673 619 1702 310.
636 1671 659 1702 l.
678 1673 708 1702 7.
731 1682 794 1702 rem
811 1671 884 1702 inde

224 1720 346 1763 repetit,
363 1721 446 1763 quod
466 1721 520 1752 ille
542 1721 574 1752 in
591 1722 688 1757 Mero,
703 1726 808 1752 monte
829 1722 882 1751 In-

225 1770 296 1806 diae,
320 1770 484 1806 educatus,
513 1770 563 1801 sit.
608 1770 658 1802 Cf.
685 1770 772 1801 Curt.
789 1771 884 1802 VIII.

225 1831 256 1851 x.
273 1821 310 1850 ll
325 1832 333 1858 ;
357 1819 440 1851 Plin.
451 1819 493 1850 vi.
505 1821 560 1863 21.
595 1819 673 1850 Inde
689 1826 793 1850 autem
808 1830 883 1862 poe·

225 1868 265 1899 tis
292 1868 396 1899 dictus
420 1866 632 1910 μηροῤῥαφής
661 1873 694 1899 et
721 1880 885 1910 μηροτρα-

224 1916 301 1959 φὴς.
348 1917 504 1952 Materna,
529 1916 562 1947 in
584 1923 671 1948 utero
693 1917 799 1947 matris
821 1918 885 1948 exi—

225 1966 351 2008 genda;
388 1968 522 2006 complet,
549 1966 704 2007 transigit.
754 1966 804 1997 Sic
831 1967 885 1998 ille

226 2017 361 2047 bimater.
399 2016 449 2046 De
463 2016 518 2046 illo
534 2022 622 2058 parte
638 2015 727 2048 Jovis
742 2015 807 2057 agit
823 2016 884 2047 Lu-

229 2065 349 2100 cianus,
367 2064 400 2095 d.
417 2064 438 2096 l.

269 2115 344 2145 313.
368 2113 451 2154 Ina]
477 2113 528 2144 Sic
543 2119 575 2144 et
589 2113 818 2155 Apollodorus3
833 2113 887 2144 sed

226 2164 310 2206 apud
336 2162 509 2194 Lucianum
530 2162 708 2193 Mercurius
731 2173 803 2193 eum
826 2169 889 2194 sta-

226 2213 282 2244 tim
305 2212 337 2242 in
364 2212 477 2253 Nysam
496 2211 607 2243 defert.
654 2211 767 2242 Primis
789 2214 887 2248 cunis,

225 2262 265 2292 ab
288 2260 388 2292 initio.
434 2260 512 2292 Inde
536 2262 653 2296 datum,
680 2270 699 2291 a
721 2266 888 2292 matertera

226 2316 404 2352 acceptum.
431 2310 527 2351 Nysa,
540 2310 614 2340 urbs
627 2316 659 2341 et
674 2320 762 2340 mons
777 2309 888 2342 Iudiae.

225 2359 275 2390 Ibi
290 2360 432 2400 Nyseides
443 2359 588 2401 nymphae
602 2359 753 2400 (quarum
764 2359 889 2390 nomina

228 2408 365 2451 CysseiS,
377 2408 476 2450 Nysa,
490 2409 596 2444 Erato,
610 2407 748 2450 Eriphia,
762 2408 888 2440 Bromie

227 2465 259 2490 et
282 2457 506 2499 Polyhymnia)
535 2457 568 2488 in
592 2457 688 2488 antris
717 2457 889 2489 educarunt

226 2507 400 2543 Bacchum,
422 2517 492 2549 quae
513 2512 558 2538 est
578 2505 715 2548 vulgaris
736 2506 830 2549 hujus
845 2507 888 2538 rei

226 2555 370 2586 narratio.
416 2555 543 2586 Homer.
571 2554 602 2586 h.
630 2554 750 2586 Bacch.
778 2566 810 2597 p.
836 2557 888 2587 99.

227 2604 300 2634 Ern.
324 2604 458 2634 Antrum
479 2603 558 2635 illud
581 2603 659 2635 duas
684 2604 764 2635 fores
789 2604 887 2636 habu-

227 2651 286 2683 isse
301 2652 426 2689 dicitur,
440 2652 522 2684 unde
535 2653 695 2684 Bacchum
709 2654 888 2694 Dithyriten

229 2695 420 2736 appellatum
447 2696 565 2726 volunt.
599 2696 687 2727 Serv.
710 2696 751 2727 ad
775 2696 888 2738 Virgil.

229 2744 298 2776 Eel.
325 2745 366 2776 vi.
389 2746 436 2775 15.
461 2745 570 2786 Nysam
594 2745 711 2776 Bacchi
735 2745 885 2777 nutricem

948 931 1034 962 facit.
1078 932 1156 962 Eam
1172 936 1202 962 et
1220 930 1336 972 Hygin.
1351 930 1415 960 sab.
1432 929 1505 959 182.
1523 939 1607 959 com-

948 986 1109 1017 memorat,
1123 980 1243 1012 Oceani
1259 980 1368 1010 filiam.
1399 978 1457 1009 Pro
1473 988 1510 1008 ea
1525 977 1606 1008 idem

948 1030 1024 1061 alibi
1040 1031 1155 1071 Nysam
1170 1029 1290 1060 laudat.
1330 1027 1408 1059 Inde
1424 1035 1529 1058 autern
1545 1027 1609 1057 fac-

950 1085 1016 1110 tum
1030 1085 1077 1111 est
1092 1090 1204 1110 nomen
1221 1079 1385 1119 Dionysus.

992 1130 1173 1160 316—338.
1199 1128 1337 1168 Dumque
1364 1139 1395 1158 ea
1422 1138 1475 1167 per
1499 1133 1606 1161 terras,

949 1178 1028 1219 etc.]
1057 1179 1194 1213 Tiresias,
1206 1177 1384 1212 Thebanus,
1399 1176 1504 1207 Everis
1514 1176 1609 1211 filius,

949 1234 1038 1259 vates
1052 1227 1084 1258 in
1099 1233 1166 1258 tota
1179 1227 1365 1268 antiquitate
1380 1225 1610 1261 celeberrimus,

949 1277 1005 1308 sed
1020 1277 1137 1308 lumine
1151 1283 1273 1319 captus.
1320 1276 1418 1307 Casus
1435 1275 1516 1311 vitae,
1533 1285 1610 1316 quos

949 1337 1059 1369 passus
1073 1332 1130 1362 est,
1145 1325 1229 1356 varie
1249 1331 1422 1356 narrantur.
1466 1324 1504 1354 In
1521 1323 1608 1354 femi-

950 1386 1022 1406 nam
1036 1386 1107 1406 eum
1123 1385 1189 1405 esse
1202 1374 1450 1405 transformatum
1463 1374 1502 1404 ob
1516 1373 1611 1404 inter·

949 1425 1077 1460 fectum,
1093 1424 1140 1455 vel
1165 1424 1197 1454 in
1220 1429 1325 1454 monte
1344 1422 1488 1464 Cyllene,
1503 1423 1553 1454 vel
1576 1423 1609 1453 in

951 1474 1137 1510 Cithaerone,
1158 1473 1324 1504 draconem
1352 1473 1489 1503 referunt
1515 1472 1611 1503 etiam

951 1523 1099 1565 Apollod.
1125 1523 1188 1554 III.
1214 1522 1256 1553 vi.
1280 1523 1318 1559 73
1356 1521 1507 1552 Antonin.
1538 1521 1608 1552 Lib.

951 1573 1020 1611 xvi3
1059 1572 1177 1614 Hygin.
1201 1572 1265 1602 fab.
1289 1573 1352 1609 75;
1387 1570 1492 1601 Schol.
1518 1571 1611 1601 Hom.

952 1622 992 1653 ad
1015 1621 1079 1653 Od.
1099 1625 1139 1652 A.
1155 1622 1228 1652 493.
1274 1620 1433 1652 Caecitatis
1453 1630 1524 1650 vero
1546 1621 1613 1662 ejus

952 1681 1049 1702 causa
1061 1670 1146 1702 varie
1157 1675 1424 1701 commemoratur.
1454 1669 1517 1706 Qui
1529 1669 1611 1700 Phe-

951 1720 1098 1763 recydem
1127 1726 1309 1762 sequuntur,
1338 1725 1373 1750 ut
1402 1719 1486 1750 Call.
1517 1719 1550 1750 h.
1580 1719 1612 1750 in

951 1770 1081 1802 Lavacr.
1097 1770 1177 1801 Pan.
1189 1779 1268 1800 vers.
1281 1769 1441 1800 75—103.
1457 1775 1514 1800 ete
1529 1769 1613 1800 Lati-

952 1820 998 1850 nis
1015 1830 1094 1850 unus
1110 1820 1248 1860 Propert.
1264 1819 1323 1849 IV.
1339 1819 1380 1850 ix.
1396 1819 1448 1850 57.
1463 1829 1531 1849 eam
1547 1820 1612 1850 cla-

952 1868 1023 1899 dem
1043 1868 1183 1899 tribuunt
1200 1868 1364 1904 Minervae,
1381 1878 1474 1909 quam
1496 1868 1612 1899 nudam

952 1917 1064 1948 viderit
1083 1917 1217 1948 Tiresias
1234 1917 1370 1959 juvenis,
1397 1928 1466 1959 quae
1493 1925 1609 1953 tamen,

952 1966 1095 2009 precibus
1116 1967 1223 1998 matris
1244 1973 1275 1998 et
1289 1966 1468 2008 integritate
1487 1967 1613 2009 juvenis

953 2022 1104 2059 permota,
1119 2016 1311 2047 vaticinandi
1326 2016 1354 2047 ei
1378 2022 1475 2047 artem
1495 2016 1612 2048 tribue-

953 2065 1004 2096 rit.
1028 2066 1110 2097 Cum
1125 2065 1238 2096 Nostro
1253 2066 1451 2096 consentiunt
1465 2065 1614 2107 Apollod.

954 2115 1073 2156 Hygia.
1110 2115 1228 2145 Anton.
1265 2114 1334 2145 Lib.
1364 2114 1439 2146 xvii.
1472 2115 1614 2157 Phlegon

955 2163 1051 2195 Trall.
1065 2163 1104 2194 de
1126 2162 1241 2195 Mirab.
1256 2162 1298 2194 iv.
1321 2163 1434 2205 quibus
1458 2163 1616 2196 Hesiodus

956 2213 1132 2256 praeiverat.
1161 2211 1309 2254 Elegiaco
1324 2213 1460 2244 carmine
1476 2213 1613 2245 fabulam

954 2267 1141 2293 tractaverat
1164 2267 1331 2293 sostratus.
1374 2262 1485 2293 Prater
1506 2263 1614 2294 vatici-

955 2311 1051 2342 nandi
1073 2318 1170 2342 artem
1186 2311 1371 2342 constitutus
1386 2310 1414 2342 ei
1433 2309 1528 2342 etiam
1549 2317 1614 2342 erat

954 2361 1067 2402 longus
1085 2360 1156 2391 vitae
1175 2360 1336 2397 terminus,
1351 2359 1468 2402 quippe
1487 2360 1540 2401 qui
1561 2371 1617 2403 per

955 2415 1084 2452 septem,
1114 2415 1180 2445 aut,
1211 2416 1247 2440 ut
1275 2409 1328 2439 alii
1356 2408 1476 2445 volunt,
1503 2420 1615 2440 novem

954 2464 1064 2490 aetates
1087 2458 1209 2495 vixerit,
1235 2468 1254 2488 a
1276 2458 1396 2489 Cadmo
1419 2458 1492 2489 inde
1518 2469 1615 2500 usque

955 2506 995 2538 ad
1010 2513 1118 2549 captas
1137 2507 1177 2538 ab
1192 2506 1317 2548 Argivis
1337 2506 1471 2543 Thebas,
1486 2512 1518 2538 et
1532 2507 1614 2538 Lab-

955 2555 1076 2587 dacidis
1090 2555 1189 2587 multa
1207 2555 1334 2587 oracula
1354 2555 1497 2587 ediderit.
1541 2557 1613 2588 Fre-

955 2615 1054 2647 quens
1063 2605 1157 2647 igitur
1166 2605 1232 2647 ejus
1244 2605 1327 2647 apud
1338 2604 1486 2647 Tragicos
1497 2611 1616 2637 veteres

954 2654 1082 2685 mentio.
1119 2655 1238 2685 Datum
1249 2653 1384 2696 denique
1399 2654 1428 2685 ei
1443 2660 1509 2686 erat
1519 2654 1615 2686 etiam

954 2696 1025 2733 hoc,
1051 2703 1085 2728 ut
1115 2697 1198 2739 apud
1226 2697 1338 2728 inferos
1365 2697 1448 2728 solus
1470 2704 1612 2740 saperet:

955 2746 1082 2777 Homer.
1098 2746 1160 2777 Od.
1177 2750 1217 2777 Κ.
1234 2747 1315 2784 49Ο;
1339 2746 1407 2777 Cic.
1424 2746 1498 2776 Div.
1514 2746 1534 2777 i.
1550 2747 1591 2776 20
1605 2759 1613 2777 z
