1729 3207
202 217 260 258 84
590 215 639 256 Ρ.
675 214 886 257 OVIDII
924 213 1202 256 NASONIS

205 331 475 386 Coelicolae,
501 330 723 394 clarique
749 346 863 378 suos
888 345 1098 393 posuere
1123 335 1345 393 penates.

206 409 302 456 llic
327 409 465 456 locus
490 415 583 463 est,
611 423 777 470 quem,
806 407 846 453 si
871 407 1035 455 verbis
1061 407 1270 454 audacia
1293 406 1454 460 detur,
1499 407 1589 451 175

204 486 354 534 Haud
375 486 577 533 timeam
602 486 767 548 magni
793 485 982 532 dixisse
1008 485 1203 533 Palatia
1226 484 1355 531 coeli.

271 563 403 627 Ergo
428 563 512 610 ubi
538 577 810 609 marmoreo
840 562 1018 625 Superi
1042 562 1216 609 sedere
1240 576 1458 615 recessu,

202 746 345 778 valentes
369 744 471 786 gratia
492 750 524 774 et
548 744 744 780 auctoritate,
769 749 864 785 atque

203 797 281 827 clari
306 795 354 826 vel
383 794 540 824 natalibus
564 794 613 824 vel
639 794 731 824 rebus
755 793 863 834 gestis.

204 845 286 877 Vide
303 844 388 875 Cort.
401 843 439 874 ad
455 843 582 874 Sallust.
593 842 664 874 Cat.
682 844 736 873 38.
754 843 774 873 i.
803 842 865 873 Sed

203 894 236 925 hi
252 893 307 925 Dii
326 899 457 932 potentes
471 891 659 923 differuntne
674 902 693 922 a
707 893 863 928 nobilibus,

202 953 372 984 eorumque
395 948 514 982 penates
545 942 584 972 ab
610 941 735 972 illorum
762 941 867 972 atriis?

202 993 251 1024 Ea
278 991 382 1034 opinio
407 990 464 1021 suit
489 989 598 1027 Rodii,
622 990 674 1032 qui
698 991 811 1022 ,Iovem
835 995 867 1021 et

202 1043 360 1074 Junonem
390 1040 440 1071 hic
464 1039 598 1081 intelligi
627 1040 757 1071 monuit.
806 1039 867 1071 Sed

204 1103 266 1124 non
281 1091 326 1122 ita
341 1096 398 1122 est.
442 1090 547 1121 Antea
561 1092 696 1121 deseram
709 1091 868 1130 laevamque

204 1147 328 1173 tantum
353 1146 647 1172 commemoraverat
667 1146 777 1181 poeta;
801 1140 867 1182 jam

203 1192 273 1223 loca
289 1188 466 1221 accuratius
480 1188 603 1220 definit:
628 1190 715 1219 Plebs
730 1190 868 1219 habitant

204 1243 322 1272 diversa
347 1241 427 1275 locis,
444 1238 573 1269 diversis
597 1238 673 1269 locis
697 1239 778 1279 (ver.
792 1240 865 1277 40.)

205 1290 262 1322 sed
276 1290 385 1320 nobiles
396 1299 451 1320 seu
466 1295 600 1328 potentes
614 1300 632 1318 a
643 1288 766 1330 fronte,
782 1287 867 1318 scili-

203 1343 256 1370 cet
275 1337 387 1380 regalis
403 1338 522 1369 domus.
567 1337 657 1368 Adeo
679 1337 865 1374 insueverat,

202 1395 323 1428 penates
338 1387 377 1418 de
395 1387 485 1417 domo
502 1386 616 1423 dicere,
628 1391 663 1417 ut
677 1391 770 1427 poeta
783 1396 865 1417 nunc

204 1437 300 1468 etiam
337 1436 377 1467 ad
411 1436 552 1466 Deorum
589 1435 725 1477 ipsorum
759 1434 867 1466 domos

204 1485 416 1518 transtulerit:
443 1485 483 1515 cf.
507 1496 537 1515 v.
553 1485 626 1515 775.
674 1484 789 1514 Ponere
813 1483 868 1514 do-

204 1546 282 1569 mos,
298 1535 452 1572 condere;
482 1534 595 1565 Graece
620 1532 731 1564 Θὲσθαι
754 1532 865 1570 οἰκίας.

209 1585 350 1625 Clarique
365 1595 429 1615 suos
445 1594 567 1624 posuere
582 1589 713 1622 penates.
743 1582 804 1612 Hic
821 1587 868 1613 est

206 1633 327 1675 aliquid
342 1633 425 1674 quod
441 1643 460 1663 a
479 1632 603 1663 nemine
619 1631 867 1662 animadversum

205 1682 300 1714 fuisse
323 1682 467 1718 demiror,
482 1691 606 1723 nempe,
625 1687 757 1721 potentes
776 1682 866 1712 clari-

206 1743 283 1773 que5
308 1737 339 1762 et
354 1737 460 1762 tamen
475 1730 546 1772 quis
562 1730 619 1761 hoc
636 1731 724 1766 ferat,
740 1730 798 1760 nisi
815 1730 868 1772 qui

206 1781 290 1813 omni
306 1792 398 1812 sensu
414 1780 560 1811 carminis
575 1785 680 1811 careat
700 1786 732 1811 et
752 1780 804 1810 cui
821 1791 869 1811 res

208 1841 227 1861 a
244 1831 365 1873 judicio
386 1829 469 1860 male
490 1829 629 1860 habeat?
654 1829 719 1860 Alii
743 1829 870 1860 fortasse

207 1879 320 1910 melius
344 1878 534 1920 conjecerint
555 1883 587 1909 et
609 1877 684 1908 mibi
706 1877 781 1908 satis
804 1888 871 1909 esse

206 1929 301 1960 debet
311 1939 443 1960 errorem
455 1927 622 1970 aperuisse.
656 1928 796 1969 Legebat
809 1928 870 1959 Ta-

207 1990 283 2020 naq.
292 1979 401 2015 Faber,
409 1977 510 2019 Epist.
520 1977 554 2008 ii.
564 1978 615 2009 69:
627 1978 650 2008 A
652 1977 682 2019 f
681 1983 764 2008 ronte
769 1984 871 2017 poten-

208 2035 250 2060 tes
262 2028 404 2059 Caelicolce
415 2029 469 2058 sibi
481 2029 601 2068 quisque
612 2038 676 2058 suos
693 2037 812 2066 posuere
821 2038 870 2066 pe-

207 2085 303 2109 nates.
335 2077 367 2109 Si
377 2077 422 2108 ita
430 2077 496 2108 sine
507 2076 592 2107 libris
602 2076 734 2118 grassari
742 2076 792 2117 jus
805 2076 870 2106 fue-

208 2127 258 2164 rit,
271 2126 348 2169 quid
365 2137 425 2157 non
440 2126 590 2167 refingere
606 2125 714 2157 licebit
728 2125 767 2156 ad
782 2135 871 2155 suum

207 2176 389 2209 arbitrium?
428 2176 470 2206 Et
505 2175 565 2206 hoc
601 2181 650 2207 est
685 2173 871 2206 calumniari

209 2227 363 2258 Veterum
407 2224 556 2266 loquendi
602 2223 870 2259 consuetudinem,

209 2275 263 2318 qui
287 2286 369 2317 saepe
393 2273 533 2317 epitheta
558 2274 634 2305 talia
656 2274 870 2316 geminabant,

209 2336 279 2367 quae
309 2324 415 2360 etiam,
444 2323 469 2354 si
499 2324 600 2364 arguti
630 2334 696 2355 esse
726 2323 869 2358 velimus,

208 2374 289 2405 inter
323 2384 355 2404 se
391 2372 514 2404 differre
549 2373 713 2404 ostendere
748 2371 871 2402 liceret.

212 2424 298 2454 Clari
319 2423 403 2454 enim
424 2428 506 2457 sunt,
522 2421 571 2452 vel
587 2422 626 2453 ob
642 2421 764 2452 nobiles
780 2425 870 2451 nata-

208 2472 266 2508 les,
289 2472 339 2502 vel
362 2472 400 2502 ob
424 2481 472 2502 res
495 2478 618 2512 gestas;
642 2481 744 2512 neque
769 2476 873 2501 tamen

208 2521 279 2553 ideo
299 2520 440 2561 sequitur
460 2530 567 2551 omnes
581 2519 674 2550 etiam
695 2521 791 2550 claros
806 2529 873 2550 esse

207 2575 348 2610 potentes,
364 2568 395 2598 id
420 2574 467 2599 est
485 2571 589 2611 gratia
613 2574 644 2599 et
662 2570 795 2608 potentia
819 2568 874 2599 flo-

208 2630 275 2651 rere
301 2619 330 2650 in
361 2617 451 2654 aulis,
473 2619 524 2649 vel
549 2617 694 2649 civitate:
729 2618 773 2649 sie
801 2628 873 2659 ergo

209 2674 293 2700 recte
309 2667 459 2709 distingui
475 2673 613 2710 possunt.
647 2668 785 2698 Potentes
799 2678 871 2709 ergo

210 2717 264 2748 Dii
281 2724 353 2748 sunt
361 2717 449 2749 Jovis
464 2717 566 2752 amici,
580 2716 762 2755 consiliarii;
782 2718 870 2753 clari,

211 2765 264 2808 qui
279 2765 502 2808 antiquissimis
515 2765 586 2797 Diis
601 2765 708 2807 geniti,
723 2777 782 2797 non
799 2777 870 2798 vero

932 745 1079 787 adscripti
1099 750 1131 776 et
1154 744 1271 786 recepti
1290 748 1398 786 postea
1416 742 1448 773 in
1465 741 1594 777 coelum,

933 794 976 825 dii
994 794 1088 832 facti3
1112 800 1146 825 ut
1166 799 1268 836 patres
1284 792 1436 822 minorum
1451 797 1483 822 et
1497 791 1594 833 majo·

932 854 999 874 rum
1016 843 1155 884 gentium
1172 842 1281 873 Romae
1296 847 1396 872 erant.
1443 841 1560 871 Burni.

979 893 1050 924 175.
1067 893 1099 923 Si
1116 894 1208 923 verbis
1218 893 1346 922 audacia
1358 890 1475 930 decim]
1504 889 1593 920 Adu-

934 942 1009 973 latio
1039 942 1071 973 in
1095 942 1285 983 Augustum,
1309 941 1398 983 cujus
1426 940 1537 971 domus
1564 939 1595 969 in

934 997 1038 1023 monte
1062 992 1206 1023 Palatino
1235 992 1392 1021 Palatium
1420 990 1506 1021 dicta
1535 995 1594 1020 est.

935 1041 1123 1072 Constructa
1151 1046 1256 1072 autem
1287 1045 1354 1070 erat
1388 1049 1425 1070 ex
1455 1039 1596 1081 pluribus

935 1091 1077 1122 aedificiis
1101 1090 1272 1121 minoribus
1297 1090 1329 1120 in
1351 1089 1443 1120 unius
1468 1088 1595 1119 maximi

934 1140 1080 1182 speciem.
1126 1141 1166 1170 Et
1191 1140 1234 1170 sic
1261 1137 1434 1180 comparari
1462 1148 1533 1169 cuin
1559 1148 1596 1168 eo

934 1195 1055 1232 poterat
1070 1189 1208 1220 coelestis
1221 1189 1275 1219 illa
1287 1188 1386 1219 sedes.
1431 1188 1505 1219 Non
1518 1186 1599 1218 dixit

935 1240 1017 1270 haud
1041 1240 1183 1275 dubitem,
1208 1244 1243 1269 ut
1269 1238 1364 1268 MSS.
1387 1236 1517 1278 quidam
1542 1236 1597 1267 ha-

933 1289 1020 1325 bent,
1036 1289 1090 1319 sed
1112 1287 1303 1319 reverentius
1318 1289 1447 1317 timeam.
1492 1287 1598 1316 Auda-

933 1339 1010 1369 ciam
1035 1348 1122 1368 suatn
1148 1341 1288 1372 excusat,
1311 1346 1384 1371 non,
1408 1341 1443 1366 ut
1465 1334 1599 1366 Lenzius

934 1388 1076 1429 putabat,
1092 1392 1127 1418 ut
1150 1385 1334 1417 deteriorem
1358 1383 1446 1416 Jovis
1470 1383 1597 1414 domum

935 1436 1053 1479 palatio
1083 1435 1220 1477 Augusti
1250 1433 1426 1464 declararet
1455 1432 1599 1472 (sordida

935 1486 1019 1517 enim
1044 1485 1153 1517 fuisset
1173 1484 1230 1515 illa
1255 1482 1425 1523 adulatio),
1446 1482 1501 1514 sed
1522 1482 1597 1524 quia

936 1535 1047 1567 summi
1065 1535 1128 1566 Dei
1150 1534 1288 1569 domum,
1305 1544 1399 1575 quem
1423 1533 1506 1563 omni
1529 1532 1561 1563 h.
1577 1532 1598 1562 l.

935 1584 968 1616 in
994 1584 1130 1616 maxima
1161 1584 1326 1625 majestate
1355 1582 1501 1618 collocat,
1526 1592 1599 1612 cum

935 1635 1073 1665 humana
1087 1640 1118 1665 et
1129 1639 1251 1664 terrena
1262 1637 1434 1674 comparat.
1480 1631 1599 1663 Eadem

935 1684 1125 1726 comparatio
1134 1689 1165 1715 et
1175 1683 1339 1714 HLTrist.
1351 1682 1371 1712 i.
1390 1682 1500 1713 35-38.
1527 1683 1599 1714 Jam

936 1733 1020 1776 apud
1043 1734 1170 1764 Homer.
1192 1732 1254 1763 Od.
1272 1730 1302 1762 δ.
1320 1732 1371 1762 74.
1393 1730 1602 1762 Telemachus

938 1794 1010 1815 cum
1038 1783 1125 1814 Jovis
1155 1781 1313 1823 Olympici
1347 1781 1420 1811 aula
1444 1780 1602 1823 componit

939 1832 1080 1864 Menelai
1094 1831 1222 1873 regiam.

984 1883 1056 1913 176.
1073 1882 1169 1913 Haud
1186 1880 1329 1921 timeam]
1354 1880 1507 1917 Quatuor,
1519 1879 1601 1910 haud

939 1933 1083 1963 dubitem.

983 1982 1056 2012 177.
1102 1980 1257 2020 Recessim]
1303 1978 1431 2011 Juniau.
1477 1979 1603 2009 theatro.

939 2032 1073 2062 Monent
1087 2030 1196 2061 Heius.
1214 2035 1246 2061 et
1261 2030 1370 2060 Burm.
1385 2034 1416 2059 et
1438 2027 1512 2059 alibi
1528 2028 1605 2059 talia

938 2080 1008 2112 loca
1031 2082 1155 2111 theatris
1184 2079 1368 2121 comparari,
1394 2077 1470 2120 quia
1498 2077 1601 2109 Graeci

938 2131 972 2160 in
981 2129 1110 2161 theatris
1121 2134 1293 2160 conventus
1304 2126 1480 2158 habuerint.
1510 2126 1604 2169 Ergo.

939 2179 1015 2210 Post
1043 2177 1264 2220 digressionem
1293 2182 1416 2207 revocat
1454 2175 1602 2206 lectorem

941 2227 980 2258 ad
996 2228 1183 2259 sententiam
1199 2227 1375 2268 abruptam,
1392 2225 1424 2256 h.
1443 2225 1463 2256 l.
1480 2224 1520 2255 ad
1535 2236 1601 2256 ver.

940 2278 1011 2308 166.
1068 2278 1207 2308 Recessus
1242 2282 1274 2307 et
1304 2287 1427 2307 secessus
1455 2274 1602 2306 dicuntur

937 2327 1048 2358 intima
1071 2326 1186 2357 aedium
1216 2325 1393 2360 conclavia,
1426 2325 1458 2355 in
1488 2323 1603 2366 quibus

938 2376 1063 2417 negotia
1078 2386 1190 2406 arcana
1206 2374 1331 2405 tractari
1347 2374 1499 2405 solebant.
1522 2373 1602 2405 Vide

938 2425 1095 2456 Schwarz.
1108 2425 1149 2455 ad
1164 2424 1248 2455 Plin.
1262 2425 1380 2465 Paneg.
1393 2425 1445 2454 83.
1457 2423 1477 2454 i.
1506 2423 1557 2454 Sic
1573 2429 1604 2454 et

941 2475 992 2506 vii.
1010 2475 1093 2511 670;
1118 2474 1183 2505 xiv.
1199 2475 1274 2505 261.
1288 2473 1341 2504 ubi
1366 2473 1457 2504 Circe
1476 2473 1604 2513 pulchro

941 2527 1017 2555 sedet
1053 2535 1167 2555 recessu
1197 2524 1336 2554 Sublimis
1364 2524 1445 2553 solio.
1492 2523 1604 2553 Celsior

941 2575 1000 2613 ipse
1018 2574 1089 2603 loco.
1134 2571 1300 2603 Sublimior
1316 2571 1449 2607 caeteris,
1467 2577 1502 2602 ut
1516 2581 1604 2612 reges

941 2621 1047 2653 sedere
1057 2621 1168 2657 solent,
1185 2631 1246 2663 quo
1260 2620 1382 2651 facilius
1392 2620 1603 2662 conspiciatur

940 2671 1148 2712 audiaturque
1162 2672 1201 2701 ab
1222 2670 1378 2701 omnibus.
1425 2670 1604 2710 Sceptraque

938 2722 1062 2751 innixus
1082 2722 1204 2751 eburno.
1247 2719 1378 2762 Sceptra
1394 2725 1531 2750 veterum
1556 2729 1604 2750 re-

938 2780 1012 2810 gum
1028 2775 1116 2800 erant
1129 2768 1264 2805 hastilia,
1275 2768 1376 2800 aureis
1389 2767 1516 2800 aereisve
1533 2767 1601 2800 bul-
