1763 3181
218 175 304 216 400

608 173 658 213 Ρ.
693 172 905 214 OVIDII
941 171 1219 214 NASONIS

223 289 536 337 Immoritur:
577 289 699 337 latet
722 289 857 345 haec;
898 288 1032 335 illam
1057 287 1307 351 trepidare
1331 288 1550 336 videres:

224 367 430 429 Sexque
454 365 584 413 datis
609 366 725 421 leto,
752 365 1048 428 diversaque
1073 365 1275 412 vulnera
1299 365 1476 428 passis,

226 444 414 491 Ultima
437 444 674 499 restabat,
702 459 853 507 quam
878 449 982 490 toto
1007 458 1211 506 corpore
1237 449 1412 498 mater,

222 520 351 568 Tota
365 528 502 569 veste
521 528 713 583 tegens,
738 527 768 545 “
788 520 970 576 Unam,
988 520 1344 583 minimamque
1360 520 1609 582 relinque;

225 597 303 646 De
324 598 490 645 multis
513 598 765 645 minimam
791 597 992 662 posco,”
1013 598 1258 654 clamavit,
1288 604 1317 621 “
1335 605 1385 645 et
1403 613 1551 644 unam
1571 595 1614 644 :⁹⁹

225 675 460 738 Dumque
477 682 632 738 rogat,
650 692 739 740 pro
759 692 858 739 qua
873 681 1029 737 rogat,
1047 675 1257 722 occidit:
1287 675 1406 721 orba
1430 674 1614 722 resedit

224 751 498 800 Exanimes
523 753 650 800 inter
674 759 833 809 natos,
861 759 1122 815 natasque,
1147 751 1435 814 virumque3

1515 754 1612 798 302

223 828 543 894 Diriguitque
567 831 711 878 malis
733 848 742 878 :
783 831 945 877 nullos
970 836 1135 877 movet
1159 845 1279 876 aura
1302 828 1537 893 capillos:

223 905 283 953 In
307 908 444 955 vultu
470 908 604 955 color
629 915 707 955 est
729 907 838 955 sine
863 907 1132 969 sanguine:
1172 906 1360 953 lumina
1385 907 1573 952 moestis

223 983 372 1031 Stant
395 985 600 1033 immota
623 985 791 1047 genis:
820 985 940 1031 nihil
966 990 1043 1031 est
1066 983 1115 1030 in
1136 983 1351 1045 imagine
1376 982 1487 1030 vivi.
1515 985 1613 1030 305

222 1060 342 1124 Ipsa
366 1078 567 1126 quoque
592 1062 799 1109 interius
825 1077 940 1108 cum
964 1061 1086 1108 duro
1111 1060 1281 1123 lingua
1305 1061 1472 1124 palato

224 1138 486 1202 Congelat,
514 1147 564 1187 et
586 1156 724 1187 venae
749 1139 1002 1187 desistunt
1021 1155 1169 1202 posse
1195 1138 1408 1195 moveri;

224 1215 272 1263 N
277 1232 332 1264 ec
358 1217 492 1265 flecti
516 1217 700 1273 cervix,
728 1233 820 1264 nec
846 1215 1049 1264 brachia
1072 1216 1277 1263 reddere
1303 1222 1490 1278 gestus,

225 1293 334 1341 Nec
356 1311 446 1358 pes
466 1295 535 1343 ire
550 1301 717 1359 potest
734 1312 744 1342 :
764 1295 892 1342 intra
906 1310 1108 1358 quoque
1123 1294 1313 1341 viscera
1328 1309 1504 1341 saxum
1521 1300 1612 1342 est.

226 1370 338 1418 Flet
356 1379 540 1428 tamen,
558 1380 608 1420 et
631 1372 780 1420 validi
806 1373 1115 1420 circumdata
1136 1373 1334 1420 turbine
1357 1372 1492 1420 venti
1517 1376 1615 1420 310

226 1447 285 1495 In
311 1450 522 1512 patriam
548 1457 690 1514 rapta
713 1458 817 1508 est;
857 1450 943 1497 ubi
968 1450 1069 1497 fixa
1092 1449 1353 1497 cacumine
1378 1449 1560 1496 montis

227 1524 470 1590 Liquitur,
491 1534 542 1575 et
565 1528 794 1575 lacrimas
814 1528 1084 1576 etiamnum
1110 1543 1355 1575 marmora
1389 1534 1612 1575 manant.

268 1698 343 1729 298.
358 1698 473 1730 Ultima
487 1702 628 1737 restabat,
645 1701 722 1741 etc.]
736 1702 783 1732 Ex
797 1701 886 1742 Argi-

225 1757 334 1778 vorum
358 1748 524 1780 traditione
547 1749 616 1780 duae
638 1755 768 1781 servatae
789 1756 888 1786 erant,

225 1796 391 1834 Meliboea,
428 1804 538 1840 postea
572 1799 695 1831 Chloris
731 1799 827 1836 dicta,
857 1806 889 1830 et

225 1845 370 1888 Amycla,
387 1847 499 1889 haeque
515 1849 666 1891 templum
684 1849 810 1880 Latonae
833 1860 887 1880 ex-

226 1902 414 1926 struxerant.
448 1897 524 1927 vid.
543 1898 725 1934 Pausanias,
742 1898 887 1929 Corinth.

225 1956 256 1986 p.
275 1945 346 1975 160.
363 1945 416 1986 qui
434 1945 532 1983 addit,
549 1957 581 1977 se
599 1948 768 1978 Homerum
788 1948 888 1989 sequi,

227 1993 280 2035 qui
333 1994 453 2025 nullam
493 1996 681 2037 superfuisse
729 2005 889 2028 memoret.

226 2042 383 2084 Hyginus,
425 2044 532 2075 fabula
570 2046 619 2076 10.
651 2046 758 2081 tradit,
793 2057 888 2077 unam

228 2091 368 2129 Chlorin,
393 2100 521 2134 nuptam
548 2095 662 2130 Neleo,
691 2095 888 2137 superstitem

227 2141 332 2177 fuisse,
349 2141 522 2183 eademque
537 2143 660 2174 Chloris
674 2144 808 2175 occurrit
824 2146 888 2175 Ho-

227 2200 324 2224 mero.
340 2191 451 2222 Od.A.
467 2193 537 2223 180.
561 2193 768 2234 Apollodorus
783 2200 890 2225 auctor

226 2246 284 2276 est,
297 2240 392 2271 etiam
407 2252 503 2272 unum
520 2242 617 2272 filium
634 2250 802 2280 servatum,
815 2244 888 2274 Am-

228 2288 357 2331 phiona.
402 2290 452 2321 Sic
478 2291 540 2322 fere
562 2297 593 2322 et
614 2292 786 2323 Elidenses.
805 2294 889 2324 Pau-

227 2349 294 2370 san.
310 2351 339 2369 v.
354 2351 385 2381 p.
401 2341 475 2370 417.

272 2389 346 2419 303.
365 2390 520 2431 Dirignit,
539 2397 680 2421 naturam
696 2402 822 2422 saxeam
840 2403 890 2423 ac-

229 2437 323 2479 cepit,
342 2443 378 2469 ut
392 2450 421 2469 v.
439 2440 508 2470 186.
553 2440 614 2470 Sed
637 2440 720 2471 idem
741 2446 773 2472 et
794 2441 833 2473 de
854 2441 891 2473 iis

228 2486 366 2528 ponitur,
384 2498 461 2529 quos
476 2500 616 2520 summus
628 2489 714 2520 dolor
724 2496 777 2520 aut
790 2496 891 2522 metus

229 2535 362 2568 invadit.
392 2537 447 2567 vii.
478 2539 548 2569 115.
595 2540 702 2580 quue
729 2550 820 2570 sensu
850 2541 889 2571 ab

228 2584 318 2616 initio
342 2585 427 2617 dicta
441 2586 564 2618 videtur
588 2587 691 2618 Niobe
715 2587 890 2629 diriguisse.

230 2634 314 2665 Vide
344 2635 384 2665 ad
413 2636 483 2667 146.
538 2636 717 2668 Secundum
743 2638 891 2668 Nostrum

230 2683 348 2715 Thebis
374 2690 494 2716 mutata
516 2691 548 2717 et
573 2692 665 2717 vento
695 2686 727 2716 in
749 2686 891 2729 Sipylum

230 2732 380 2764 translata
407 2739 473 2773 est;
497 2735 580 2777 quod
610 2735 741 2767 mireris.
795 2737 890 2778 Apud

958 1701 1034 1732 alios
1051 1707 1202 1737 auctores,
1218 1700 1334 1732 relictis
1350 1700 1479 1737 Thebis,
1497 1701 1536 1731 ad
1558 1712 1616 1743 pa-

957 1756 1034 1781 trem
1064 1751 1154 1787 redit,
1176 1756 1208 1781 et
1233 1750 1265 1780 in
1288 1750 1354 1792 ipso
1381 1750 1499 1791 Sipylo,
1522 1761 1618 1792 quum

958 1799 1026 1841 ipsa
1048 1800 1106 1831 hoc
1127 1811 1146 1831 a
1169 1802 1248 1832 Jove
1268 1799 1418 1841 petiisset,
1434 1800 1468 1830 fit
1483 1799 1618 1841 lapidea.

958 1849 1136 1880 Secundum
1165 1851 1348 1885 Homerum,
1365 1851 1496 1891 diriguit
1523 1850 1618 1880 etiarn

958 1899 1101 1941 populuS.

1001 1950 1075 1980 306.
1088 1949 1212 1991 Lingua
1225 1961 1235 1986 ,-
1252 1959 1321 1990 quae
1335 1954 1445 1990 peccat
1458 1959 1539 1991 pars,
1550 1949 1618 1980 luat

956 2009 1076 2040 paenas.

1000 2049 1073 2079 311.
1099 2048 1224 2083 Montis,
1242 2047 1353 2090 Sipyli.
1398 2048 1447 2079 Ibi
1466 2054 1618 2091 perpetuo

956 2097 1030 2128 flere
1071 2097 1266 2128 credebatur.
1316 2097 1493 2134 Lacrimas;
1524 2098 1618 2139 vulgo

957 2147 1089 2177 lacrimis
1118 2147 1179 2186 (ita
1211 2156 1336 2188 quoque
1366 2147 1459 2188 Regii
1489 2148 1617 2188 nostri.)

957 2195 1000 2226 At
1019 2207 1143 2227 manure
1164 2195 1277 2238 passim
1306 2207 1376 2228 curn
1403 2207 1478 2227 casu
1507 2204 1618 2239 quarto

955 2245 1124 2286 reperitur:
1151 2245 1221 2276 vide
1246 2245 1424 2281 Ileinsium,
1449 2246 1502 2287 qui
1526 2247 1616 2288 plura

955 2293 1085 2336 hujusce
1101 2295 1240 2337 syntaris
1251 2295 1395 2336 exempla
1410 2295 1513 2326 refert.
1549 2298 1615 2328 No—

956 2350 1051 2375 strum
1065 2345 1215 2387 expressit
1228 2345 1358 2380 Seneca,
1370 2345 1616 2385 Agamemnone,

957 2394 1030 2424 371.
1048 2393 1101 2424 ubi
1127 2394 1165 2425 de
1186 2393 1307 2424 Niobe:
1332 2394 1399 2424 Stat
1422 2406 1502 2425 nunc
1518 2395 1617 2435 Sip-uli.

958 2446 1067 2474 rea-tice
1082 2455 1190 2474 summo
1208 2444 1321 2474 Flebile
1337 2454 1450 2479 simum,
1465 2444 1504 2474 E!
1517 2446 1616 2475 adhuc

958 2495 1095 2523 lacrimas
1104 2494 1404 2533 marmorafundunt
1418 2494 1550 2533 Antiqua
1562 2505 1614 2524 no-

958 2554 1017 2573 ras.
1033 2542 1148 2573 Confer
1159 2549 1189 2573 et
1199 2542 1339 2584 I'ropert.
1353 2542 1396 2573 lI.
1407 2542 1468 2573 xvi.
1480 2544 1509 2574 7.
1533 2544 1615 2575 Fon-

957 2598 1020 2622 tem
1036 2592 1150 2622 fabulae
1167 2591 1301 2622 ostendit
1318 2593 1454 2622 I'ausan.
1470 2592 1570 2623 Attio.
1586 2604 1616 2635 p.

960 2642 1013 2672 49.
1035 2641 1088 2672 ubi
1107 2649 1220 2678 narrat,
1236 2652 1280 2678 se,
1295 2648 1329 2673 ut
1346 2642 1470 2673 Nioben
1490 2649 1615 2684 specta-

959 2696 1016 2726 ret,
1039 2691 1215 2722 ascendisse
1240 2691 1270 2721 in
1296 2691 1438 2732 Sipylum
1467 2698 1615 2728 montem,

958 2740 1064 2781 ibique
1081 2739 1192 2771 vidisse
1209 2751 1317 2782 rupem
1331 2740 1533 2782 praecipitem,
1545 2752 1613 2783 quae
