1729 3207
218 215 301 256 148

603 213 653 252 P.
688 211 900 253 OVIDlI
935 211 1216 253 NASONIS

217 329 370 390 Finge
395 328 537 374 datos
563 342 757 374 currus:
799 326 919 388 quid
945 324 1094 388 agas?
1133 327 1379 389 poterisne
1406 328 1578 374 rotatis

217 404 406 451 Obvius
434 403 502 450 ire
528 403 668 466 polis,
697 418 759 449 ne
783 409 831 449 te
857 402 984 449 citus
1011 401 1202 449 auserat
1226 402 1367 450 axis?

1535 407 1596 450 75

217 480 445 527 Forsitan
470 487 520 526 et
544 479 682 525 lucos
708 477 823 534 illic,
851 479 1118 541 urbesque,
1146 479 1419 541 domosque

217 556 484 620 Concipias
510 555 687 610 animo,
715 555 1023 618 delubraque
1048 554 1171 601 ditia
1194 555 1337 602 donis

218 633 371 680 Esse:
411 648 498 696 per
522 631 725 678 insidias
751 631 842 678 iter
867 637 958 686 est,
985 630 1268 694 formasque
1293 630 1533 680 ferarum:

217 709 388 772 thue
412 709 540 756 viam
565 715 752 763 teneas,
781 707 1014 770 nulloque
1041 723 1202 755 errore
1223 707 1460 764 traharis;

216 785 315 833 Per
339 792 507 832 tamen
532 784 723 832 adversi
749 783 986 846 gradieris
1012 799 1196 831 cornua
1220 783 1385 839 Tauri,

1536 788 1597 831 80

214 861 605 924 Haemoniosque
633 872 791 916 arcus,
817 860 1119 923 violentique
1145 877 1230 908 ora
1254 860 1449 917 Leonis,

216 939 459 1001 Saevaque
484 938 692 985 circuitu
718 943 1004 984 curvantem
1026 937 1228 984 brachia
1251 938 1399 1000 longo

216 1015 473 1080 Scorpion,
487 1021 638 1078 atque
655 1014 798 1061 aliter
810 1019 1096 1061 curvantem
1110 1014 1314 1061 brachia
1328 1014 1595 1062 Cancrum.

255 1148 310 1178 74.
337 1147 490 1178 Poterisne
508 1149 624 1182 rotatis,
642 1146 719 1187 etc.]
745 1146 871 1177 Coelum

213 1201 354 1227 movetur
374 1196 457 1227 circa
473 1197 569 1236 polos:
594 1195 625 1226 hi
647 1206 719 1237 ergo
735 1201 806 1226 sunt
820 1207 872 1227 ve-

213 1246 270 1277 luti
286 1252 356 1276 ¹ratze
371 1247 447 1277 cu'li.
492 1247 563 1277 Jam
581 1247 695 1276 obvium
711 1247 755 1276 ire
767 1248 873 1276 rotatis

209 1297 286 1334 polis
309 1301 356 1326 est
379 1295 400 1326 i.
416 1306 447 1336 q.
462 1295 555 1336 paulo
579 1300 664 1331 ante,
681 1296 786 1334 rapidi»
811 1296 874 1325 orbi

212 1351 315 1375 contra
333 1345 435 1381 evehi3
461 1355 532 1374 nam
547 1355 600 1386 per
613 1345 691 1383 polos
710 1355 792 1375 nunc
808 1354 874 1375 om-

212 1393 286 1424 nino
322 1394 439 1424 coelum
482 1393 703 1435 intelligemus.
765 1394 875 1424 Molem

214 1449 343 1473 rotatum
367 1443 461 1473 habet
485 1442 567 1473 Plin.
586 1443 667 1473 Hist.
693 1444 767 1473 Nat.
784 1443 817 1474 ii.
833 1444 874 1482 3;

213 1492 380 1523 Claudian-
396 1504 427 1522 ν.
444 1492 517 1522 527.
533 1494 604 1522 dum
627 1498 702 1522 rotet
724 1498 806 1522 astra
822 1504 875 1532 po-

214 1543 270 1577 lus,
287 1541 339 1572 ubi
363 1541 494 1572 Gesner.
510 1546 608 1577 notat,
623 1541 785 1583 pulchram
808 1552 874 1572 esse

214 1591 424 1632 phantasiam,
450 1590 539 1632 quasi
564 1596 666 1621 motus
687 1590 875 1632 principium

214 1639 298 1670 sitin
314 1649 372 1670 axe
388 1639 452 1675 illo,
469 1639 552 1670 circa
568 1650 661 1680 quem
676 1639 790 1669 coelum
807 1650 874 1670 ver-

214 1688 300 1720 titur.
344 1689 455 1730 Itaque
476 1693 507 1718 et
522 1687 656 1719 Ovidius
677 1687 776 1724 addit,
791 1700 828 1719 ne
849 1694 877 1718 te

213 1741 300 1775 citus,
316 1743 376 1769 etc.

259 1789 310 1818 77.
350 1788 504 1826 szcipias
538 1786 663 1826 animm]
706 1785 872 1824 Φαντάζη.

216 1838 321 1872 Donis,
337 1836 369 1866 in
385 1835 499 1877 quibus
516 1846 590 1866 vasa
605 1835 637 1865 in
651 1834 757 1877 primis
776 1845 873 1866 sacrat.

213 1885 255 1916 cf.
281 1885 394 1926 Virgil.
423 1884 552 1915 AEneid.
581 1884 602 1914 i.
632 1884 707 1914 446.
763 1884 873 1914 Formoe

204 1934 350 1975 ferm-nm
372 1938 444 1964 sunt
469 1933 541 1963 ferae
567 1933 662 1974 ipsae:
690 1931 761 1962 vide
788 1932 827 1963 ad
847 1931 871 1963 i.

214 1984 269 2014 73.
316 1982 437 2013 Insidiae
466 1988 495 2012 et
513 1983 605 2024 ferae,
629 1983 666 2013 ’ἐν
693 1980 743 2011 διὰ
767 1979 868 2018 δυοῖν,

213 2032 285 2063 ferae
315 2031 510 2062 insidiantes.
556 2031 741 2071 Intelligunt
769 2038 869 2061 autem

214 2080 317 2112 sidera
331 2080 467 2116 Zodiaci,
481 2091 550 2121 quae
567 2086 719 2110 certarum
733 2079 870 2110 animan-

213 2129 291 2161 tium
330 2130 444 2169 figuras
480 2129 627 2160 referunt.
689 2129 731 2159 Ut
766 2135 870 2165 tenens,

215 2179 296 2220 finge
312 2184 342 2209 te
358 2184 472 2210 tenere.
520 2179 631 2209 Errare
645 2179 724 2209 trahi
739 2178 871 2219 exquisx-

213 2228 274 2259 tius
291 2239 384 2270 quam
400 2239 512 2258 errare.

259 2278 310 2308 80.
339 2278 396 2307 Per
422 2283 519 2307 tamen
545 2276 688 2317 adversi]
726 2276 873 2318 Loquitur

213 2325 268 2362 ita,
293 2331 327 2356 ut
351 2325 396 2356 sol
421 2325 526 2356 omnia
548 2325 608 2356 ista
630 2325 719 2367 signa
741 2337 802 2356 uno
825 2325 873 2356 die

214 2386 391 2417 percurrere
405 2374 558 2411 videatur,
575 2385 645 2416 quae
667 2385 728 2405 non
749 2374 807 2405 nisi
826 2374 870 2405 in-

213 2424 292 2465 tegri
318 2424 391 2455 anni
421 2424 520 2466 spatio
545 2424 717 2466 percurrit3
751 2424 783 2455 in
813 2435 872 2466 quw>

215 2473 312 2503 utitur
329 2473 455 2503 licentia
470 2472 568 2514 poetis
580 2483 737 2509 concessa,
754 2479 788 2504 ut
801 2479 867 2504 tan·

213 2527 245 2552 to
269 2522 375 2552 fortius
397 2522 552 2552 deterreat
567 2522 706 2552 animum
721 2523 868 2553 audacem

215 2571 419 2603 Phaethontis
445 2582 463 2601 a
488 2571 660 2613 proposito:
685 2571 751 2602 vid.
777 2571 869 2604 Alex,

215 2620 383 2651 'rassonius
396 2621 427 2651 in
444 2622 536 2651 Pens.
553 2621 616 2651 div.
633 2621 676 2651 ix.
694 2622 756 2660 363
779 2632 870 2663 quem

213 2668 357 2699 laudavit
378 2669 549 2699 Burmann.
590 2669 747 2700 Recenset
767 2676 871 2701 autem

214 2717 397 2748 saevissimas
425 2723 545 2749 tanturn
571 2718 694 2754 formas,
718 2723 750 2749 et
778 2729 815 2749 ea
840 2717 874 2749 in

215 2766 320 2808 primis
336 2767 484 2802 nominat,
498 2778 516 2798 a
531 2767 644 2809 quibus
658 2767 719 2798 illae
732 2773 871 2798 metuen-

939 1146 985 1176 dae
1001 1151 1084 1176 sunt.
1132 1146 1227 1176 Tauri
1243 1145 1363 1186 signum
1380 1146 1426 1176 sol
1444 1146 1598 1187 ingredie—

935 1195 1030 1227 batur
1057 1195 1087 1225 iv
1113 1196 1186 1226 Kal.
1209 1195 1309 1233 Maii,
1333 1195 1445 1226 Manil.
1468 1196 1490 1225 i.
1515 1197 1598 1228 516:

939 1245 1058 1285 Quique
1086 1246 1139 1275 sub
1161 1247 1256 1275 aversi
1282 1251 1482 1275 numerantur
1505 1247 1600 1276 sidere

941 1294 1048 1324 Tauri.
1093 1294 1177 1335 Hyg.
1205 1294 1329 1324 Astron.
1361 1293 1406 1324 iii.
1439 1294 1501 1324 20:
1537 1294 1599 1325 Hic

937 1344 1058 1374 Taurus
1073 1354 1192 1374 aversus
1205 1345 1305 1373 oritur
1320 1349 1351 1374 et
1364 1345 1484 1374 occidit.
1516 1343 1600 1375 Hinc

940 1392 1088 1433 Scaliger,
1113 1392 1152 1422 ad
1177 1391 1290 1423 Manil.
1314 1403 1348 1433 p.
1371 1393 1405 1423 9.
1428 1391 1599 1428 contendit,

940 1448 971 1473 et
986 1442 1036 1472 hic
1052 1444 1147 1473 aversi
1158 1441 1325 1483 legendum
1339 1451 1417 1472 esse.
1461 1440 1504 1471 At
1516 1451 1598 1472 nunc

941 1503 1001 1522 non
1035 1490 1193 1533 quaeritur,
1224 1491 1378 1532 quomodo
1414 1490 1446 1520 in
1484 1489 1599 1521 coelum

940 1541 1044 1572 veniat
1066 1547 1096 1572 et
1118 1540 1190 1571 inde
1206 1540 1350 1576 decedat,
1365 1540 1419 1570 sed
1434 1550 1495 1581 quo
1510 1550 1598 1581 spec-

940 1596 995 1621 tet.
1040 1591 1158 1630 Spectat
1173 1596 1278 1621 autem
1292 1591 1330 1620 ad
1346 1595 1479 1620 exortum
1493 1590 1577 1619 salem
1591 1602 1599 1619 .·

939 1639 1057 1680 Hygin.
1073 1639 1198 1670 Astron.
1214 1639 1248 1669 ii.
1264 1640 1316 1669 21.
1361 1639 1461 1679 Igitur
1483 1639 1599 1668 adversi

940 1688 1147 1719 retinendum.
1198 1688 1244 1718 Eo
1267 1687 1333 1729 ipso
1355 1686 1501 1717 terribilis
1524 1692 1601 1723 erat,

941 1736 1023 1779 quod
1043 1739 1183 1767 adversus
1193 1748 1203 1773 ,-
1226 1741 1333 1767 contra
1348 1737 1442 1766 aversi
1458 1735 1601 1766 adversa-

940 1791 989 1817 tur
1004 1785 1132 1816 consilio
1147 1785 1274 1816 Phoebi.

983 1836 1035 1866 81.
1060 1835 1226 1865 Haemonios
1246 1834 1362 1875 arens]
1389 1833 1599 1875 Sagittarium,

940 1885 993 1927 qui
1013 1885 1137 1926 fingitur
1155 1896 1230 1915 arcu.
1252 1890 1352 1920 tenso,
1369 1883 1457 1925 quasi
1477 1882 1598 1913 mittere

939 1933 1104 1975 incipiens.
1152 1933 1316 1964 Haemonios
1333 1943 1388 1963 seu
1403 1931 1598 1962 Thessalicos

940 1982 1021 2022 (vid.
1038 1982 1078 2013 ad
1101 1982 1122 2012 i.
1138 1982 1229 2020 568.)
1245 1983 1319 2024 quia
1341 1981 1516 2023 complures
1539 1986 1600 2011 tra-

937 2031 1064 2067 debant,
1080 2031 1163 2061 hunc
1179 2030 1379 2072 Sagittarium
1395 2036 1487 2060 antea
1503 2029 1596 2060 fuisse

938 2080 1148 2111 Centaurum:
1164 2079 1280 2121 Hygin.
1295 2080 1332 2109 P.
1344 2078 1384 2108 A.
1395 2079 1426 2109 ii.
1437 2080 1490 2109 27.
1514 2078 1598 2109 Cen-

937 2129 1018 2160 tauri
1034 2134 1137 2159 autem
1151 2134 1239 2159 erant
1254 2128 1405 2159 Thessali.

981 2179 1032 2208 82.
1058 2177 1219 2217 Brachia]
1245 2177 1353 2208 Chelae
1376 2176 1505 2219 Scorpii,
1529 2186 1599 2217 quae

938 2227 1033 2258 etiam
1048 2238 1161 2257 cornua
1175 2226 1315 2268 etfarcae
1330 2226 1490 2256 dicuntur.
1517 2225 1598 2256 Cur-

939 2283 992 2307 vat
1010 2275 1141 2307 brachia
1165 2278 1249 2318 longo
1265 2277 1410 2311 circuitu,
1428 2275 1502 2316 quia
1517 2274 1597 2305 inte-

940 2325 986 2366 gri
1002 2324 1081 2366 signi
1097 2324 1229 2366 spatium
1242 2325 1448 2366 occupabant,
1460 2334 1523 2354 ver.
1536 2324 1597 2354 195

939 2385 1008 2416 sqq.
1053 2374 1157 2404 Stellae
1182 2374 1264 2404 enim
1288 2374 1367 2404 inter
1383 2373 1542 2414 Virginem
1568 2378 1599 2403 et

938 2423 1098 2465 Scorpion,
1110 2433 1188 2464 quas
1199 2423 1289 2453 hodie
1302 2422 1425 2453 Libram
1438 2432 1599 2458 vocamus,

937 2473 1011 2503 olim
1040 2483 1100 2503 non
1127 2478 1214 2503 erant
1237 2473 1394 2514 peculiare
1419 2471 1515 2507 sidus,
1540 2470 1595 2501 sed

936 2521 1151 2552 tribuebantur
1167 2521 1265 2552 chelis
1279 2521 1408 2563 Scorpii.
1449 2520 1532 2551 Hinc
1548 2520 1596 2550 in-

936 2570 1124 2612 telligendus
1151 2570 1261 2611 Virgil.
1276 2572 1317 2601 G.
1341 2571 1361 2601 i.
1383 2571 1435 2601 33.
1481 2571 1593 2605 Aliter,

936 2619 967 2650 in
981 2620 1074 2651 aliam
1089 2619 1256 2661 regionem.

979 2671 1033 2700 83.
1068 2670 1127 2700 Hic
1158 2669 1277 2699 scilicet
1308 2679 1411 2700 versus
1440 2678 1596 2702 occasum,

936 2718 990 2750 ille
1005 2719 1153 2750 orientem
1171 2723 1302 2760 spectat.
