1763 3181
424 162 1046 205 METAMORPHOSEON
1080 164 1200 205 LIB.
1235 164 1344 205 VII.

1479 164 1564 206 485

172 277 436 334 Redditur,
463 285 515 325 et
539 278 710 325 dulces
736 279 1046 326 concorditer
1070 279 1227 341 exigit
1251 294 1423 326 annos.

174 354 275 402 Dat
298 355 419 401 mihi
444 364 699 419 praeterea,
723 362 964 418 tanquam
989 372 1043 403 se
1065 371 1217 420 parva
1235 356 1458 403 dedisset

171 431 333 489 Dona,
350 448 527 479 canem
547 449 727 479 munus
747 449 756 480 :
786 448 938 495 quem
958 449 1114 496 quum
1140 449 1230 480 sua
1249 433 1468 480 traderet
1492 432 1562 478 illi

171 507 415 572 Cynthia;
446 510 732 557 “currendo
751 510 1278 574 superabit‚'’dixerat‚
1294 508 1560 556 “omnes’'

171 584 272 632 Dat
305 586 452 633 simul
487 593 538 634 et
564 588 805 650 jaculum,
833 588 1063 635 manibus
1090 587 1240 650 quod,
1268 587 1446 643 cernis,
1473 586 1558 632 ha-

366 663 558 710 bemus.

1463 665 1558 709 756

234 737 460 787 Muneris
485 740 687 787 alterius
714 756 827 803 quae
854 741 919 787 sit
942 739 1139 787 fortuna
1162 739 1405 802 requiris?

167 814 386 879 Accipe:
425 816 636 864 mirandi
661 818 879 865 novitate
902 819 1165 865 movebere
1190 816 1324 863 facti.

168 891 404 940 Carmina
429 893 639 942 Laiades
666 911 765 942 non
790 896 1044 943 intellecta
1068 894 1285 959 priorum

166 1052 240 1074 nus.
286 1043 392 1085 Exigit
402 1055 413 1081 ,·
436 1043 709 1086 plurimi,egimus.
756 1045 830 1075 Eri-

165 1094 224 1134 git,
235 1091 300 1133 agit
314 1105 322 1131 3
340 1092 503 1135 Virgilius,
516 1094 592 1124 AEn.
604 1094 626 1124 i.
639 1094 696 1123 74:
725 1094 832 1126 Omnes

164 1147 201 1171 ut
217 1148 314 1172 tecum
333 1153 426 1173 annos
440 1144 552 1184 exigat.
596 1142 741 1174 Venusta
761 1153 830 1174 sen-

165 1191 261 1222 tentia
279 1191 370 1222 estin
383 1199 526 1232 tanquam
540 1203 579 1228 se,
595 1197 658 1223 etc.

208 1240 284 1271 759.
311 1241 454 1272 Carmina
471 1241 614 1277 Laiades,
631 1241 710 1282 etc.]
738 1241 830 1273 Hanc

164 1288 281 1320 fabulae
303 1296 425 1332 partem
447 1296 574 1322 narrant
599 1290 695 1321 etiam
712 1291 830 1322 Pausa-

164 1337 246 1375 nias,
263 1340 369 1371 Boeot.
383 1351 415 1382 p.
431 1341 514 1378 746;
538 1339 719 1371 Antoninus
737 1340 830 1371 Libe-

163 1387 248 1425 ralis,
264 1399 334 1431 cap.
354 1390 412 1420 ult.
423 1402 431 1429 ;
456 1390 674 1431 Palaephatus,
694 1401 768 1432 cap.
786 1392 804 1421 8
821 1403 828 1429 3

162 1436 288 1474 Suidas‚
301 1437 335 1468 in
350 1438 529 1480 Τελμίσια;
552 1438 712 1480 Hyginus,
735 1439 772 1469 P.
786 1439 829 1470 A.

164 1485 200 1517 ii.
221 1488 276 1518 35.
323 1487 465 1524 Laiades,
481 1487 627 1529 OEdipus,
644 1487 712 1518 Laii
737 1487 830 1524 filius,

162 1537 310 1572 carmina,
337 1537 473 1577 aenigma
501 1535 660 1578 Sphingis,
691 1547 761 1577 quae
791 1537 830 1568 ob

163 1587 310 1627 ambages,
325 1585 460 1627 aenigma
486 1586 653 1617 obscurum
677 1592 708 1616 et
732 1586 830 1617 ambi-

162 1644 259 1675 guum
281 1641 362 1666 vates
381 1636 505 1666 obscura
527 1640 604 1671 erat,
621 1635 758 1670 solverat,
775 1646 827 1666 ex-

163 1683 336 1726 plicuerat;
368 1694 431 1726 quo
452 1685 535 1715 facto
557 1689 729 1716 monstrum
749 1684 829 1716 illud

161 1733 201 1764 de
224 1738 341 1770 monte,
356 1743 451 1775 quem
471 1734 611 1770 tenebat,
627 1744 661 1764 se
685 1733 829 1776 praecipi-

163 1787 296 1814 taverat.
351 1782 493 1818 Carmen,
519 1783 654 1814 formula
678 1793 827 1824 quaecun-

162 1842 224 1872 que
244 1832 420 1863 verborum.
466 1832 659 1873 Quanquam
682 1830 827 1872 aenigma,

159 1880 239 1911 illud
253 1880 373 1922 Sphinx
391 1890 410 1911 a
423 1880 528 1912 Musis
543 1880 656 1911 edocta
678 1880 828 1912 credeba-

161 1937 222 1966 tur,
233 1935 363 1971 eratque
377 1929 514 1961 carmine
529 1934 730 1972 conceptum,
742 1930 827 1961 unde

162 1979 314 2021 χρησμὸς
334 1985 477 2010 vocatur.
512 1977 596 2009 Vide
624 1979 762 2009 Valken.
785 1979 826 2010 ad

161 2026 305 2069 Euripid.
317 2027 434 2058 Phoen.
445 2027 498 2058 50.
524 2025 673 2058 Similiter
688 2027 825 2069 AEschy-

159 2074 221 2112 lus,
230 2076 323 2107 Eum.
332 2076 406 2107 308.
416 2075 547 2118 μοῦσαν
557 2076 731 2118 στυγερὰν,
743 2079 828 2107 triste

161 2136 295 2163 carmen,
313 2131 419 2157 vocat.
465 2125 595 2167 Ingenio
609 2135 687 2168 opus
703 2130 770 2156 erat
787 2125 827 2157 ad

161 2175 297 2217 aenigma
317 2175 571 2217 intelligendum.
618 2175 750 2211 Priores,
770 2175 825 2206 ho-

96 2261 103 2265 ,
160 2223 262 2256 mines
275 2230 348 2256 ante
362 2223 528 2267 OEdipodis
542 2223 725 2255 adventum.
754 2225 826 2255 Am-

162 2274 249 2315 bages
263 2273 302 2305 de
317 2274 511 2305 sermonibus
530 2273 670 2304 obscuris
683 2279 715 2304 et
729 2273 827 2304 ambi-

161 2322 242 2364 guis.
285 2322 326 2354 In
348 2324 500 2353 immemor·
514 2323 674 2364 ambagum
690 2332 752 2353 non
769 2327 827 2359 est,

163 2376 199 2403 ut
212 2370 413 2403 Schirachius
431 2372 576 2414 putabat,
591 2381 764 2403 sarcasmus
780 2371 830 2402 in-

164 2425 275 2464 eptus;
289 2420 345 2452 sed
358 2420 438 2452 talia
451 2421 552 2452 solent
567 2421 606 2452 de
621 2421 751 2452 mortuis
763 2420 829 2452 sine

164 2475 345 2513 contemptu
364 2470 438 2502 dici.
482 2470 586 2502 Recte
605 2470 725 2513 Sphinx
748 2477 830 2501 vates

163 2519 289 2557 dicitur,
311 2519 386 2562 quia
408 2522 544 2551 carmina
564 2520 710 2556 canebat,
726 2529 826 2561 eaque

164 2570 301 2606 obscura,
347 2579 410 2600 non
454 2568 618 2600 intellecta
658 2568 825 2611 prioribus.

164 2617 342 2649 Monstrum
361 2617 442 2649 illud
464 2618 623 2649 Thebanis
647 2617 829 2654 immiserat,

163 2666 337 2697 secundum
357 2667 446 2704 alios,
461 2667 608 2699 Bacchus
623 2666 745 2708 (Schol.
760 2667 827 2697 He-

166 2714 256 2751 siodi,
265 2726 298 2756 p.
313 2716 373 2746 261
386 2715 411 2756 ς)
432 2716 606 2748 secundum
622 2715 710 2751 alios,
723 2716 807 2748 Juno
819 2725 828 2753 ς

208 2764 311 2795 VOL.
333 2765 398 2796 ΠΙ.

898 1044 1116 1086 Apollodorus,
1139 1042 1184 1074 iii.
1205 1045 1243 1081 53
1267 1041 1373 1073 Schol.
1391 1040 1560 1083 Euripidis,

900 1094 938 1125 ad
963 1093 1077 1124 Phoen.
1095 1094 1188 1124 1748.
1233 1092 1323 1122 Forte
1347 1090 1400 1122 alii
1423 1090 1559 1121 tradide-

898 1148 980 1179 rant,
992 1153 1010 1173 a
1027 1142 1166 1172 Themide
1181 1141 1213 1172 id
1229 1140 1358 1176 factum,
1370 1145 1454 1171 certe
1465 1139 1561 1180 aenig-

898 1202 950 1223 ma
964 1191 1208 1234 suppeditatum.
1251 1190 1313 1222 Sed
1333 1190 1505 1225 dubitatur,
1522 1199 1563 1219 an

900 1241 1034 1272 Ovidius
1052 1241 1120 1271 haec
1140 1240 1307 1282 scripserit,
1321 1250 1390 1281 quae
1412 1238 1562 1269 Heinsius

898 1289 987 1320 nobis
1015 1289 1112 1321 dedit.
1163 1290 1247 1320 Nam
1271 1295 1364 1319 antea
1387 1287 1558 1318 edebatur:

900 1339 1045 1369 Carmina
1070 1339 1202 1369 Naiades
1227 1350 1286 1368 non
1306 1338 1461 1367 intellecta
1478 1338 1560 1376 prio-

897 1398 966 1417 rum
982 1388 1109 1418 Solvmzt
1121 1388 1428 1429 ingeniis—suarum,
1440 1386 1561 1416 Scilicet

897 1438 977 1467 alma
1002 1437 1135 1468 Themis:
1159 1447 1213 1467 nec
1237 1437 1312 1466 talia
1338 1436 1425 1475 liquit
1448 1435 1561 1466 inulta.

898 1487 1045 1517 Protinus
1054 1488 1159 1517 Aoniis
1174 1487 1299 1516 immissa
1311 1491 1353 1516 est
1368 1485 1467 1515 bellua
1485 1484 1560 1514 The-

897 1536 951 1571 bis,
975 1536 1067 1567 Cessit
1091 1543 1121 1566 et
1144 1537 1232 1566 esitio
1255 1535 1375 1565 multis:
1407 1534 1562 1574 pecorique

896 1587 1008 1626 sibique
1024 1586 1187 1621 Ruricolae,
1203 1590 1264 1615 etc.
1297 1584 1376 1614 Eam
1391 1582 1559 1614 lectionem

898 1634 1070 1665 defendunt
1098 1633 1292 1670 Parrhasius,
1317 1632 1417 1675 Epist.
1439 1632 1560 1668 Quaest.

897 1684 950 1714 38.
979 1690 1010 1715 et
1038 1683 1250 1715 Schirachius.
1296 1681 1483 1723 Intelligunt
1511 1679 1559 1711 illi

898 1734 1039 1766 Naiadas
1049 1733 1203 1775 nymphas
1212 1731 1453 1767 Cithaeronidas,
1462 1730 1561 1772 Apol-

896 1783 967 1814 linis
983 1783 1128 1819 nutrices‚
1144 1793 1215 1824 quae
1237 1781 1346 1824 priscis
1366 1779 1559 1822 temporibus

896 1831 1076 1862 vaticinatae
1096 1836 1195 1862 erant.
1240 1831 1378 1861 Pausan.
1394 1829 1499 1860 Boeot.
1514 1828 1560 1859 iii.

895 1892 926 1923 p.
943 1882 1016 1912 718.
1060 1881 1119 1911 Hae
1135 1880 1230 1921 igitur
1244 1881 1374 1915 solvunt,
1390 1878 1561 1920 explicant,

895 1933 1044 1966 carmina,
1077 1930 1218 1966 oracula,
1249 1939 1362 1970 nempe
1401 1927 1559 1959 Themidis.

894 1979 978 2010 Hinc
998 1979 1055 2010 illa
1079 1989 1140 2009 non
1160 1977 1294 2020 amplius
1315 1977 1426 2008 colitur
1447 1976 1559 2007 aThe-

894 2027 994 2064 banis,
1009 2033 1041 2058 et
1064 2026 1168 2069 imago
1186 2027 1253 2069 ejus
1272 2027 1473 2066 praecipitata,
1488 2034 1559 2067 pro-

894 2083 974 2114 ruta,
986 2077 1147 2119 intemplo
1155 2077 1253 2118 jacet.
1278 2076 1373 2106 Hunc
1383 2085 1473 2106 suum
1484 2085 1559 2106 con-

895 2131 1049 2169 temptum
1075 2136 1137 2156 non
1147 2125 1220 2156 tulit
1241 2135 1332 2166 aequo
1353 2123 1457 2154 animo
1474 2123 1558 2154 The-

895 2174 964 2211 mis,
990 2174 1045 2206 sed
1073 2173 1202 2204 immisit
1222 2172 1382 2204 Thebanis
1406 2171 1556 2208 belluam,

894 2230 957 2255 etc.
1003 2223 1063 2254 His
1081 2222 1244 2264 attingitur
1258 2221 1378 2257 fabula,
1394 2231 1489 2262 quam
1511 2221 1558 2262 ig-

893 2283 1049 2304 noramus.
1092 2272 1131 2303 In
1154 2271 1256 2302 verbis
1285 2270 1434 2301 nonnulla
1460 2269 1558 2300 offen-

895 2321 984 2353 dunt.
1029 2320 1102 2352 Non
1124 2319 1208 2351 enim
1230 2324 1368 2362 apparet,
1390 2328 1445 2349 cur
1464 2323 1558 2360 poeta

894 2377 959 2402 tam
974 2369 1178 2412 contemptim
1193 2369 1231 2400 de
1243 2367 1394 2399 Themide
1407 2367 1556 2408 loquutus

896 2421 949 2456 sit,
974 2430 1032 2450 nec
1058 2420 1094 2451 τὸ
1121 2420 1234 2450 scilicet
1256 2428 1294 2449 ex
1320 2427 1378 2448 usu
1403 2417 1555 2447 Veterum

897 2469 1087 2500 adhibitum.
1132 2467 1172 2498 Id
1199 2467 1311 2498 melius
1339 2465 1473 2508 ponitur,
1500 2465 1555 2496 ubi

896 2518 1058 2550 sententiae
1087 2516 1294 2559 proferuntur,
1321 2515 1368 2546 iii.
1402 2515 1473 2545 135.
1502 2519 1557 2544 aut

893 2577 990 2609 quum
1016 2565 1086 2608 quis
1111 2565 1291 2607 indignatur
1318 2563 1464 2594 irridetve
1495 2561 1553 2592 ali-

894 2615 981 2658 quid,
992 2615 1026 2646 ii.
1038 2616 1112 2646 471.
1159 2613 1291 2656 Aliquid
1302 2618 1406 2643 tamen
1421 2609 1554 2642 auctori-

895 2665 967 2696 tatis
983 2663 1111 2696 lectioni
1133 2663 1180 2694 illi
1203 2662 1325 2694 accedit
1345 2672 1383 2692 ex
1399 2658 1555 2691 Lactantii

895 2715 1100 2756 Argumento,
1125 2712 1178 2743 ubi
1201 2713 1268 2743 haec
1288 2712 1451 2753 leguntur:
1481 2709 1554 2739 The-

1025 2764 1044 2792 3
1062 2763 1077 2792 I
