1729 3207
178 198 261 239 114
562 196 612 238 Ρ.
646 193 859 237 OVIDII
893 190 1172 235 NASONIS

179 313 275 360 Illa
297 312 419 368 levi;
461 327 625 374 neque
651 311 713 357 ad
739 311 844 357 haec
869 307 1142 355 revocantis
1167 305 1319 353 verba
1341 303 1558 352 resistit:

179 395 210 412 “
239 389 492 453 Nympha,
531 403 720 452 precor,
762 385 933 441 Penei,
973 399 1146 432 mane:
1191 399 1288 430 non
1327 382 1563 444 insequor

379 464 552 512 hostis.

183 543 436 606 Nympha,
463 557 624 588 mane.
678 538 762 586 Sic
796 554 924 600 agna
949 538 1140 601 lupum,
1180 536 1250 583 sic
1282 550 1428 583 cerva
1463 534 1563 581 leo-

381 635 511 674 nem,
1469 613 1565 658 505

185 696 268 744 Sic
295 696 511 759 aquilam
536 710 700 758 penna
722 692 920 756 fugiunt
943 690 1225 755 trepidante
1249 688 1520 744 columbae;

185 773 369 820 Hostes
407 788 621 836 quaeque
659 787 791 818 suos.
853 769 1008 817 Amor
1040 775 1117 816 est
1150 767 1269 815 mihi
1307 780 1460 813 causa
1489 781 1565 812 se-

385 848 588 913 quendi.

185 927 272 974 Me
297 925 556 974 miserum!
595 941 656 972 ne
681 940 837 989 prona
860 924 1028 980 cadas,
1055 922 1319 985 indignave
1343 920 1456 968 laedi

189 1005 347 1052 Crura
365 1012 536 1051 secent
557 1011 722 1050 sentes
740 1021 751 1060 ;
777 1009 827 1050 et
842 1002 934 1048 sim
949 1001 1038 1049 tibi
1054 1015 1206 1047 causa
1219 997 1402 1046 doloris
1420 1015 1430 1045 ε
1472 999 1568 1044 509

187 1081 395 1145 Aspera,
424 1097 525 1144 qua
547 1095 802 1144 properas,
824 1079 935 1126 loca
960 1084 1097 1125 sunt:
1126 1075 1445 1130 moderatius,
1466 1089 1568 1130 oro,

189 1158 363 1214 Curre,
380 1157 648 1221 fugamque
663 1157 855 1214 inhibe;
875 1155 1178 1203 moderatius
1195 1154 1428 1216 insequar
1443 1151 1568 1215 ipse.

191 1235 285 1282 Cui
311 1236 527 1298 placeas,
555 1235 747 1297 inquire
771 1241 965 1282 tamen:
1007 1249 1103 1279 non
1130 1230 1291 1278 incola
1315 1229 1512 1284 montis,

188 1312 301 1359 Non
326 1328 419 1375 ego
446 1329 552 1360 sum
579 1318 775 1375 pastor:
816 1327 913 1358 non
937 1310 1018 1357 hic
1043 1315 1280 1363 armenta,
1308 1321 1547 1370 gregesve

191 1515 259 1555 ipsa
274 1514 368 1544 verba
384 1512 506 1549 laudat,
524 1518 556 1544 et
571 1524 625 1555 pro
640 1515 663 1544 si
679 1524 736 1554 qna
753 1514 849 1544 habet
916 1512 1005 1544 detur
1031 1512 1141 1543 Horat.
1164 1512 1193 1543 I.
1222 1510 1285 1542 Od.
1310 1509 1395 1540 xxiii.
1417 1509 1437 1540 9
1452 1520 1458 1538 :
1483 1509 1577 1549 Atqui

192 1575 320 1604 quaque.
354 1563 415 1593 Sed
440 1563 519 1593 illud
546 1563 731 1604 elegantius.
767 1563 849 1594 Vide
917 1575 973 1593 ηοη
992 1574 1043 1605 ego
1058 1569 1096 1599 te,
1113 1563 1202 1603 tigris
1217 1567 1251 1591 ut
1271 1570 1386 1600 aspera,
1405 1558 1578 1590 Gcrtulusve

194 1613 232 1643 ad
250 1612 333 1643 Plin.
351 1612 377 1642 I.
394 1612 451 1653 Ep.
466 1612 486 1642 i.

237 1663 310 1693 503.
327 1662 429 1701 Neque
448 1663 487 1691 ad
510 1660 596 1701 hcm]
623 1662 696 1702 Seq.
713 1660 851 1692 oratione

193 1712 304 1753 probat
328 1717 429 1752 poeta,
457 1710 552 1751 quod,
579 1709 612 1740 ii.
637 1711 710 1740 846.
737 1716 852 1746 monet,

195 1770 256 1790 non
276 1761 357 1790 bene
375 1759 551 1794 convenire,
568 1769 625 1789 nec
646 1769 708 1789 una
730 1758 761 1788 in
779 1758 852 1789 sede

196 1808 307 1839 morari
325 1808 519 1849 majestatem
537 1814 568 1838 et
584 1818 729 1838 amorem.
766 1807 853 1838 Dum

196 1857 279 1887 enim
308 1857 416 1887 insano
451 1867 552 1886 amore
583 1855 702 1886 incitati
729 1856 854 1898 juvenis

197 1917 296 1937 mores
316 1912 412 1941 notat,
426 1905 591 1936 ridendum
616 1905 708 1935 tradit
734 1905 854 1947 sapien-

199 1955 249 1986 tiae
267 1956 381 1990 Deum,
404 1954 457 1995 qui
478 1960 571 1984 antea
592 1954 792 1996 contemptim
817 1954 855 1985 de

199 2004 362 2046 Cupidinis
382 2004 451 2034 telis
471 2010 502 2034 et
522 2014 623 2034 amore.
643 2003 765 2034 locutus
780 2010 856 2034 erat.

200 2054 310 2094 ltaque
339 2063 395 2083 nec
424 2052 546 2082 dubitat
576 2063 657 2087 eum,
688 2063 752 2083 ver.
782 2053 856 2083 533.

200 2113 271 2133 cum
292 2112 368 2133 cane
390 2102 527 2143 leporem
550 2108 755 2143 persequente
773 2112 856 2132 corn-

200 2162 320 2194 parare.
365 2151 426 2181 Sed
456 2151 550 2181 etiam
577 2151 728 2181 Homerus
758 2151 855 2181 multa

201 2201 272 2231 Diis
287 2200 415 2241 indigna
432 2200 532 2235 finxit,
550 2207 585 2230 ut
600 2199 639 2229 11.
654 2204 692 2230 A.
709 2200 771 2230 5-10
787 2210 855 2241 sqq.

201 2261 264 2281 ver.
281 2250 343 2280 586
358 2260 426 2290 sqq.
472 2249 509 2278 Id
526 2250 622 2280 multo
638 2249 736 2290 magis
752 2248 782 2279 in
799 2249 856 2280 hoc

201 2298 495 2340 Metamorphoseon
520 2309 611 2340 opere
638 2297 779 2329 excusari
803 2298 856 2329 de-

201 2350 266 2379 bet.
310 2347 474 2388 Ingenium
490 2347 616 2389 quidem
634 2347 739 2378 Ovidii
759 2347 790 2378 in
810 2348 857 2378 his

203 2408 325 2439 quoque
355 2407 513 2440 agnosces.
563 2397 733 2428 Commode
762 2396 856 2427 etiam

201 2447 301 2476 multa
319 2456 356 2476 ex
375 2445 578 2487 mythologia,
595 2457 663 2488 quae
680 2446 719 2476 ad
736 2446 857 2488 Apolli-

202 2506 272 2526 nem
287 2495 430 2536 pertinet,
447 2495 622 2527 admiscuit.
663 2497 710 2526 Ad
726 2497 794 2531 hoec,
811 2495 858 2526 his

204 2543 329 2579 auditis,
345 2544 389 2574 iii.
404 2545 480 2575 245.
507 2544 556 2574 Sic
573 2551 604 2574 et
618 2547 670 2575 sub
684 2543 725 2576 iv.
741 2546 814 2576 522.

246 2594 321 2624 504.
339 2593 460 2633 Penei]
480 2593 540 2623 Pro
558 2593 773 2634 Penei‹1,quod
789 2594 858 2636 plu-

203 2641 283 2672 rimi.
309 2641 381 2672 Yid.
393 2641 431 2671 de
448 2641 503 2672 illa
515 2642 612 2672 forma
625 2643 733 2673 Heins.
745 2643 782 2673 ad
797 2643 827 2673 h.
838 2643 859 2673 l.

204 2696 236 2720 et
254 2689 358 2721 Bentl.
376 2689 414 2721 ad
431 2691 540 2721 Ilorat.
557 2690 583 2720 1.
598 2690 660 2722 Od.
675 2691 757 2722 xxvi.
772 2693 803 2722 9.

249 2740 321 2770 505.
338 2739 386 2770 Sic
401 2751 492 2781 agna,
509 2739 587 2780 etc.]
606 2740 799 2782 Expressissc
815 2740 858 2772 vi-

919 1614 972 1648 leo,
978 1613 1130 1654 frangere
1144 1621 1312 1652 persequor.

962 1663 1035 1693 506.
1053 1662 1175 1697 Pennae,
1198 1660 1268 1696 alae,
1290 1659 1449 1700 eleganter
1468 1656 1578 1688 dicun·

919 1719 968 1743 tur
992 1713 1154 1752 trepidare,
1175 1721 1272 1752 quum
1298 1719 1360 1752 prae
1385 1713 1470 1738 metu
1496 1707 1577 1738 cele—

920 1763 992 1793 riter
1012 1766 1184 1792 moventur.
1221 1759 1272 1791 Cf.
1288 1770 1317 1790 v.
1334 1759 1417 1796 6053
1436 1756 1488 1788 vii.
1503 1758 1578 1788 382.

920 1811 1028 1842 Florus
1055 1810 1122 1841 ΙΙΙ.
1146 1820 1177 1840 x.
1207 1809 1256 1839 17.
1287 1808 1473 1846 trepidantia
1501 1805 1580 1836 adeo

921 1866 1063 1900 carpenta
1099 1858 1189 1889 dixit.
1245 1856 1438 1899 Exquisitius
1467 1854 1579 1897 Virgil.

922 1908 1050 1941 AEneid.
1066 1921 1096 1940 v.
1112 1909 1187 1939 505.
1201 1909 1301 1937 timuit
1314 1907 1420 1946 pennis
1433 1906 1505 1936 ales.

966 1959 1040 1989 508.
1066 1958 1170 1987 Prona
1195 1956 1312 1996 cadas]
1344 1955 1438 1984 Proui
1463 1952 1581 1985 cadunt

924 2013 1101 2045 currente53
1126 2008 1238 2046 supini,
1261 2005 1314 2046 qui
1343 2003 1581 2035 interficiuntur.

926 2057 1060 2097 Indigna
1077 2057 1154 2091 laefli,
1169 2065 1239 2095 quae
1253 2064 1312 2084 non
1328 2058 1484 2083 merentur
1497 2051 1582 2082 laedi.

928 2105 1115 2145 Plerumque
1142 2105 1301 2144 iudignum
1330 2101 1471 2132 absolute
1496 2100 1582 2142 ponit

925 2153 1049 2189 Noster,
1060 2163 1224 2195 suppresso
1236 2151 1342 2186 verbo,
1356 2156 1391 2180 ut
1403 2150 1475 2181 631.
1499 2148 1582 2180 Vide

925 2204 1012 2233 Cort.
1030 2202 1068 2232 ad
1085 2202 1213 2233 Sallust.
1229 2201 1300 2231 Cat.
1316 2200 1369 2231 51.
1384 2199 1436 2230 27.
1460 2199 1537 2230 Hor.
1552 2199 1581 2229 Ι.

925 2252 987 2283 Od.
1004 2251 1080 2282 xvii.
1096 2253 1154 2282 28:
1180 2252 1303 2281 Scindut
1328 2252 1507 2280 immeritam
1529 2260 1578 2280 ve-

923 2308 1006 2332 stem.

968 2352 1041 2382 509.
1051 2350 1182 2390 Sec-enh]
1196 2349 1309 2390 Virgil.
1320 2349 1387 2380 Ecl.
1399 2360 1417 2379 x
1429 2349 1482 2379 .49
1496 2359 1502 2378 :
1518 2347 1583 2378 Tibi

925 2411 962 2430 ne
977 2407 1092 2430 teneras
1109 2400 1220 2440 glacies
1234 2406 1308 2429 secet
1323 2409 1427 2436 aspera
1449 2399 1582 2437 plantas.

926 2450 976 2479 lta
989 2460 1086 2479 secure
1100 2455 1131 2479 et
1146 2450 1261 2490 Georg.
1275 2447 1321 2478 iii.
1337 2448 1411 2478 444.

968 2499 1043 2528 512.
1060 2497 1180 2533 Tamen,
1193 2496 1349 2538 precantis
1362 2501 1428 2527 est:
1445 2495 1584 2532 tandem,

926 2557 1043 2587 quaeso.
1081 2547 1153 2577 Jam
1168 2545 1288 2587 incipit,
1305 2555 1387 2576 more
1407 2555 1581 2586 procorum,

925 2595 1110 2636 (lignitatem
1135 2605 1223 2625 suam
1251 2600 1282 2625 et
1302 2593 1431 2625 virtutes
1453 2594 1584 2635 jactare.

927 2644 977 2675 Cf.
989 2655 1051 2676 ver.
1060 2646 1134 2675 595.
1150 2643 1193 2674 ix.
1206 2643 1276 2674 init.
1312 2643 1352 2674 Et
1366 2643 1517 2674 habemus
1533 2642 1583 2673 hic

927 2693 1028 2724 locum
1042 2693 1134 2723 class.
1147 2692 1186 2724 de
1200 2690 1318 2723 artibus
1328 2691 1493 2734 Apollinis.
1522 2691 1585 2723 Eas

928 2753 999 2773 vero
1015 2748 1121 2773 ornate
1137 2741 1379 2773 circumlocutus
1393 2746 1451 2772 est.
