1763 3181
483 380 545 432 P.
587 379 850 433 OVIDII
892 381 1239 434 NASONIS

293 547 1420 609 METAMORPHOSEON

553 710 777 752 LIBER
818 711 1164 758 QUINTUS.

724 871 984 904 -4-

779 1011 886 1042 ΕΑΒ.
911 1012 939 1042 Ι.

166 1117 500 1186 DUMQUE
526 1149 585 1180 ea
611 1133 908 1197 Cephenum
934 1132 1098 1180 medio
1126 1131 1379 1179 Danaeius
1408 1132 1552 1179 heros

161 1207 377 1271 Agmine
401 1219 770 1267 commemorat,
793 1211 992 1259 fremitu
1017 1209 1203 1273 regalia
1226 1209 1384 1256 turbae

161 1285 305 1334 Atria
327 1288 666 1352 complentur:
706 1304 800 1336 nec
825 1286 1126 1351 conjugialia
1149 1286 1277 1333 festa

164 1362 263 1418 Qui
288 1372 451 1423 canat,
478 1373 555 1414 est
579 1367 791 1426 clamor3
823 1367 912 1415 secl
938 1366 1025 1429 qui
1045 1364 1150 1413 fera
1173 1364 1368 1412 nuntiet
1392 1379 1551 1411 arma:

163 1439 325 1504 Inque
349 1442 635 1507 repentinos
660 1444 884 1492 convivia
906 1458 1049 1490 versa
1070 1442 1314 1489 tumultus
1525 1444 1553 1488 5

161 1518 470 1568 Assimulare
494 1521 618 1570 freto
642 1523 820 1586 possis,
845 1522 979 1586 quod
1007 1536 1136 1568 saeva
1161 1519 1385 1582 quietum

207 1681 344 1712 1—235.
377 1682 511 1713 Phineus
532 1689 561 1713 et
583 1683 681 1723 socii.]
714 1685 819 1721 Quum

160 1729 328 1768 Homerus,
343 1736 375 1762 et
397 1731 561 1773 Virgilius,
576 1733 654 1764 AEn.
669 1732 712 1764 ix.
727 1738 759 1764 et
781 1732 819 1763 li-

159 1779 224 1812 bris
241 1790 310 1823 sqq.
326 1780 530 1823 copiosissimi
551 1781 613 1813 sint
632 1782 665 1813 in
682 1782 821 1813 caedibus

159 1827 326 1870 diligenter
353 1829 577 1867 describendis,
606 1832 722 1862 Noster
756 1837 820 1862 tam

159 1876 224 1915 hic,
242 1889 338 1920 quam
353 1878 397 1910 xii
414 1878 446 1910 in
461 1890 567 1922 pugna
582 1880 819 1917 Centaurorum,

160 1937 267 1959 eorum
286 1928 432 1971 exempla
455 1934 605 1970 sequutus
626 1935 684 1966 est,
699 1935 730 1960 et
746 1929 820 1960 Phi-

159 1987 220 2008 nea
236 1977 325 2009 haud
346 1977 441 2010 dubie
461 1978 631 2010 assimilare
646 1979 751 2010 Turno
766 1989 819 2010 vo-

158 2025 228 2063 luit,
253 2027 406 2069 pugnanti
432 2033 464 2058 et
487 2027 547 2070 ipsi
568 2029 607 2059 ob
631 2034 819 2071 praereptam

159 2074 218 2106 sibi
234 2077 273 2107 ab
289 2076 412 2108 advena
429 2088 587 2120 sponsam.
632 2078 821 2109 Notabimus

159 2130 264 2158 autem
284 2125 318 2158 in
337 2126 396 2158 hac
415 2127 561 2159 carminis
579 2134 667 2170 parte
686 2127 819 2159 varieta-

159 2180 223 2207 tem
237 2175 444 2217 pugnantium
456 2188 465 2216 ;
488 2175 542 2219 qui
557 2181 661 2213 aetate,
677 2177 748 2208 vitae
763 2187 817 2218 ge·

157 2234 241 2262 nere,
263 2224 376 2267 patria,
400 2231 522 2263 ornatu,
544 2225 692 2263 moribus,
714 2227 820 2257 mortis

156 2283 269 2316 genere
282 2273 481 2306 differebant.
525 2274 636 2306 Mirari
655 2281 759 2306 autem
781 2275 817 2306 li-

159 2328 221 2360 cet,
235 2334 274 2355 ex
293 2328 339 2355 tot
351 2323 482 2356 diversis
495 2329 528 2355 et
541 2323 730 2356 distantibus
742 2335 818 2366 gen-

159 2372 244 2404 tibus
267 2372 436 2404 bellatores
460 2373 493 2404 in
518 2373 683 2416 AEthiopia
709 2373 815 2405 fuisse.

160 2421 233 2453 Non
260 2427 347 2463 puto,
375 2421 526 2453 Ovidium
559 2433 665 2453 eorum
691 2421 817 2453 nomina

158 2469 302 2510 finxisse3
325 2470 389 2508 sed,
411 2477 446 2502 ut
467 2471 512 2503 iii.
533 2472 597 2502 206
619 2482 688 2513 sqq.
703 2481 816 2503 canum

159 2519 331 2556 Actaeonis,
355 2525 385 2551 et
409 2520 452 2551 ib.
474 2521 538 2552 605
559 2532 628 2563 sqq.
651 2526 817 2552 nautarum

157 2568 385 2611 Tyrrhenorum
412 2570 547 2608 nomina,
574 2572 613 2602 ab
644 2569 816 2612 antiquiore

158 2623 251 2659 poeta
278 2619 409 2661 accepit.
466 2620 493 2650 E
522 2619 732 2662 scriptoribus,
763 2619 816 2660 qui

158 2672 286 2704 restant,
300 2673 361 2699 tres
381 2674 503 2700 tantum
517 2669 649 2700 breviter
668 2669 759 2710 hujus
774 2668 817 2699 rei

159 2716 383 2756 meminerunt;
407 2717 626 2759 Apollodorus,
650 2718 696 2748 ΙΙ.
721 2717 762 2747 iv.
788 2718 817 2747 3.

889 1682 942 1714 ubi
958 1682 1097 1713 Phineus
1112 1682 1278 1711 insidiatur
1294 1681 1428 1718 Perseo3
1453 1679 1555 1720 Hygi-

889 1743 957 1769 nus,
970 1732 1033 1763 fab.
1046 1732 1099 1762 64.
1108 1741 1170 1773 quo
1183 1735 1310 1762 auctore
1323 1728 1469 1770 Cepheus
1483 1728 1551 1770 ipse

889 1792 961 1813 cum
975 1781 1133 1823 Agenore,
1143 1780 1233 1822 cujus
1249 1789 1363 1822 sponsa
1375 1777 1552 1809 Androme-

889 1830 931 1862 da
954 1831 1067 1866 fuerat,
1090 1829 1221 1861 insidias
1244 1827 1334 1859 struit
1347 1840 1356 1867 ;
1380 1833 1412 1858 et
1433 1826 1552 1864 Conon,

887 1880 939 1911 40.
959 1879 1042 1922 apud
1059 1890 1153 1920 quem
1168 1877 1372 1909 Andromeda
1394 1875 1472 1906 duos
1485 1886 1555 1917 pro-

886 1940 939 1961 cos
953 1929 1061 1966 habet,
1077 1928 1198 1960 Phinea
1217 1932 1249 1959 et
1263 1926 1464 1958 Phoenicem.

928 1980 960 2011 2.
983 1980 1112 2020 Agmen,
1136 1982 1248 2009 coetus.
1297 1976 1461 2011 Fremitus,
1481 1984 1552 2016 pro-

886 2028 1023 2060 miscuus
1041 2027 1157 2059 clamor
1171 2026 1340 2057 multorum
1357 2035 1421 2056 una
1435 2023 1550 2055 vocife-

887 2077 1035 2109 rantium.
1082 2077 1155 2107 Non
1168 2080 1236 2107 erat
1251 2075 1444 2117 hymenaeuS,
1461 2082 1554 2114 quem

887 2125 973 2158 sestis
989 2125 1134 2157 cantibus
1154 2128 1357 2167 personarent
1371 2121 1463 2153 amici
1479 2126 1552 2152 ante

887 2176 967 2207 fores
981 2175 1055 2217 (xii.
1067 2175 1131 2205 214
1147 2185 1217 2216 sqq.
1229 2179 1260 2204 et
1273 2172 1393 2203 Statius
1407 2170 1495 2213 Sylv.
1506 2170 1552 2201 II.

886 2236 918 2257 x.
930 2225 1000 2266 87.)
1015 2224 1072 2256 sed
1086 2224 1203 2255 clamor
1213 2222 1360 2258 bellicus,
1370 2221 1552 2259 ἀλαλητὸς,

886 2286 949 2317 quo
977 2274 1115 2306 irruebat
1143 2273 1246 2304 turba.
1295 2272 1385 2307 Fera,
1405 2275 1441 2301 ut
1465 2281 1552 2306 sceva,

885 2325 986 2356 solent
1004 2335 1102 2360 arma,
1117 2321 1237 2365 praelia,
1248 2321 1335 2353 bella
1348 2319 1422 2351 dici.
1467 2319 1550 2350 Dra—

886 2375 978 2405 kenb.
994 2373 1034 2404 ad
1049 2372 1108 2404 Sil.
1123 2372 1167 2403 iv.
1185 2372 1260 2403 357.

927 2424 958 2454 6.
979 2419 1282 2462 Αεεὶτητιὶανε]’τ·εεο.]
1310 2418 1470 2460 Expressit
1482 2418 1547 2448 Ho—

885 2482 998 2508 merus,
1013 2470 1054 2502 ΙΙ.
1071 2474 1108 2501 B.
1128 2471 1208 2500 144:
1235 2467 1363 2506 Κινήθη
1386 2466 1409 2498 δ’
1429 2466 1548 2509 ἀγορὴ,

884 2522 927 2559 ὠς
939 2521 1068 2563 κύματα
1076 2520 1186 2563 μακρὰ
1200 2517 1381 2556 Θαλάσσης,
1398 2522 1460 2548 etc.
1487 2516 1549 2547 Sed

884 2569 1065 2602 Schirachio
1094 2569 1222 2605 locutio,
1249 2567 1424 2598 assimulare
1451 2567 1550 2605 possis,

886 2620 1008 2651 videtur
1032 2619 1094 2650 vim
1128 2615 1365 2658 comparationis
1394 2615 1549 2655 frangere,

884 2674 916 2700 et
926 2669 1099 2711 prosaicum
1115 2666 1272 2709 quoddam
1289 2664 1438 2696 redolere.
1463 2663 1547 2694 Ferri

886 2725 991 2749 tamen
1007 2722 1108 2759 potest
1124 2716 1154 2746 in
1171 2715 1227 2746 tali
1239 2713 1428 2745 narratione.
1456 2713 1546 2743 Mare
