1729 3207
222 213 278 251 70
609 207 658 248 Ρ.
693 205 903 247 OVIDII
939 204 1216 246 NASONIS

226 325 457 371 Nubibus
483 322 721 376 adsiduiS‚
749 320 1015 384 pluvioque
1043 318 1286 366 madescit
1310 318 1372 364 ab
1399 317 1599 364 Austro.

225 400 347 448 Haec
372 415 521 463 super
546 397 782 462 imposuit
804 396 1066 460 liquidum,
1093 403 1144 444 et
1168 394 1407 458 gravitate
1433 409 1601 441 caren-

421 484 538 531 tem,

225 554 443 609 AEthera,
471 569 562 600 nec
589 553 862 616 quidquam
888 558 1094 598 terrenae
1120 550 1253 597 faecis
1279 550 1560 596 habentem.

224 630 323 677 Vix
348 645 408 677 ea
430 629 668 676 limitibus
693 628 1000 692 dissepserat
1025 628 1191 674 omnia
1210 627 1374 682 certis,

225 706 410 762 Quum,
437 722 548 769 quae
573 721 745 769 pressa
769 704 855 751 diu
880 720 1045 752 massa
1069 705 1257 752 latuere
1284 703 1376 750 sub
1404 702 1502 756 illa,
1541 704 1604 747 70

227 785 403 832 Sidera
426 790 684 847 coeperunt
707 790 812 830 toto
838 783 1158 830 effervescere
1183 781 1323 829 coelo.

227 861 339 908 Neu
364 860 499 923 regio
524 859 649 907 foret
672 860 774 907 ulla
797 859 899 906 suis
925 858 1256 906 animantibus
1282 858 1416 911 orba,

223 938 375 986 Astra
398 944 572 985 tenent
595 938 800 985 coeleste
826 937 1002 992 solum,
1025 936 1296 998 formaeque
1324 934 1543 981 Deorum
1565 948 1573 978 :

226 1015 501 1062 Cesserunt
525 1013 692 1061 nitidis
718 1013 1001 1061 habitandae
1027 1012 1248 1076 piscibus
1274 1011 1448 1058 undae:

221 1091 374 1138 Terra
396 1091 522 1139 feras
547 1090 710 1154 cepit:
743 1091 966 1137 volucres
993 1088 1241 1151 agitabilis
1268 1103 1367 1134 aer.
1539 1087 1600 1131 75

228 1168 458 1216 Sanctius
478 1168 554 1214 his
580 1167 776 1223 animal,
805 1168 1086 1229 mentisque
1112 1165 1344 1229 capacius
1371 1164 1484 1211 altae

266 1340 319 1370 67.
356 1339 718 1380 ᾗίᾳτιιᾈιιΜ-ίῖῑὴενά.]
766 1338 882 1369 Purum

223 1395 253 1419 et
270 1389 309 1419 ab
323 1389 407 1419 omni
419 1388 509 1419 noxio
525 1398 638 1430 vapore
654 1388 830 1418 liberatum.

267 1437 318 1468 68.
346 1437 408 1467 Nec
432 1438 593 1477 quidquam
616 1443 740 1467 terrenae
759 1435 879 1478 faecis.]

223 1486 421 1528 Ἀτρύγετον
435 1485 544 1527 αἰθέρα
555 1485 634 1516 dixit
645 1486 770 1516 Homer.
783 1485 824 1516 Il.
836 1484 882 1521 P',

224 1537 307 1574 4253
333 1546 405 1567 nam
427 1536 507 1576 τρὺξ
529 1540 561 1565 et
571 1536 647 1576 faeae,
667 1545 758 1565 omne
781 1534 882 1576 impu-

223 1596 310 1616 rum:
334 1584 398 1616 vid.
421 1584 558 1615 Gronov.
583 1585 750 1615 Observat.
775 1582 809 1614 ii.
830 1582 883 1614 vii.

223 1646 253 1675 p.
269 1635 342 1664 207.

266 1684 317 1715 69.
345 1682 555 1723 Dissepserat]
584 1682 745 1722 Dissepire,
768 1681 882 1712 descri-

223 1733 308 1768 bere,
332 1732 462 1762 verbum
487 1731 582 1772 paulo
606 1730 704 1761 rarius
727 1735 759 1761 et
784 1729 882 1772 poeti-

225 1791 308 1812 cum.
338 1781 462 1812 Lucret.
477 1780 498 1811 i.
513 1780 576 1811 998
589 1793 595 1810 :
621 1790 673 1810 aer
687 1781 808 1819 dissepit
823 1780 884 1810 col-

227 1831 277 1861 les.
320 1830 430 1860 Senec.
441 1828 532 1860 Med.
550 1830 623 1865 335,
636 1828 712 1859 sorte
728 1839 766 1859 ex
781 1833 884 1859 nostro

225 1879 310 1910 loco:
331 1879 411 1909 Bene
426 1877 670 1919 disseptifoedera
684 1879 801 1908 mundi.

269 1928 320 1958 71.
346 1927 544 1969 Effervescere
566 1926 660 1957 etiam
683 1925 881 1967 exquisitius,

226 1987 319 2018 quam
346 1976 430 2017 quod
461 1975 525 2011 alii,
553 1986 591 2006 ex
620 1975 883 2018 interpretatione,

226 2025 360 2063 habent;
382 2025 485 2056 sidera
507 2024 590 2055 enim
613 2030 685 2055 sunt
711 2024 798 2065 ignes
810 2026 882 2065 fer-

225 2081 334 2110 ventes,
351 2079 382 2105 et
387 2074 532 2116 fervidas
546 2074 590 2105 sol
607 2073 721 2115 passim
737 2073 883 2104 occurrit.

225 2124 339 2156 Lenzio
355 2124 386 2155 h.
399 2124 518 2155 v.idem
532 2134 599 2154 esse
612 2123 786 2159 videbatur,
801 2122 884 2164 quod

227 2185 290 2205 ver.
304 2175 356 2205 27.
373 2176 509 2209 emicare,
525 2179 556 2204 et
569 2174 701 2204 celerem
716 2180 833 2203 motum
852 2172 884 2202 in

226 2223 384 2265 superiora
420 2223 489 2253 loca
527 2222 712 2263 significare.
768 2222 885 2253 Verum

227 2278 300 2303 tunc
313 2265 424 2303 saltem
447 2271 646 2302 scribendum
667 2270 776 2302 fuisset
797 2270 884 2312 effer-

228 2333 341 2352 vescere
353 2324 386 2351 in
401 2322 519 2356 coelum,
537 2326 571 2351 ut
587 2321 677 2362 Virg.
696 2320 811 2361 Georg.
827 2320 884 2351 lib.

227 2371 246 2400 i.
264 2371 338 2400 471.
351 2370 492 2412 effervere
506 2372 539 2400 in
554 2381 653 2412 agros.

271 2420 323 2450 7⁶2.
347 2419 443 2460 Suis.]
470 2418 534 2449 Sibi
549 2418 691 2461 propriis.

271 2469 323 2499 73.
348 2467 451 2499 Etiam
466 2474 549 2499 astra
571 2473 643 2498 sunt
658 2469 836 2503 animantia,
852 2467 883 2498 in

228 2517 335 2559 primis
350 2528 387 2548 ex
405 2523 507 2548 mente
522 2517 710 2548 Stoicorum:
729 2517 799 2548 vide
815 2516 884 2548 Cic.

231 2567 271 2597 N.
287 2568 330 2598 D.
343 2566 375 2597 ii.
393 2567 432 2597 16
454 2572 485 2597 et
509 2568 561 2596 21.
583 2577 763 2608 quanquam
786 2572 818 2597 et
842 2578 882 2597 ex

229 2616 372 2658 opinione
388 2615 485 2657 vulgi.
530 2616 606 2646 Inde
629 2618 708 2646 inter
722 2618 818 2647 sidera
839 2627 882 2646 re-

219 2665 316 2705 ferri,
330 2665 433 2696 Deum
447 2664 523 2696 fieri.
571 2664 690 2695 Ca’leste
703 2665 806 2700 solum,
819 2675 884 2696 coe-

228 2714 291 2744 lum
308 2720 457 2756 tanquam
473 2714 695 2756 pavimentum.
712 2725 773 2755 quo
796 2714 884 2745 insis-

229 2768 318 2793 tunt:
345 2763 455 2803 svrmae
496 2763 636 2798 Deorum,
672 2762 783 2797 sidera,
814 2774 884 2804 (μκῑΙ

950 1338 1104 1369 habentur
1132 1336 1279 1368 numina:
1307 1336 1425 1377 forma,
1447 1336 1552 1374 species
1579 1339 1611 1364 et

949 1387 1063 1418 similia
1076 1386 1247 1417 inserviunt
1261 1384 1443 1427 periphrasi.
1477 1384 1562 1414 Infra
1578 1383 1610 1413 ii.

951 1438 1007 1468 78:
1034 1437 1144 1478 sormae
1159 1436 1328 1478 ferarum,·
1352 1434 1440 1475 Virg.
1461 1435 1538 1464 AEn.
1557 1432 1610 1463 vii.

953 1487 991 1517 18
1001 1487 1126 1528 :jbrmae
1139 1486 1298 1525 lupar-imm
1316 1483 1386 1514 Cic.
1399 1483 1441 1513 N.
1453 1482 1495 1512 D.
1507 1481 1541 1512 ii.
1554 1482 1607 1516 40,

949 1535 1052 1566 sidera
1066 1534 1211 1565 dicuntur
1220 1533 1331 1576 formae
1344 1534 1455 1574 igneae3
1479 1529 1609 1562 Heroid.

950 1595 982 1615 Χ.
994 1585 1054 1615 95:
1080 1584 1241 1615 simulacra
1258 1582 1389 1612 Deorum
1406 1587 1487 1611 astra
1503 1586 1531 1610 et
1537 1579 1609 1621 sor-

950 1645 1011 1670 παῖ,
1024 1635 1062 1665 ἓν
1077 1632 1128 1664 διὰ
1145 1631 1248 1664 δυοῖν.

993 1683 1048 1713 74.
1075 1683 1200 1713 Nitidas
1215 1686 1323 1723 aptum
1337 1679 1470 1722 piscium
1486 1678 1607 1721 epithe-

949 1737 1014 1769 ton,
1028 1738 1152 1774 propter
1172 1741 1373 1773 squamarum
1393 1728 1564 1760 laevitatem
1579 1734 1609 1759 et

949 1782 1179 1813 lubricitatem:
1217 1780 1259 1811 ix.
1285 1780 1360 1810 264.
1384 1779 1423 1810 de
1451 1783 1608 1820 serpente,

948 1843 1125 1872 squamaque
1139 1833 1235 1861 nitere
1250 1831 1374 1860 recenti.

994 1881 1047 1911 75.
1073 1879 1262 1922 signabitis]
1301 1876 1517 1918 Significanter
1542 1878 1609 1918 agi-

951 1931 1061 1960 tabilis.
1105 1930 1216 1960 Senec.
1238 1928 1281 1959 N.
1304 1928 1345 1965 Q.
1366 1926 1409 1958 vi.
1433 1927 1490 1957 16:
1532 1926 1610 1956 nihil

951 1986 991 2010 est
1007 1986 1068 2009 tam
1087 1979 1229 2009 versabile
1243 1985 1270 2008 et
1285 1977 1450 2018 agitatione
1462 1977 1608 2018 gaudeus.

950 2040 1038 2069 quam
1052 2039 1117 2059 aer.

994 2078 1046 2108 76.
1070 2077 1209 2107 Sanctius
1231 2076 1274 2105 his
1297 2076 1422 2111 animal,
1437 2075 1514 2115 etc.]
1539 2074 1610 2105 Ori-

950 2126 1055 2167 ginem
1079 2124 1210 2156 hominis
1232 2123 1390 2160 describit,
1414 2129 1450 2155 ut
1473 2124 1610 2166 postulat

951 2175 1018 2216 ejus
1040 2174 1187 2215 dignitas.
1232 2173 1305 2203 Non
1329 2172 1412 2204 enim
1436 2178 1557 2204 mutum
1579 2178 1612 2204 et

952 2230 1040 2266 turpe
1052 2234 1149 2266 pecus
1162 2234 1180 2254 e
1195 2228 1276 2254 terra
1292 2222 1462 2264 erepsimus
1481 2222 1609 2258 Ovidio,

951 2273 1006 2304 sed
1020 2276 1163 2310 sanctius,
1180 2273 1250 2303 Deo
1264 2271 1407 2308 similius,
1423 2278 1517 2313 atque
1533 2271 1612 2303 adeo

952 2322 1124 2353 reverentia
1136 2321 1261 2362 dignius
1275 2322 1399 2351 animal.
1428 2321 1510 2362 Ergo
1525 2331 1610 2351 com-

952 2371 1111 2413 parativus
1122 2381 1177 2413 pro
1186 2369 1320 2412 positivo
1331 2370 1412 2400 bene
1427 2374 1591 2411 usurpatur
1603 2382 1609 2399 :

952 2430 1014 2450 non
1023 2419 1106 2451 enim
1116 2425 1230 2452 caetera
1237 2418 1385 2450 animalia
1394 2424 1503 2450 sancta
1513 2424 1611 2450 erant.

953 2468 1040 2500 Mens
1062 2471 1138 2505 alta,
1161 2469 1254 2505 ratio,
1278 2479 1348 2510 quae
1376 2469 1441 2499 alta
1460 2469 1608 2510 cogitare,

951 2517 1116 2560 cogitando
1137 2529 1170 2549 se
1192 2518 1232 2549 ad
1252 2517 1369 2549 coelum
1389 2517 1532 2549 attollere
1554 2528 1610 2559 po-

951 2573 1023 2599 test.
1040 2568 1109 2599 Cic.
1124 2568 1195 2598 Mil.
1211 2569 1247 2598 8:
1273 2568 1354 2598 homo
1374 2569 1489 2607 sapiens
1502 2574 1531 2598 et
1545 2569 1611 2598 alta

951 2623 977 2647 et
1015 2618 1119 2647 divina
1156 2619 1284 2656 quadam
1321 2623 1417 2647 mente
1451 2618 1609 2656 proeditus.

952 2665 1046 2707 Apud
1069 2665 1219 2696 Juvenal.
1242 2677 1292 2697 xv.
1316 2675 1464 2696 vocamur
1491 2667 1607 2696 ‹livino—

953 2726 1019 2745 rum
1034 2726 1154 2754 capaces
1168 2726 1176 2751 ς
1201 2714 1254 2755 qui
1270 2715 1329 2746 loc.
1346 2725 1418 2745 cum
1433 2714 1492 2745 hoc
1508 2721 1609 2745 nostro

953 2763 1157 2794 conferendus
1171 2769 1228 2794 est.
