1729 3207
206 197 334 237 xxviii
724 191 1065 234 PRAEFATIO

208 310 361 364 Neque
390 308 516 349 semel
544 315 705 348 tantum
732 305 845 346 illum
873 306 1093 346 transitum
1122 318 1200 358 per
1225 311 1366 357 partes
1395 303 1586 345 elocutus

207 396 285 436 est,
314 387 388 428 sed
413 401 507 428 cum
532 386 733 426 varietate
762 384 930 438 saepius.
985 383 1156 424 Etenim
1184 382 1324 430 etiam,
1347 382 1399 422 vi.
1423 382 1521 431 303,
1545 382 1587 422 in

207 466 345 506 Niobe
360 483 373 505 .-

721 539 861 577 Nullos
879 547 1004 576 movet
1023 552 1114 576 aura
1132 537 1296 588 capillos.

361 605 408 642 In
427 605 537 642 vultu
555 603 653 642 color
671 611 728 641 est
747 603 828 640 sine
846 602 1050 651 sanguine:
1082 601 1227 638 lumina
1245 601 1389 638 moestis

360 667 472 705 Stant
492 667 647 703 immota
664 665 792 715 genis:
823 663 919 701 nihil
939 670 995 701 est
1015 663 1054 700 in
1073 663 1237 712 imagine
1256 663 1344 699 vivi.

360 730 447 780 Ipsa
465 742 612 779 quoque
631 728 791 765 interius
809 740 894 765 cum
914 726 1007 764 duro
1026 726 1156 776 lingua
1175 726 1300 776 palato

359 791 556 842 Congelat‚
577 798 616 828 et
634 803 740 828 venae
759 789 950 827 desistunt
969 803 1076 839 posse
1094 789 1247 826 moveri.

359 855 400 891 N
402 868 443 892 ec
463 854 563 891 flecti
583 853 722 897 cervix,
742 865 810 890 nec
829 851 979 889 brachia
998 850 1156 889 reddere
1175 859 1318 901 gestus,

358 917 399 953 N
401 930 442 954 ec
461 930 526 967 pes
541 916 594 954 ire
614 923 748 966 potest.

206 1035 300 1076 Nec
335 1035 415 1076 hoc
451 1034 680 1075 satis.—iv.
708 1034 804 1082 551,
839 1030 981 1086 plures
1018 1031 1212 1073 mulieres
1244 1031 1365 1072 simul
1397 1032 1587 1072 eamdem

206 1122 359 1156 sortem
379 1114 600 1168 patiuntur
614 1130 621 1153 :

719 1201 943 1252 Saltumque
963 1201 1098 1240 datura
1115 1200 1253 1238 moveri

358 1264 477 1303 Haud
494 1278 653 1315 usquam
671 1264 808 1314 potuit,
829 1263 1053 1314 scopuloque
1072 1263 1196 1300 adfixa
1215 1263 1378 1301 cohaesit.

356 1328 505 1372 Altera,
526 1327 617 1365 dum
634 1327 745 1365 solito
763 1334 887 1364 tentat
906 1327 1084 1377 plangore
1105 1326 1219 1364 ferire

357 1391 529 1435 Pectora,
548 1398 713 1428 tentatos
731 1390 847 1427 sentit
866 1390 1026 1441 riguisse
1045 1390 1214 1427 lacertos.

358 1453 443 1497 Illa,
463 1466 596 1491 manus
615 1461 658 1490 ut
678 1453 774 1491 forte
793 1453 1008 1491 tetenderat
1028 1454 1066 1490 in
1085 1453 1198 1490 maris
1217 1452 1351 1496 undas,

358 1516 479 1554 Saxea
495 1516 594 1554 facta
612 1529 747 1553 manus
766 1516 806 1552 in
825 1515 974 1553 easdem
994 1516 1151 1566 porrigit
1171 1515 1303 1559 undas,

203 1654 245 1688 et
266 1661 360 1701 quae
384 1645 507 1700 plura
529 1651 776 1698 sequuntur.
810 1644 896 1686 Hic
917 1645 1191 1686 mutationem
1206 1643 1396 1699 generali
1416 1645 1589 1699 quidem

203 1725 372 1766 notione
401 1730 551 1778 quater
575 1724 786 1778 exprimit,
817 1725 892 1765 sed
920 1725 1089 1766 variatis
1115 1724 1271 1773 verbis,
1301 1731 1343 1766 et
1375 1739 1587 1778 quamque

202 1802 418 1844 mulierem
438 1802 480 1842 in
501 1801 582 1843 alio
603 1809 726 1857 gestu
748 1802 923 1844 formam
944 1818 1094 1844 novam
1115 1803 1302 1844 induisse
1324 1802 1460 1857 fingit.
1523 1801 1589 1842 Si-

202 1880 296 1922 mile
331 1881 578 1936 figmentum
608 1882 733 1921 etiam
764 1881 806 1921 in
837 1882 975 1921 nautis
1014 1881 1257 1936 Tyrrhenis,
1288 1880 1587 1935 delphinorum

202 1966 396 2002 naturam
424 1960 743 2015 accipientibus,
770 1961 826 2001 iii.
851 1961 948 2010 671,
973 1959 1230 2014 reperiinus3
1262 1974 1503 2013 quanquam
1529 1958 1589 1999 ibi

201 2046 243 2080 et
264 2039 306 2079 in
327 2037 499 2093 singulis
521 2037 612 2079 aliae
629 2037 820 2093 delphini
842 2045 985 2093 partes
1007 2045 1315 2080 memorantur:

614 2127 839 2178 Primusque
860 2127 1005 2165 Medon
1023 2128 1234 2178 nigrescere
1252 2128 1380 2177 pinnis

355 2190 518 2240 Corpore
536 2188 722 2239 depresso,
743 2197 782 2227 et
801 2190 919 2240 spinae
937 2190 1153 2227 curvamina
1172 2189 1274 2228 flecti

355 2252 517 2302 Incipit:
547 2251 634 2289 huic
652 2251 834 2302 Lycabas,
854 2252 894 2289 in
912 2265 996 2303 quae
1015 2251 1209 2292 miracula.
1230 2252 1340 2296 dixit,

354 2314 553 2352 Verteris?
583 2321 622 2352 et
640 2314 707 2352 lati
725 2315 844 2353 rictus
862 2322 901 2353 et
920 2315 1043 2366 panda
1061 2314 1230 2365 loquenti

354 2376 469 2414 Naris
487 2383 580 2421 erat,
601 2390 869 2427 squamamque
889 2377 987 2414 cutis
1007 2377 1141 2414 durata
1159 2377 1344 2415 trahebat.

354 2438 410 2476 At
429 2439 558 2489 Libys,
578 2440 770 2477 obstantes
789 2439 878 2477 dum
897 2439 981 2478 vult
999 2440 1192 2478 obvertere
1210 2453 1345 2484 remos,

354 2501 400 2538 In
419 2501 582 2551 spatium
602 2501 745 2539 resilire
764 2515 897 2539 manus
915 2502 1029 2540 breve
1047 2501 1157 2546 vidit,
1177 2509 1217 2539 et
1234 2502 1319 2539 illas

352 2563 376 2600 J
381 2577 439 2601 am
460 2577 533 2601 non
553 2577 633 2602 esse
652 2578 798 2609 manusj
814 2565 894 2615 jani
913 2565 1048 2615 pinnas
1067 2578 1173 2615 posse
1192 2565 1326 2609 vocari,
1347 2572 1418 2603 ete.

202 2664 290 2705 Eas
321 2672 463 2719 partes
494 2665 528 2706 si
560 2666 790 2720 coxiiponiS‚
816 2666 979 2721 integer
1013 2665 1100 2707 fere
1129 2664 1357 2719 delphinus
1385 2665 1577 2707 efficitur.

201 2741 371 2791 Similia,
392 2743 432 2783 ii.
452 2743 549 2793 346,
572 2744 625 2785 de
649 2743 929 2786 Phaethontis
951 2745 1166 2786 sororibus
1187 2744 1230 2785 in
1251 2744 1424 2785 arbores
1447 2750 1581 2785 trans-
