1763 3181
211 187 300 230 324

590 186 641 227 P.
677 185 788 228 OVI
797 186 889 228 DII
924 186 1203 228 NASONIS

213 303 446 351 Indotata
471 302 630 366 rapit:
670 302 826 349 taedas
853 301 1159 366 Hymenaeus
1182 302 1434 366 Amorque

213 379 548 444 Praecipiunt:
587 379 737 442 largis
763 379 1004 427 satiantur
1028 380 1262 428 odoribus
1289 381 1456 443 ignes3

214 458 459 522 Sertaque
483 457 770 521 dependent
793 458 968 516 tectis;
1011 458 1217 522 lotique,
1244 457 1483 521 lyraeque,

210 535 472 599 Tibiaque,
499 542 550 582 et
573 541 767 591 cantus,
796 535 946 581 animi
971 533 1135 582 felicia
1158 534 1258 580 laeti

1506 536 1602 580 760

210 612 535 675 Argumenta,
563 618 772 658 sonant:
812 612 1043 659 reseratis
1069 627 1220 659 aurea
1243 611 1395 658 valvis

212 689 354 736 Atria
376 695 483 736 tota
507 695 697 752 patent,
725 688 1035 751 pulchroque
1060 689 1303 735 instructa
1327 695 1502 752 paratu

214 766 511 830 Cephenum
535 781 766 829 proceres
792 766 964 813 ineunt
988 765 1211 813 convivia
1235 765 1383 828 regis.

212 843 489 906 Postquam
515 843 675 906 epulis
700 841 872 898 functi,
899 844 1126 906 generosi
1147 858 1350 890 munere
1379 841 1567 889 Bacchi

256 965 328 996 756.
352 965 475 1008 Copula
485 972 511 996 et
525 965 628 996 turbat
641 975 777 1001 sensum,
790 964 874 1006 quod

211 1015 307 1046 etiam
322 1015 471 1046 Heinsius
493 1014 598 1051 sensit,
614 1014 668 1055 qui
687 1024 757 1045 earn
777 1019 876 1044 mutat

212 1065 242 1095 in
268 1071 313 1101 ut,
333 1064 388 1095 sed
412 1064 523 1095 melius
545 1065 680 1099 abesset,
697 1069 732 1094 ut
754 1065 876 1102 praemz'a

211 1125 265 1156 per
274 1113 504 1156 appositionem
515 1112 657 1143 additum
668 1118 760 1144 esset.
785 1111 803 1141 I
804 1115 875 1143 ndo-

213 1170 288 1199 tata,
300 1162 367 1193 sine
377 1173 482 1204 regno,
497 1161 582 1204 quod
594 1161 659 1192 doti
672 1161 878 1204 promiserant

212 1217 367 1255 parenteS‚
398 1223 487 1243 versu
518 1212 590 1242 705.
648 1212 750 1251 Rapit.
787 1210 877 1241 Idem

212 1262 359 1293 Heinsius
372 1273 410 1292 ex
423 1272 484 1292 uno
498 1261 647 1292 Gronovii
663 1267 695 1292 et
708 1260 878 1292 Barberino

211 1309 337 1352 praefert
359 1313 449 1350 capit.
495 1310 569 1340 Non
592 1311 732 1347 arbitror,
752 1316 877 1352 poetam

212 1359 352 1391 alludere
378 1359 598 1390 consuetudini
626 1360 791 1395 Romanae,
815 1370 878 1401 qua

213 1419 293 1441 nova
309 1415 407 1451 nupta
421 1420 438 1440 e
453 1409 569 1450 gremio
581 1408 688 1439 matris
703 1411 768 1448 rapi
781 1408 876 1439 simu-

212 1459 348 1495 labatur,
362 1469 432 1499 quae
447 1464 514 1489 erat
530 1459 694 1489 Constant.
739 1458 763 1488 F
766 1468 876 1489 anens.

212 1508 338 1551 opini03
363 1508 430 1544 sed,
450 1507 475 1538 si
497 1507 591 1539 lectio
615 1518 702 1544 sana,
726 1507 784 1538 hoc
809 1518 876 1538 ver-

212 1559 288 1589 bum
307 1557 397 1600 capio
418 1556 457 1587 de
480 1557 589 1587 ardore
609 1564 641 1587 et
664 1556 873 1591 festinatione,

213 1617 276 1648 qua
297 1607 389 1637 laetus
409 1606 553 1642 Perseus,
569 1612 675 1648 spreta
689 1606 771 1642 dote,
787 1605 876 1648 puel-

213 1657 276 1687 lam
291 1655 392 1697 ipsam
407 1655 465 1686 sibi
481 1654 632 1692 vindicat,
648 1661 679 1686 et
700 1655 740 1686 ad
759 1655 876 1695 regiam

212 1705 331 1748 Cephei
360 1704 461 1736 ducit.
516 1704 598 1735 Hinc
627 1704 724 1736 etiam
751 1704 876 1736 additur

213 1757 354 1796 protinus
369 1761 400 1786 et
417 1756 565 1785 indotata.

256 1805 330 1836 758.
355 1803 571 1844 Ρι·ιῐσί])ἱιιιιι.]
618 1803 701 1834 Pace
726 1803 877 1834 recentio-

214 1865 281 1885 rum
306 1853 438 1890 dicatur,
454 1855 641 1894 praecutiunt
663 1858 711 1883 est
725 1864 784 1884 vox
806 1854 877 1884 bar-

213 1905 289 1934 bara
302 1904 391 1945 cujus
403 1903 582 1944 exemplum
595 1902 716 1933 nullum
730 1902 761 1933 in
773 1908 879 1933 aucto-

213 1953 298 1984 ribus
312 1951 465 1994 reperitur
478 1963 486 1990 3
512 1962 608 1993 quare
630 1954 774 1991 praecutit
796 1951 879 1993 quod

213 2002 301 2033 vides
316 2000 347 2032 in
360 2001 429 2032 loco
441 2000 521 2031 infra
536 2000 633 2032 citato
648 2000 800 2042 Propertii
814 2011 879 2031 cor-

213 2049 377 2091 rigendum
403 2049 716 2086 est.—Schirachius,
741 2050 796 2091 qui
821 2049 877 2080 ad—

214 2099 298 2131 misit
305 2101 503 2139 praecutiunt,
512 2098 733 2141 interpretatur
740 2098 791 2129 vel
801 2109 879 2140 qua-

214 2149 297 2180 tiunt
307 2148 501 2190 simpliciter,
515 2148 565 2179 vel
579 2155 651 2179 ante
664 2148 788 2190 nuptias
800 2159 878 2189 qua-

214 2198 308 2229 tiunt.
331 2197 450 2229 Melius
474 2198 607 2229 Gesner.
629 2198 662 2228 in
684 2198 778 2229 Thes.
799 2197 880 2229 inter

214 2246 441 2289 praeferendum
465 2252 538 2278 ante
561 2257 710 2289 sponsum
733 2253 764 2278 et
788 2257 880 2289 spon·

214 2307 281 2327 sam
306 2295 463 2338 quatiunt.
509 2296 656 2327 Debebat
679 2295 783 2327 dicere
804 2308 878 2337 prae-

205 2346 334 2386 ferunt,
360 2345 416 2376 sed
441 2345 554 2376 maluit
579 2345 670 2382 illud,
698 2345 774 2388 quia
796 2349 880 2387 quati

215 2396 301 2426 faces
323 2395 479 2426 solebant.
503 2396 647 2437 Propert.
661 2395 725 2426 III.
741 2395 803 2427 xiv.
822 2397 880 2427 16.-

214 2443 281 2484 Ipse
294 2445 385 2474 Amor
399 2455 538 2475 accensus
550 2447 690 2484 praecutit
705 2452 777 2475 ante
780 2445 880 2486 faces.

219 2492 431 2524 Praeferebant
444 2503 498 2524 eas
511 2493 696 2535 plerumque
711 2494 807 2533 servi;
827 2495 881 2526 sed

215 2542 248 2573 in
262 2542 310 2573 his
329 2542 446 2584 nuptiis
465 2542 498 2572 id
519 2552 632 2573 munus
648 2543 830 2583 Hymenaeus
851 2551 883 2574 et

217 2593 307 2622 Amm·
330 2592 536 2634 praestabant,
560 2592 826 2634 quemadmodum
849 2593 882 2624 in

216 2640 359 2672 infaustis
372 2640 462 2672 Terei
484 2640 599 2683 nuptiis
623 2641 824 2674 Eumenides.
840 2643 881 2674 vi.

216 2690 289 2721 429.
348 2689 438 2732 Ignes
467 2696 499 2721 et
530 2692 611 2730 pasci
645 2690 804 2727 dicuntur,
835 2698 880 2728 et,

216 2737 343 2779 quando
365 2738 397 2769 id
421 2739 537 2780 largius
561 2739 606 2776 fit,
627 2742 744 2772 satiari.
790 2741 881 2772 Suffi-

943 965 1055 996 mentis
1083 965 1115 995 in
1144 965 1264 996 aedibus
1293 964 1436 996 accensis
1464 964 1603 995 delecta-

942 1015 1056 1046 bantur
1079 1014 1227 1046 lautiores
1249 1015 1281 1045 in
1305 1014 1434 1045 Oriente
1454 1013 1604 1049 homines,

943 1064 1020 1095 forte
1047 1063 1235 1095 valetudinis
1257 1063 1477 1094 conservandae
1501 1072 1607 1093 causa.

943 1114 1022 1144 Eam
1042 1114 1073 1144 in
1098 1123 1163 1144 rem
1184 1113 1271 1144 focus
1292 1113 1324 1144 in
1336 1112 1439 1144 medio
1453 1119 1536 1144 tecto
1550 1123 1605 1155 po-

945 1162 1033 1194 situs.
1059 1162 1176 1204 virgil.
1192 1162 1320 1194 AEneid.
1335 1162 1387 1193 vii.
1406 1163 1456 1193 13.

989 1213 1064 1243 759.
1091 1213 1183 1243 Sertis
1198 1213 1229 1243 in
1243 1212 1327 1244 omni
1343 1212 1464 1248 laetitia,
1480 1212 1607 1254 publica

945 1267 976 1292 et
986 1261 1118 1303 privata,
1132 1263 1325 1292 exornabant
1337 1262 1468 1292 Veteres
1479 1261 1606 1302 januaS,

946 1311 1080 1341 maxime
1093 1317 1196 1341 tamen
1212 1310 1244 1340 in
1261 1310 1393 1352 nuptiis:
1418 1310 1489 1341 vide
1503 1310 1607 1351 Sagit-

945 1365 1004 1390 tar.
1017 1360 1055 1391 dc
1065 1361 1175 1391 Januis
1184 1361 1271 1391 Vett.
1283 1370 1352 1402 cap.
1361 1361 1412 1391 30.
1423 1364 1499 1391 sect.
1509 1361 1527 1391 8
1538 1370 1608 1402 sqq.

946 1409 1082 1450 Letique.
1107 1409 1199 1451 Regii
1215 1410 1306 1440 nostri
1320 1410 1436 1440 habent
1446 1416 1475 1440 et
1490 1411 1608 1451 ubique,

946 1469 1002 1490 nec
1020 1459 1111 1490 video
1133 1459 1209 1500 quid
1226 1459 1329 1489 mendi
1351 1460 1447 1490 latere
1462 1459 1561 1501 possit
1575 1459 1608 1490 in

945 1508 1004 1539 hac
1018 1508 1166 1539 lectione.
1211 1508 1296 1546 Quid
1311 1508 1361 1539 hic
1378 1510 1430 1539 loti
1445 1518 1517 1539 cum
1535 1510 1610 1550 lyris

945 1563 975 1588 et
990 1559 1092 1588 tibiis?
1124 1557 1173 1589 Cl.
1191 1558 1298 1599 Gierig
1308 1557 1530 1599 interpretatur
1545 1558 1608 1594 loti,

944 1606 1028 1637 tibiae
1052 1618 1089 1638 ex
1112 1607 1168 1638 loti
1192 1606 1282 1649 (vide
1304 1606 1422 1646 infra3)
1445 1607 1490 1638 ita
1512 1607 1610 1639 habe-

945 1666 1015 1686 mus
1026 1655 1056 1686 in
1066 1656 1123 1687 hoc
1135 1667 1225 1687 versu
1238 1658 1324 1687 tibias
1337 1662 1368 1687 et
1380 1657 1492 1687 tibiam.
1516 1656 1610 1688 Hanc

945 1706 1160 1747 repetitionem
1172 1706 1327 1747 ingratam
1341 1706 1374 1736 in
1384 1711 1520 1736 mentem
1535 1716 1609 1748 poe-

947 1761 986 1786 tae
1003 1755 1109 1791 nostri,
1125 1755 1183 1786 etsi
1203 1755 1296 1797 paulo
1317 1754 1513 1796 loquacioris,
1529 1754 1610 1786 inci-

947 1804 1029 1835 disse
1053 1815 1214 1846 nunquam
1233 1803 1439 1835 crediderim:
1465 1814 1523 1834 vox
1542 1805 1608 1834 ubi-

945 1866 1000 1895 que
1016 1854 1077 1885 vim
1090 1855 1248 1896 quandam
1261 1854 1356 1885 habet
1370 1853 1410 1884 ad
1423 1864 1608 1885 consensum

946 1904 1125 1935 unanimem
1140 1903 1382 1945 designandum.
1406 1904 1609 1945 Argumenta,

946 1953 1046 1994 signa.
1070 1954 1174 1984 Etiam
1189 1953 1272 1995 apud
1288 1954 1416 1984 Homer.
1428 1953 1468 1983 Il.
1482 1956 1518 1984 E.
1535 1954 1610 1985 493.

946 2002 978 2032 in
1006 2003 1124 2045 nuptiis
1157 2002 1320 2045 ὑμέναιος,
1352 2003 1449 2034 αὐλοὶ
1475 2010 1507 2034 et
1533 2002 1609 2045 φόρ·

945 2063 1072 2094 μῑΥΎές·

991 2101 1064 2132 761.
1087 2101 1124 2131 In
1140 2103 1228 2132 atriis
1243 2099 1386 2132 convivia
1399 2099 1609 2132 habebantur.

948 2149 1030 2181 Vide
1044 2150 1185 2181 Servium
1201 2150 1241 2181 ad
1256 2150 1370 2191 Virgil.
1386 2151 1464 2181 AEn.
1480 2150 1503 2181 i.
1522 2151 1583 2181 138
1600 2162 1608 2189 ;

947 2199 993 2231 Π.
1008 2199 1078 2231 init.
1123 2200 1237 2236 Aurea,
1254 2200 1301 2230 vel
1320 2199 1444 2230 omnino
1467 2199 1611 2241 pulchra,

948 2249 998 2280 vel
1014 2249 1168 2280 instructa
1184 2249 1286 2280 aureis
1301 2249 1502 2279 ornamentis.
1547 2250 1610 2281 Pa-

950 2304 1024 2334 tent,
1039 2308 1109 2339 quae
1132 2298 1271 2340 conspici
1294 2303 1432 2340 possunt.
1478 2298 1612 2336 Parata,

949 2352 1115 2389 apparatu.
1163 2347 1344 2387 Cephenum,
1361 2352 1425 2378 etc.
1465 2346 1614 2387 Cephenes

947 2403 1019 2427 sunt
1043 2396 1220 2438 Aithiopes.
1264 2397 1306 2427 Et
1328 2395 1495 2438 legendum
1526 2396 1611 2429 haud

947 2444 1042 2476 dubie
1059 2446 1241 2485 Cephenum.
1287 2446 1488 2476 Burmannus
1505 2452 1613 2478 tamen

952 2494 1095 2534 Cephenis
1120 2495 1245 2531 retinet,
1274 2500 1307 2526 et
1333 2505 1404 2526 cum
1433 2497 1512 2537 regis
1538 2506 1612 2527 con-

944 2543 1062 2584 jungit.

993 2593 1065 2625 764.
1092 2593 1251 2634 Postquam
1275 2595 1372 2634 epulis
1383 2594 1506 2636 functi,
1529 2594 1608 2635 etc.]

948 2642 1059 2674 Finitis
1068 2642 1192 2674 demum
1200 2643 1301 2686 epulis
1310 2646 1412 2674 vinum
1420 2644 1613 2675 sumebatur.

951 2691 1144 2729 Generoswn,
1161 2692 1225 2723 vini
1241 2692 1425 2724 nobilissimi
1440 2693 1613 2735 epitheton,

950 2740 989 2771 ad
1005 2741 1107 2783 ipsum
1123 2742 1286 2774 Bacchum
1306 2743 1502 2776 translatum.
