1763 3181
402 180 1022 224 METAMORPHOSEON
1055 180 1174 222 LIB.
1208 180 1263 222 V.
1442 181 1526 222 349

143 297 236 345 Vel
261 313 350 344 nos
377 296 620 345 Emathiis
645 297 708 344 ad
733 297 942 344 Paeonas
965 312 1125 360 usque
1150 295 1346 342 nivosos

145 374 395 422 Cedemus
416 374 633 438 campis:
670 375 904 422 dirimant
927 374 1198 422 certamina
1223 372 1269 420 N
1274 372 1523 436 ymphae.”

140 450 305 515 Turpe
330 451 533 515 quidem
558 452 858 499 contendere
884 458 1014 508 erat3
1051 450 1139 497 sed
1164 449 1342 498 cedere
1365 449 1526 496 visum

141 526 384 591 Turpius:
413 529 584 576 electae
604 529 773 591 jurant
796 545 884 592 per
908 527 1112 574 flumina
1133 526 1399 590 Nymphae,
1426 528 1523 572 316

143 604 398 668 Factaque
421 605 484 653 de
507 605 614 652 vivo
640 621 865 669 pressere
890 604 1065 664 sedilia
1089 620 1227 651 saxo.
1410 606 1523 659 [est,

142 680 298 738 Tunc,
337 682 443 729 sine
479 688 610 730 sorte
645 681 793 745 prior,
832 697 944 744 quae
983 698 1035 729 se
1077 688 1266 728 certare
1304 679 1526 743 professa

144 757 286 806 Bella
305 759 439 807 canit
461 759 708 823 Superum
725 778 735 817 ;
765 759 990 822 falsoque
1010 759 1059 805 in
1080 759 1263 806 honore
1282 757 1524 819 Gigantas

142 833 307 893 Ponit,
335 842 386 884 et
409 844 648 885 extenuat
671 853 962 899 magnorum
986 836 1116 883 facta
1142 835 1378 890 Deorum,
1428 836 1525 880 320

142 912 496 977 Emissumque
520 914 619 962 ima
642 913 705 962 de
731 914 849 962 sede
874 913 1117 978 Typhoea
1138 919 1281 959 terrae

142 989 402 1039 Caelitibus
426 990 605 1039 fecisse
629 997 844 1048 metum3
885 997 1194 1052 cunctosque
1219 987 1420 1036 dedisse

140 1067 302 1131 Terga
325 1068 482 1131 fugae;
521 1069 681 1117 donec
704 1068 861 1116 fessos
886 1068 1125 1131 AEgyptia
1147 1066 1296 1113 tellus

142 1144 362 1208 Ceperit,
389 1152 440 1193 et
465 1153 658 1210 septem
683 1147 928 1195 discretus
953 1146 1004 1192 in
1028 1144 1155 1192 ostia
1181 1143 1344 1190 Nilus.

141 1220 255 1270 Huc
275 1239 477 1287 quoque
498 1224 797 1287 terrigenam
816 1223 1011 1272 venisse
1031 1222 1273 1285 Typhoea
1297 1225 1476 1273 narrat,

139 1355 340 1388 Macedonia.
364 1357 481 1389 Justin.
496 1356 551 1388 vii.
575 1358 603 1388 1.
647 1357 723 1400 Ejus
741 1368 796 1399 op-

137 1404 247 1445 pidum
264 1405 363 1442 Pella,
389 1405 491 1447 patria
511 1405 682 1437 Pieridum.
720 1406 795 1437 Par-

139 1460 201 1485 tem
215 1454 414 1486 Macedoniae
436 1455 713 1497 septentrionalem
730 1453 797 1486 Pae-

139 1505 207 1534 onia
230 1505 414 1546 protegebat
432 1515 451 1535 a
472 1504 630 1536 Triballis.
652 1504 734 1535 Plin.
755 1504 797 1536 iv.

142 1553 191 1584 10.
238 1553 368 1590 Nivosos,
383 1553 457 1595 quia
473 1553 594 1585 Graecis
613 1554 653 1584 ad
673 1559 797 1595 septen-

138 1602 283 1633 trionem.
336 1604 495 1634 Dirimant
523 1606 711 1640 cer-tamina3
744 1604 795 1644 ju—

138 1651 224 1683 dices
260 1651 391 1683 sedeant
427 1652 614 1683 certaminis.
666 1652 797 1684 Judices

138 1702 339 1744 eligebantur,
353 1701 497 1733 sedentes
513 1702 753 1743 cognoscebant,
765 1707 796 1732 et

128 1753 236 1790 jurati
264 1751 451 1782 sententiam
476 1751 636 1782 dicebant.
682 1751 796 1781 Sedilia

139 1801 205 1830 vivo
227 1810 294 1830 saxo
316 1800 411 1831 etiam
425 1801 500 1832 AEn.
516 1800 536 1831 i.
555 1800 626 1831 167.
649 1799 682 1830 in
703 1799 795 1830 domo

139 1849 371 1891 Nympharum.

181 1899 255 1930 318.
281 1899 377 1935 Tunc,
393 1901 456 1930 sine
469 1905 555 1935 sorte,
571 1898 652 1939 etc.]
679 1899 717 1930 In
730 1909 796 1930 cer-

136 1948 306 1980 taminibus
327 1955 403 1980 sorte
421 1949 605 1991 plerumque
625 1949 794 1980 constitue-

135 1998 239 2034 batur,
265 2003 334 2029 uter
355 1997 540 2029 certantium
562 2000 644 2038 prior
666 1998 794 2030 diceret.

137 2048 233 2079 Nunc
252 2058 316 2078 una
330 2047 490 2078 Pieridum
511 2046 580 2089 ipsa
597 2047 655 2078 hoc
670 2048 728 2078 sibi
744 2058 791 2079 ar-

137 2102 236 2138 rogat.
280 2096 412 2127 Lenzius
430 2107 502 2127 vero
523 2096 568 2127 sic
592 2095 794 2138 interpungit,

139 2153 224 2183 tunc,
239 2148 305 2177 sine
324 2153 411 2182 sorte,
430 2149 525 2186 prior,
544 2158 606 2187 qaae
627 2158 666 2183 se,
681 2151 745 2178 etc.
761 2153 795 2177 ut

132 2198 219 2236 prior
252 2195 293 2226 sit
320 2201 396 2226 natu
433 2196 531 2237 major
564 2206 619 2226 seu
647 2195 794 2227 maxima.

136 2246 239 2288 Turpe
259 2251 364 2276 autem
390 2245 461 2276 Diis
486 2250 702 2287 argumentum
728 2252 794 2276 erat

137 2294 283 2325 carminis
297 2305 366 2336 seq.
412 2295 528 2325 Ponere
543 2297 576 2324 in
592 2295 709 2330 honore,
725 2294 793 2325 red-

136 2344 210 2375 dere
225 2344 420 2380 honoratum,
436 2344 713 2375 commemorandis
727 2344 794 2386 ejus

136 2393 312 2424 virtutibus.
357 2393 503 2424 Similiter
528 2404 638 2433 ponere
663 2396 694 2424 ἱη
721 2405 791 2435 gra-

140 2445 194 2480 tia,
217 2442 287 2473 Cic.
311 2442 408 2474 Attic.
424 2444 467 2474 V.
491 2442 534 2473 iii.
561 2444 619 2472 11:
645 2442 711 2473 vid.
736 2443 793 2473 Er-

138 2491 219 2523 nesti
234 2492 325 2523 Clav.
337 2492 406 2524 Cic.
423 2503 455 2523 v.
470 2493 585 2533 gratia.
623 2493 791 2528 Extenuat,

137 2541 303 2574 imminuit.

182 2592 256 2622 321.
289 2591 439 2631 Typhoeus
469 2595 524 2621 aut
554 2590 676 2630 Typhon
715 2590 792 2631 (Τυ-

136 2640 249 2681 φωεὺς,
279 2638 410 2681 Τυφὼν)
442 2644 611 2670 monstrum
648 2639 794 2675 immane,

139 2688 222 2730 quod
233 2689 336 2725 Terra,
345 2688 476 2720 devictis
491 2688 681 2729 Gigantibus
697 2688 796 2729 magis

139 2738 335 2773 exacerbata,
354 2748 372 2769 e
390 2737 519 2768 Tartaro
541 2738 671 2779 peperit.
718 2738 750 2767 Is
764 2743 795 2768 et

181 2787 281 2818 VOL.
296 2787 361 2817 III.

862 1356 929 1399 ipse
945 1356 1061 1387 coelum
1073 1353 1276 1398 oppugnavit,
1284 1351 1439 1395 jactisque
1452 1361 1524 1382 cum

863 1405 954 1437 sibilo
970 1411 1001 1437 et
1015 1406 1110 1436 boatu
1127 1403 1335 1435 candentibus
1347 1401 1429 1432 saxis
1438 1401 1524 1431 Deos

864 1455 983 1486 terruit.
1009 1454 1142 1486 Hesiod.
1157 1453 1216 1483 Th.
1234 1453 1295 1483 820
1311 1462 1401 1492 sqq.;
1424 1449 1523 1491 Apol-

863 1504 930 1536 lod.
956 1505 986 1535 I.
1009 1504 1050 1535 vi.
1072 1505 1112 1542 3;
1135 1504 1255 1534 Anton.
1281 1501 1349 1531 Lib.
1374 1500 1470 1530 xxviii
1492 1504 1524 1529 et

864 1553 958 1592 xlvii3
982 1553 1086 1583 Schol.
1100 1551 1246 1592 AEschyli
1262 1550 1301 1580 ad
1321 1550 1424 1579 Prom.
1440 1549 1501 1578 351
1515 1559 1523 1585 ;

864 1603 948 1644 Hyg.
966 1603 1028 1633 fab.
1044 1603 1104 1632 152
1118 1607 1148 1632 et
1166 1601 1237 1631 196.
1274 1600 1301 1630 E
1314 1597 1522 1639 descriptione

864 1651 994 1682 Hesiodi
1014 1650 1105 1681 facile
1122 1654 1263 1691 apparet,
1279 1653 1386 1678 ventos
1401 1645 1522 1687 procel-

862 1702 955 1737 losos,
980 1707 1083 1732 motus
1108 1706 1194 1730 terrae
1219 1699 1422 1738 flammasque
1448 1695 1522 1725 inde

862 1758 1060 1793 erumpentes
1077 1750 1148 1780 huic
1170 1748 1287 1779 fictioni
1303 1747 1452 1788 originem
1466 1744 1521 1775 de-

863 1801 955 1832 disse.
999 1801 1087 1841 Fuga
1111 1800 1252 1830 Deorum
1275 1802 1463 1827 mutatorum
1488 1794 1520 1824 in

864 1852 1050 1891 AEgyptum,
1080 1848 1134 1879 ubi
1161 1847 1216 1878 Dii
1243 1847 1300 1877 sub
1326 1844 1430 1876 formis
1455 1843 1522 1874 ani-

863 1899 1017 1930 mantium
1046 1898 1239 1932 colebantur,
1269 1895 1377 1926 addita
1403 1899 1460 1928 est,
1486 1897 1521 1922 ut

865 1948 974 1989 religio
1009 1947 1200 1989 AEgyptiaca
1235 1943 1522 1976 accommodaretur

867 1996 998 2027 Graecae.
1042 1995 1161 2026 Eadem
1184 1994 1278 2035 igitur
1293 1993 1458 2023 tradebant
1473 2000 1523 2021 sa-

864 2046 1005 2076 cerdotes
1032 2044 1188 2087 AEgyptii.
1232 2043 1388 2085 Hyginus,
1418 2042 1456 2072 P.
1479 2040 1520 2070 A.

861 2095 894 2127 ii.
910 2097 962 2127 28.

905 2146 979 2176 325.
994 2143 1217 2185 Terrigenam]
1244 2141 1392 2182 Γηγενής
1407 2139 1521 2170 dicitur

863 2196 958 2226 etiam
981 2194 1144 2235 Assschylo.
1178 2193 1208 2223 A
1228 2193 1354 2223 Junone
1376 2199 1518 2231 procrea-

861 2251 910 2276 tur
932 2245 963 2275 in
984 2244 1014 2275 h.
1040 2243 1072 2274 in
1095 2242 1201 2284 Apoll.
1219 2242 1282 2272 306
1304 2251 1373 2281 sqq.
1394 2239 1447 2269 ubi
1469 2237 1518 2267 hic

861 2294 987 2335 mythus
1003 2293 1094 2323 aliter
1110 2296 1261 2321 narratur.
1298 2288 1361 2326 Qui
1377 2288 1408 2317 in
1426 2287 1519 2317 aliam

860 2343 989 2373 sormam
1009 2346 1180 2375 transeunt,
1196 2350 1234 2370 ea
1252 2350 1280 2369 se
1298 2339 1395 2369 celare
1409 2337 1519 2367 dicun-

860 2398 920 2422 tur.
936 2391 979 2422 vi.
997 2391 1068 2421 110.
1090 2389 1186 2420 etiam
1209 2390 1288 2424 abdi,
1306 2393 1350 2422 ut,
1365 2386 1392 2417 Ι.
1407 2386 1518 2416 Amor.

861 2453 891 2472 Χ.
915 2442 946 2472 3.
965 2441 1077 2480 plumis
1101 2440 1220 2469 abditus
1248 2439 1334 2467 albis.
1388 2436 1517 2465 Mentiri

861 2490 999 2531 aliquem
1025 2488 1184 2529 eleganter
1217 2486 1340 2521 dicitur,
1368 2484 1421 2526 qui
1457 2484 1518 2513 for-

860 2550 943 2570 mam
967 2538 1034 2579 ejus
1054 2536 1167 2568 induit.
1204 2535 1286 2567 Vide
1308 2536 1383 2565 Intt.
1404 2533 1444 2563 ad
1459 2532 1517 2562 Sil.

861 2589 893 2619 ii.
910 2589 983 2619 637.
1018 2588 1172 2624 Quaerunt
1185 2591 1290 2615 autem
1301 2580 1518 2615 Grammatici,

861 2643 964 2668 utrum
979 2637 1101 2666 mentiri
1117 2635 1210 2665 etiam
1228 2644 1277 2664 res
1292 2632 1449 2666 dicantur,
1469 2636 1516 2660 at-

862 2697 922 2727 que
946 2687 984 2716 τὸ
1013 2687 1155 2715 mentitus
1180 2682 1297 2724 ubique
1323 2680 1424 2712 active
1451 2679 1515 2709 sive

862 2735 1042 2765 neutraliter
1065 2733 1281 2774 accipiendum
1306 2731 1356 2765 sit,
1380 2740 1420 2759 an
1446 2739 1516 2771 pas·
