1729 3207
215 225 303 251 xxx
734 200 1076 244 PRAEFATIO

218 324 299 364 llis
320 323 447 377 igitur
466 328 509 361 et
530 318 683 360 talibus
704 317 917 371 ingenium
942 316 1042 356 satis
1066 316 1304 357 ostentavit.
1368 315 1516 370 Lynea
1537 322 1598 356 ta-

217 415 326 450 men,
343 401 384 440 in
404 414 529 454 quam
542 399 712 453 Lyncus
731 402 932 444 mutatus,
952 409 1035 435 non
1052 395 1298 448 descripsit3
1321 409 1460 448 neque
1477 394 1597 443 cirin,

218 480 338 534 cujus
359 477 533 518 formam
555 474 696 529 Scylla
721 473 947 521 adsumsit;
980 487 1220 526 quanquam
1245 471 1315 513 illa
1341 472 1432 513 fera
1457 486 1600 513 macu-

218 557 282 605 lis,
304 556 395 597 haec
416 555 503 595 avis
524 552 840 608 pulchritudine
862 551 1058 604 insignis:
1083 565 1161 591 nec
1183 565 1280 591 aves
1303 551 1402 590 satis
1423 550 1599 598 notavit,

219 650 396 690 quarum
416 634 595 689 figuram
618 632 770 672 Letoia
791 630 1000 684 Meleagri
1022 629 1237 670 sororibus
1259 629 1390 670 dedit.

276 712 439 754 Verum
459 709 845 752 transformationes
862 709 980 762 ipsae,
998 707 1095 749 licet
1115 708 1214 748 inde
1237 722 1405 749 carmen
1426 707 1603 761 inscrip-

219 801 308 833 tum
340 791 407 839 sit,
428 790 638 830 minimam
670 789 761 843 ejus
793 794 958 841 partem
990 786 1264 827 constituunt.
1328 785 1390 826 Ut
1417 784 1603 840 amplum

220 867 410 924 prodiret
438 882 560 921 opus,
581 874 666 906 tam
687 880 737 906 ea
759 873 888 919 poeta
914 864 1085 919 copiose
1114 872 1363 918 persecutus
1387 872 1466 913 est,
1488 864 1602 904 unde

219 944 579 1000 metamorphoses
610 944 814 999 pendent,
847 958 973 997 quam
1005 943 1086 983 alia
1117 944 1341 985 admiscuit
1372 959 1397 984 a
1429 942 1605 984 consilio

220 1040 305 1066 non
325 1024 474 1065 aliena.
537 1022 818 1064 Phaethontis
839 1021 926 1062 fata
946 1020 1103 1062 nullam
1124 1021 1285 1063 habent
1305 1022 1450 1063 formae
1470 1028 1606 1062 muta-

220 1104 398 1153 tionem3
431 1103 480 1143 iis
508 1110 647 1143 tamen
673 1116 867 1157 magnam
892 1100 990 1142 libri
1017 1101 1194 1142 secundi
1215 1109 1379 1155 partem
1400 1099 1605 1155 implevit,

221 1189 269 1222 ut
294 1196 371 1236 per
394 1196 445 1222 ea
471 1181 524 1221 ad
553 1196 717 1222 sorores
744 1181 956 1230 transiret,
978 1181 1022 1221 in
1042 1181 1231 1230 arbores,
1254 1181 1355 1222 dum
1376 1180 1518 1221 fratris
1539 1194 1607 1221 ca-

223 1276 314 1302 sum
347 1260 508 1315 lugent,
530 1275 685 1301 versas.
747 1259 934 1300 Mutatio
971 1274 1161 1300 sororum
1194 1258 1406 1313 Meleagri
1439 1258 1608 1299 duobus

222 1339 413 1380 versibus
436 1337 690 1387 absolvitur3
723 1338 798 1379 sed
827 1338 880 1379 ad
910 1352 1003 1379 eam
1033 1337 1279 1392 longissima
1306 1337 1377 1378 illa
1407 1338 1499 1387 ῥήσει
1520 1336 1605 1377 viii.

223 1416 423 1465 coo-543,
445 1415 705 1470 pervenitur,
727 1430 823 1470 quae
851 1423 940 1456 tota
961 1416 1004 1456 in
1025 1416 1117 1470 apri
1140 1415 1364 1470 Calydonii
1384 1417 1608 1458 venatione

225 1501 267 1535 et
290 1494 333 1534 in
354 1493 469 1536 lucta
489 1493 688 1542 Althaeae‚
710 1493 798 1535 filio
818 1508 965 1535 necem
985 1495 1192 1549 parantis,
1214 1502 1418 1535 versatur.
1480 1494 1610 1536 AEso-

225 1587 335 1620 nem,
366 1572 534 1613 Jasonis
566 1579 744 1626 patrem,
770 1571 971 1626 juvenem
1000 1571 1161 1612 Medea
1187 1572 1447 1614 reddiderat.
1510 1572 1610 1615 Hoc

226 1658 471 1692 narraturus
501 1651 683 1691 Ovidius
704 1651 773 1690 vii.
799 1650 996 1699 159-293,
1020 1651 1064 1690 in
1092 1658 1222 1691 totam
1247 1659 1380 1692 artem
1405 1651 1611 1706 magicam

227 1729 427 1771 excurrit.
489 1729 674 1777 Pestem‚
705 1743 800 1783 quae
823 1728 1027 1782 AEginam
1057 1727 1236 1769 insulam
1267 1729 1524 1770 exhauserat
1550 1730 1613 1771 in-

230 1808 346 1857 colis,
369 1808 614 1864 Minoisque
643 1823 737 1850 cum
759 1807 1098 1848 Atheniensibus
1118 1806 1279 1848 bellum
1298 1808 1421 1848 nobis
1442 1808 1510 1849 vii.
1529 1808 1614 1849 472

230 1903 321 1942 sqq.
343 1886 500 1937 retulit,
528 1895 575 1928 ut
608 1887 925 1942 Myrmidonum
953 1902 976 1927 e
1011 1886 1194 1927 formicis
1226 1887 1432 1941 originem
1458 1888 1613 1942 prode-

231 1974 308 2007 ret.
362 1965 503 2007 Locus
524 1967 592 2006 vii.
622 1967 761 2015 1-158,
783 1965 914 2006 habet
935 1965 1107 2019 quidem
1126 1966 1401 2006 mutationem
1423 1965 1613 2006 dentium

233 2051 418 2085 satorum
450 2044 491 2083 in
514 2044 638 2092 viros,
665 2044 740 2084 sed
769 2043 914 2098 paucis
936 2043 1128 2083 versibus
1159 2044 1418 2097 expositam3
1452 2043 1615 2098 reliqua

232 2123 275 2163 in
302 2122 461 2163 Minois
485 2122 617 2162 forma
643 2130 685 2162 et
716 2123 757 2162 in
779 2136 933 2162 vesano
956 2120 1127 2161 Medeae
1148 2135 1288 2161 amore
1315 2122 1502 2163 notando
1524 2137 1616 2163 ver-

233 2207 391 2241 santur.
454 2200 524 2240 Sic
550 2201 888 2241 numerosissima
915 2208 1054 2254 poetae
1082 2202 1246 2242 occasio
1273 2201 1533 2243 offerebatur
1554 2203 1615 2242 in-

233 2293 408 2318 numera
433 2278 706 2327 admiscendi,
735 2294 830 2333 quae
861 2279 1089 2332 antiquitas
1121 2278 1231 2328 tulit,
1255 2295 1350 2333 quae
1378 2295 1518 2321 rerum
1544 2295 1616 2321 na-

234 2362 331 2396 tura
360 2356 505 2405 habet,
545 2372 641 2410 quae
680 2357 859 2398 hominis
901 2357 1085 2399 indolem
1126 2359 1364 2413 attingunt3
1401 2374 1536 2413 eaque
1573 2368 1615 2400 et

237 2434 390 2488 cupide
425 2442 467 2474 et
497 2435 713 2489 ingeniose
745 2451 861 2484 usus,
898 2437 1052 2490 insigni
1083 2451 1223 2477 rerum
1254 2438 1457 2478 varietate
1489 2446 1615 2492 atque

237 2512 359 2565 copia
383 2526 490 2565 opus
518 2527 638 2552 suum
661 2514 840 2566 posteris
869 2515 1188 2556 commendavit.
1252 2516 1370 2556 Deos
1397 2517 1507 2556 enim
1529 2516 1619 2571 ple-

239 2604 390 2644 rosque
418 2605 511 2631 cum
539 2592 752 2633 attributis
775 2594 860 2634 suis
881 2595 951 2635 hic
973 2595 1207 2648 descriptos
1229 2595 1477 2649 reperimus,
1499 2594 1617 2635 Jovis

237 2669 512 2722 majestatem,
535 2667 722 2717 fulmina,
744 2670 967 2725 imperium
989 2672 1265 2721 inmundum,
1287 2673 1414 2720 furta,
1435 2672 1618 2713 «lunonis

239 2745 503 2801 zelotypiam,
521 2746 733 2801 Apollinis
754 2757 865 2791 artes
882 2758 925 2791 et
941 2765 1119 2800 amores,
1138 2751 1306 2792 Cereris
1321 2751 1484 2800 merita,
1503 2749 1620 2791 Mer—
