1763 3181
219 178 304 221 388
608 177 658 218 Ρ.
691 175 904 218 ovmn
937 175 1216 218 NAsoms
1236 153 1243 159 ‘'

222 293 392 340 Possit
416 308 569 356 opus:
609 291 767 338 doluit
791 307 1028 339 successu
1051 291 1177 338 flava
1202 291 1393 353 virago3
1514 292 1603 336 130

223 370 289 417 Et
313 369 445 433 rupit
469 369 643 432 pictas,
671 368 893 416 coelestia
911 368 1131 423 crimina,
1158 375 1339 416 vestes.

226 447 396 510 thue
424 446 690 510 Cytoriaco
716 446 909 493 radium
930 446 992 493 de
1017 452 1185 493 monte
1210 446 1428 500 tenebat,

222 523 334 580 Ter,
356 531 547 587 quater,
573 523 812 570 Idmoniae
830 523 1041 571 frontem
1066 523 1312 586 percussit
1330 522 1602 569 Arachnes,

225 600 340 648 Non
363 601 476 647 tulit
500 599 687 655 infelix,
715 600 994 663 laqueoque
1020 599 1242 647 animosa
1266 599 1435 661 ligavit

226 678 469 725 Guttura:
502 677 803 740 pendentem
831 677 998 724 Pallas
1023 676 1256 723 miserata
1275 676 1479 731 levavit;
1515 677 1605 721 135

222 755 393 817 Atque
418 754 502 810 ita,
526 759 555 778 “
577 754 700 801 Vive
721 754 939 816 quidem,
958 754 1120 817 pende
1135 760 1317 809 tamen,
1335 750 1607 815 improba,''

225 840 256 858 “
285 832 492 895 Lexque
512 833 686 879 eadem
702 848 875 896 poenae,
894 847 957 879 ne
978 832 1044 878 sis
1062 847 1235 878 secura
1250 830 1414 885 futuri,
1434 828 1602 891 [dixitz

225 911 374 958 Dicta
398 917 483 958 tuo
507 910 690 973 generi,
718 909 941 973 serisque
967 909 1231 972 nepotibus
1252 907 1409 955 esto.’'

224 988 350 1035 Post
374 1004 433 1035 ea
451 988 713 1035 discedens
739 988 900 1035 succis
929 986 1229 1035 Hecateidos
1254 985 1419 1032 herbae

227 1065 456 1129 Spargit;
485 1072 537 1113 et
555 1066 810 1129 extemplo
835 1065 963 1112 tristi
989 1063 1315 1111 medicamine
1340 1069 1485 1109 tactae
1516 1063 1607 1107 140

226 1142 496 1189 Defluxere
520 1158 690 1197 comae,
717 1158 933 1205 cumque
957 1141 1033 1188 his
1054 1148 1105 1188 et
1128 1140 1274 1195 naris,
1302 1146 1351 1186 et
1375 1139 1503 1186 auris
1525 1157 1535 1194 ;

226 1220 407 1284 Fitque
443 1227 594 1284 caput
625 1220 899 1275 minimum,
926 1226 1130 1282 totoque
1155 1217 1205 1264 in
1230 1233 1433 1280 corpore
1458 1230 1608 1280 parva

425 1303 503 1344 est
520 1313 530 1345 ε

224 1399 319 1431 etiam
344 1401 430 1431 Deos
459 1400 570 1442 tangit,
593 1406 748 1432 commota
778 1401 884 1431 Pallas

225 1449 325 1491 punit,
354 1456 447 1491 atque
477 1449 596 1480 invidia
624 1450 690 1491 ejus
716 1451 883 1480 exacerba-

225 1505 275 1530 tur
297 1499 390 1530 etiam
412 1499 593 1530 criminibus
609 1499 749 1530 Deorum
764 1499 884 1530 effictis.

227 1548 297 1578 Non
327 1549 403 1579 livor
432 1550 513 1579 illud
539 1560 610 1588 opus
638 1559 760 1588 carpere
787 1551 885 1588 possit,

225 1597 382 1639 proverbii
411 1598 548 1639 speciem
582 1597 726 1628 habuisse
751 1597 885 1634 videtur,

226 1652 371 1677 monente
395 1646 524 1678 Zinzerl.
562 1647 714 1677 Promuls.
736 1657 808 1688 cap.
834 1647 886 1678 41.

230 1696 366 1727 Coelestia
395 1698 524 1727 crimina
553 1696 691 1727 Deorum
721 1701 828 1737 stupra
855 1702 887 1727 et

227 1744 382 1776 adulteria
399 1744 555 1776 dicuntur.
591 1744 674 1776 Vide
690 1745 797 1775 Burin.
834 1744 885 1775 Sic

226 1800 258 1825 et
283 1794 473 1836 Propertius,
504 1794 549 1824 II.
574 1805 604 1825 v.
627 1795 691 1825 25:
726 1794 796 1824 Non
824 1796 887 1824 istis

226 1845 297 1874 olim
334 1844 494 1874 variabant
527 1849 605 1873 tecta
812 1842 887 1873 Tum

222 1895 322 1932 paries
337 1894 421 1923 nullo
442 1893 567 1922 crimine
589 1893 688 1931 pictus
703 1897 778 1921 erat.
818 1891 885 1922 Cri-

226 1943 319 1977 mina,
336 1949 437 1977 vestes,
457 1941 562 1977 telam,
578 1941 610 1970 in
626 1951 688 1982 qua
704 1940 832 1981 flagitia.

274 1990 345 2021 132.
372 1990 561 2031 Cytoriaco]
580 1989 662 2020 Vide
684 1989 724 2019 ad
745 1990 788 2019 iv.
812 1990 885 2020 311.

227 2039 367 2069 Animosa
395 2039 523 2070 refertur
547 2039 657 2069 melius
680 2038 719 2068 ad
743 2044 883 2079 guttura,

227 2099 322 2130 quam
338 2088 377 2119 ad
400 2088 500 2131 ipsam
515 2088 704 2126 Arachnen3
727 2088 782 2118 sed
799 2099 884 2129 quae-

226 2137 314 2174 ritur,
337 2148 399 2179 quo
423 2148 514 2168 sensu
541 2137 586 2168 vir
614 2137 724 2167 doctus
749 2137 780 2167 in
807 2137 883 2167 Bib-

225 2186 314 2218 lioth.
339 2187 445 2228 Tigur.
486 2186 558 2217 Vol.
580 2186 643 2217 III.
672 2187 709 2217 P.
734 2185 755 2216 i.
779 2197 810 2228 p.
831 2187 884 2217 94.

227 2237 364 2279 explicet
379 2237 539 2279 spirantia,
559 2243 591 2268 et
606 2243 765 2279 comparet
779 2247 815 2267 ex
832 2236 886 2268 vii.

227 2288 300 2317 604.
331 2298 399 2327 pars
428 2289 558 2318 animam
589 2288 690 2327 laqueo
721 2287 884 2318 claudunt.

227 2335 350 2366 Laudat
377 2335 461 2367 idem
490 2336 596 2367 Amor.
622 2336 650 2366 Ι.
677 2335 719 2366 vi.
746 2337 808 2373 51,
832 2335 885 2366 nbi

226 2387 389 2415 animosum
415 2392 536 2415 ventum
563 2391 653 2426 putat
676 2395 742 2416 esse
766 2384 884 2427 spiran-

226 2440 301 2470 tem,
328 2434 467 2470 flantem,
486 2440 517 2464 et
541 2445 558 2466 e
583 2434 653 2465 Cic.
675 2435 716 2465 N.
734 2435 775 2465 D.
797 2433 830 2464 ii.
855 2435 885 2465 6.

226 2485 360 2514 animum
388 2485 566 2523 spirabilem.
624 2484 716 2514 Haud
747 2484 810 2514 scio
838 2489 884 2514 ta-

227 2544 310 2569 men,
327 2543 367 2563 an
387 2533 487 2575 possis
509 2534 642 2575 superba
666 2533 833 2575 explicare,
852 2540 886 2564 ut

655 1844 699 1884 'gu
706 1845 754 1873 ris.

225 2592 315 2612 versu
330 2583 404 2618 206,
421 2588 455 2612 ut
478 2582 595 2623 gutturi
615 2593 699 2613 more
724 2588 885 2624 poetarum

225 2631 343 2662 tributa
362 2631 401 2661 sit
417 2631 540 2661 affectio
556 2630 700 2662 dominae.
745 2631 884 2672 Injunc-

226 2687 295 2710 tura
309 2681 470 2711 verborum
488 2682 605 2722 ligavit,
622 2682 729 2711 lei-avit
744 2691 818 2711 sane
834 2686 882 2711 est

226 2729 416 2771 negligentia
429 2731 585 2771 quaedam,
601 2741 702 2771 neque
715 2736 820 2760 tamen
830 2730 885 2760 illa

951 1399 1117 1431 sollicitare
1138 1398 1285 1429 Helnsius
1305 1397 1440 1428 debebat
1461 1395 1500 1426 ad
1516 1394 1608 1426 corri-

951 1449 1098 1490 gendum.
1122 1448 1205 1479 Vide
1229 1447 1267 1478 ad
1294 1447 1325 1477 ii.
1350 1447 1425 1477 398.
1473 1445 1608 1481 Lei-avit,

952 1499 1096 1530 leviorem
1113 1498 1141 1528 ei
1159 1504 1271 1528 sortem
1287 1496 1403 1527 tribuit.

999 1548 1072 1578 137.
1095 1548 1167 1583 Ler,
1189 1546 1299 1577 modus
1321 1552 1352 1577 et
1375 1545 1463 1576 ratio.
1508 1544 1609 1575 Poena

951 1599 1090 1641 ejusdem
1116 1597 1199 1628 modi
1229 1596 1397 1627 constituta
1423 1601 1500 1626 esto.
1550 1595 1609 1625 Per

950 1659 1045 1690 genus
1061 1654 1091 1678 et
1106 1653 1221 1686 nepotes
1236 1655 1364 1676 araneas
1378 1643 1536 1685 intelligit.
1558 1644 1609 1674 Ita

954 1703 1068 1736 nepotes
1091 1696 1185 1727 etiam
1202 1694 1243 1725 xi.
1259 1695 1311 1725 48.
1356 1693 1434 1724 Inde
1456 1699 1560 1724 autem
1577 1699 1609 1723 et

953 1755 1067 1777 aranea
1090 1747 1186 1776 invisa
1206 1744 1363 1779 Minervae,
1380 1743 1470 1784 Vir-g.
1490 1743 1607 1783 Georg.

953 1795 995 1827 iv.
1011 1796 1084 1826 246.

1000 1846 1071 1876 139.
1088 1844 1238 1879 Hecateis,
1254 1847 1407 1874 venenata
1427 1847 1458 1872 et
1472 1839 1606 1882 magica,

953 1899 987 1925 ut
1002 1893 1065 1925 xiv.
1078 1895 1132 1924 44.
1152 1894 1295 1924 Hecateia
1316 1894 1451 1923 carmina
1471 1897 1544 1922 sunt
1562 1890 1608 1920 in-

952 1942 1156 1974 cantationes.
1194 1942 1309 1972 Hecate
1333 1940 1416 1972 enim
1444 1939 1609 1970 invocaba-

951 1998 1001 2023 tur
1035 2003 1052 2023 a
1081 1991 1238 2023 veneficis.
1286 1991 1482 2025 Medicamen,
1511 1989 1609 2019 omnis

952 2052 1075 2077 succus,
1103 2052 1164 2082 quo
1192 2039 1327 2071 inficitur
1363 2038 1492 2080 aliquid.
1547 2039 1608 2068 De-

942 2092 1045 2132 fluere
1059 2097 1090 2122 et
1105 2090 1267 2131 defluvium
1283 2089 1396 2120 dicitur
1417 2089 1456 2119 de
1477 2087 1610 2130 capilliS.

956 2140 1081 2180 Totoque
1106 2143 1137 2170 ιἰι
1159 2150 1277 2178 corpore
1299 2140 1497 2169 Burmannus
1523 2138 1610 2169 dedit
1672 2174 1676 2177 ἱ

952 2200 992 2219 ex
1022 2189 1120 2220 tribus
1146 2189 1262 2225 MSS.;
1288 2189 1381 2229 vulgo
1411 2195 1470 2219 toto
1497 2200 1609 2229 quoque

952 2250 1081 2278 corpore.
1127 2239 1215 2269 Licet
1244 2238 1357 2269 habeat
1380 2243 1478 2268 totum
1502 2245 1533 2268 et
1561 2237 1609 2268 in-

953 2293 1072 2328 tegrum
1095 2298 1217 2329 corpus,
1246 2297 1344 2329 parva
1367 2293 1471 2317 tamen
1495 2292 1553 2322 est,
1579 2292 1611 2318 et

952 2336 1057 2367 omnia
1073 2337 1138 2378 ejus
1151 2336 1289 2367 membra
1303 2342 1375 2366 sunt
1390 2335 1494 2366 exilia.
1531 2335 1608 2366 Mox

953 2385 1102 2417 Heinsius
1121 2386 1229 2416 mallet
1246 2392 1347 2416 venter
1362 2386 1431 2421 obit,
1446 2384 1500 2416 sed
1517 2385 1608 2416 male.

952 2435 1132 2476 Eleganter,
1159 2435 1265 2465 Cetera
1292 2441 1393 2465 ¹venter
1417 2435 1512 2469 habet,
1537 2440 1609 2464 sunt

952 2490 1069 2515 venter.
1092 2485 1156 2515 ΙΙΙ.
1169 2484 1261 2515 Trist.
1276 2483 1319 2515 iv.
1339 2485 1392 2514 46.
1408 2484 1493 2514 habet
1511 2490 1608 2514 cetera

949 2540 1068 2572 pontus.
1118 2534 1207 2563 Obire
1233 2533 1335 2574 potius
1365 2532 1403 2563 de
1433 2538 1516 2568 actu,
1545 2542 1608 2573 quo

953 2588 1089 2613 mutatur
1105 2582 1234 2623 aliquid.
1249 2582 1269 2612 i.
1285 2583 1357 2612 552.
1393 2582 1526 2611 Erercet.
1543 2581 1607 2611 De-

952 2631 1047 2661 bebat
1064 2631 1151 2672 sequi
1176 2637 1285 2666 artem,
1303 2630 1357 2661 sed
1375 2630 1455 2660 dixit
1476 2631 1559 2665 telas,
1578 2635 1608 2659 et

953 2680 1079 2721 quidem
1096 2683 1246 2720 antiquas,
1262 2680 1416 2722 pristinas.
1462 2680 1543 2710 Nam
1561 2691 1608 2709 ex-

951 2741 1049 2761 ercere
1064 2731 1187 2761 omnino
1201 2737 1248 2761 est
1262 2735 1404 2761 tractare.
