1729 3207
193 227 236 268 lx
435 220 659 264 SERIES
692 217 1345 260 METAMORPHOSEON.

194 354 327 394 quum
365 337 605 379 Vertumnus
637 339 811 381 amaret,
845 337 982 371 sumta
1014 331 1196 384 primum
1227 345 1331 370 anus
1361 329 1510 379 forma,
1546 337 1588 370 ct

194 417 462 459 Anaxaretes
485 412 681 467 exemplo
706 411 748 450 in
773 424 923 449 saxum
947 422 1162 449 conversae
1190 415 1409 461 usurpato,
1432 406 1587 447 deinde

192 509 359 536 rursum
378 492 549 548 juvenis
579 490 731 536 sactus,
763 494 861 528 voto
892 487 1067 541 potitur.
1120 485 1227 527 Inde
1258 487 1338 526 sub
1368 485 1590 526 Numitore

194 588 316 626 aquae
337 571 525 626 frigidae
553 568 793 609 redduntur
823 565 986 606 calidae.
1050 564 1131 604 Cui
1161 564 1234 618 qui
1265 564 1468 604 successit
1502 562 1589 603 Ro-

192 650 337 698 mulus,
359 648 494 688 factus
515 652 580 687 est
605 644 820 691 Quirinus,
843 643 1020 697 ejusque
1042 657 1151 683 uxor
1177 642 1268 682 Ora
1291 642 1400 682 Dea.

253 726 350 767 Lib.
378 724 482 766 XV.
517 723 700 763 Secutus
730 728 795 762 est
822 721 980 770 Numa,
1003 721 1076 774 qui
1107 735 1238 774 quum
1270 720 1324 760 (le
1355 719 1588 773 originibus

193 804 390 847 Crotonis
406 809 633 857 quaereret,
649 801 796 855 nigros
817 799 1000 840 calculos
1015 799 1233 853 quondam
1254 798 1296 838 in
1318 798 1436 838 albos
1457 796 1587 838 fuisse

193 888 472 924 commutatos
496 879 716 933 comperit,
739 885 782 918 et
805 877 1101 931 Pythagoram
1127 876 1181 916 de
1208 875 1426 929 perpetuis
1449 889 1590 914 rerum

192 957 629 1014 tran-§formationibus
649 955 938 1008 disputantem
954 953 1128 993 audivit.
1192 952 1414 993 Mortuum
1435 951 1591 993 deinde

193 1037 381 1078 Numam
411 1034 543 1076 deflet
563 1032 747 1088 Egeria,
775 1045 853 1072 nec
874 1030 1125 1085 Hippolyti,
1155 1031 1228 1084 qui
1259 1045 1356 1071 suas
1386 1031 1467 1084 ipsi
1498 1044 1591 1070 eon-

193 1113 401 1155 versiones
425 1111 640 1159 narrabat,
666 1108 998 1151 consolationem
1026 1109 1268 1157 admittens,
1295 1108 1516 1162 insontem
1544 1106 1592 1147 li-

194 1191 372 1246 quescit.
434 1189 486 1230 Id
514 1189 631 1243 quod
659 1203 745 1229 non
773 1188 909 1229 minus
933 1188 1014 1229 fuit
1044 1187 1298 1236 mirandum,
1321 1201 1447 1241 quam
1475 1186 1591 1240 quod

202 1270 344 1325 Tages
364 1283 387 1310 e
405 1269 534 1324 gleba
550 1275 682 1317 ortus,
698 1267 873 1308 Romuli
889 1268 1037 1308 lancea
1057 1267 1200 1315 arbor,
1215 1273 1259 1306 et
1279 1266 1428 1319 cippus
1441 1279 1593 1305 cornu-

196 1354 264 1388 tus
293 1346 443 1387 faetus.
506 1344 622 1385 Tum
648 1344 799 1385 transit
828 1350 959 1398 poeta
986 1344 1041 1384 ad
1074 1343 1317 1397 praesentia,
1345 1348 1591 1396 narratque,

195 1423 410 1478 quomodo
439 1421 720 1476 AEseulapius
752 1420 832 1462 coli
866 1436 891 1462 a
927 1421 1132 1462 Romanis
1166 1422 1209 1461 in
1247 1420 1385 1461 insula
1419 1420 1591 1461 Tiberis

197 1508 364 1556 coeptus
386 1500 453 1551 sit,
475 1500 702 1555 Juliusque
729 1500 877 1541 Coesar
897 1500 939 1541 in
959 1500 1121 1541 Stellam
1141 1504 1436 1540 commutatus.
