1763 3181
213 187 298 228 210

605 187 656 228 Ρ.
689 186 903 228 OVIDII
936 185 1216 228 NASONIS

216 302 484 349 Calcavere
510 301 670 364 pedis,
692 317 784 349 nec
810 302 955 348 solvit
979 301 1238 364 aquaticus
1264 300 1463 348 Auster.

217 379 360 426 Colla
384 379 502 424 toris
529 385 734 434 extant3
777 379 923 424 armis
944 378 1163 441 palearia
1186 378 1407 441 pendent
1427 396 1437 434 ;

218 455 418 502 Cornua
443 471 592 518 parva
617 454 837 517 quidem,
861 455 950 502 sed
976 471 1086 518 quae
1113 455 1414 502 contendere
1439 453 1600 518 possis

215 533 370 580 Facta
388 549 551 588 manu,
570 547 794 596 puraque
811 533 967 594 magis
985 533 1240 596 perlucida
1256 548 1467 595 gemma.
1503 533 1599 578 856

216 610 262 657 N
270 611 381 657 ullae
408 611 456 657 in
481 610 638 657 fronte
664 611 825 666 minae,
853 626 943 657 nec
969 609 1277 657 formidabile
1302 610 1497 665 lumen3

215 687 401 735 Pacem
426 688 588 734 vultus
614 687 766 734 habet
787 705 796 735 :
836 687 1040 734 miratur
1065 686 1293 748 Agenore
1318 693 1448 740 nata,

215 763 362 818 Quod
387 772 489 811 tam
514 764 774 821 formosus,
803 765 938 828 quod
964 764 1131 828 praelia
1155 764 1290 810 nulla
1313 762 1543 810 minetur.

218 842 336 897 Sed,
365 842 589 904 quamvis
611 843 798 898 mitem,
827 842 1004 889 metuit
1028 842 1315 903 contingere
1340 839 1499 904 primo
1521 856 1531 886 :

215 918 341 966 Mox
367 919 500 976 adit3
541 926 591 966 et
613 919 760 967 flores
786 920 849 967 ad
875 920 1087 967 candida
1111 918 1315 983 porrigit
1339 933 1440 964 ora.
1505 919 1595 963 861

219 996 421 1043 Gaudet
445 1012 615 1043 amans
638 1015 648 1052 ;
689 1003 754 1053 et,
781 997 901 1043 dum
925 997 1091 1043 veniat
1115 1003 1313 1059 sperata
1331 994 1577 1056 voluptas,

220 1072 409 1120 Oscula
433 1074 519 1120 dat
542 1073 798 1131 manibus;
839 1074 920 1121 vix
946 1074 1035 1121 ah!
1072 1073 1156 1121 vix
1181 1080 1361 1120 caetera
1385 1071 1576 1118 differt:

217 1149 283 1198 Et
307 1166 437 1197 nunc
463 1151 652 1207 alludit,
676 1151 920 1214 viridique
945 1151 1139 1198 exultat
1160 1151 1209 1196 in
1234 1150 1416 1205 herba;

220 1227 366 1275 Nunc
392 1228 520 1274 latus
548 1227 597 1274 in
623 1227 767 1274 fulvis
793 1228 991 1275 niveum
1016 1226 1222 1291 deponit
1245 1225 1433 1282 arenis3

1507 1226 1603 1271 865

217 1304 569 1367 Paulatimque
594 1312 728 1351 metu
754 1305 973 1369 dempto,
994 1306 1141 1352 modo
1166 1312 1370 1368 pectora
1394 1302 1584 1366 praebet

217 1381 453 1444 Virginea
476 1382 759 1444 plaudenda
782 1398 959 1439 manu3
1000 1382 1146 1429 modo
1172 1397 1356 1428 cornua
1380 1379 1524 1426 sertis

219 1459 547 1523 Impedienda
571 1459 737 1507 novis:
779 1476 900 1507 ausa
925 1467 1000 1508 est
1025 1475 1226 1523 quoque
1251 1457 1387 1520 regia
1409 1457 1562 1518 virgo,

220 1536 405 1584 Nescia
429 1552 579 1598 quem
603 1544 865 1600 premeret,
891 1545 1027 1600 tergo
1052 1536 1309 1584 considere
1335 1534 1477 1582 tauri.

220 1613 348 1660 Tum
375 1613 513 1661 Deus
540 1630 568 1661 a
591 1621 737 1670 terra,
765 1615 998 1679 siccoque
1024 1631 1053 1662 a
1076 1614 1235 1670 litore,
1263 1612 1447 1661 sensim
1507 1614 1605 1658 870

265 1796 339 1827 854.
357 1795 441 1825 Colla
464 1798 536 1827 toris
558 1797 688 1838 enaim]
714 1798 740 1828 E
755 1804 879 1841 pectore

221 1852 334 1881 torosm
355 1845 437 1886 quod
452 1845 544 1877 valde
568 1846 714 1878 laudatur
735 1848 765 1878 in
786 1848 881 1879 tauris

223 1895 365 1936 (Colum.
393 1894 433 1924 vi.
464 1896 531 1933 13.)
560 1895 718 1927 eminebat
754 1897 880 1928 collum.

222 1944 302 1974 Sunt
328 1949 431 1973 autem
458 1946 514 1973 tori
537 1954 607 1986 pars
628 1955 768 1981 carnosa,
785 1946 881 1988 pulpa

221 1992 324 2024 carnis
348 1992 534 2029 musculosa,
551 1993 582 2024 in
607 1994 731 2025 lacertis
753 2001 785 2026 et
809 2006 880 2037 pec-

221 2048 298 2077 tore,
310 2041 508 2084 pulvillorum
521 2043 626 2079 instar,
639 2044 787 2075 eminens.
811 2045 882 2075 Vir-

224 2092 278 2133 gil.
293 2092 408 2132 Georg.
422 2091 464 2121 iii.
482 2093 533 2123 53.
548 2093 681 2134 optimos
701 2099 805 2124 tauros
825 2105 881 2125 nu-

226 2146 335 2175 merat,
351 2140 464 2181 quibus
479 2142 612 2180 plurimu
630 2141 739 2183 (longa
754 2150 785 2173 et
800 2153 882 2174 cras-

224 2190 275 2226 sa)
299 2192 408 2225 cervis,
424 2194 455 2220 et
476 2190 590 2231 quibus
610 2202 732 2221 crurum
759 2198 844 2222 tenus
864 2205 881 2222 a

225 2245 321 2269 mento
334 2239 469 2278 palearia
484 2239 632 2280 pendent.

269 2289 342 2318 855.
361 2288 481 2317 Cornua
505 2288 626 2329 parvm]
651 2289 831 2320 Laudamur
851 2289 883 2320 in

224 2337 327 2367 bubus
358 2346 474 2367 cornua
502 2338 646 2376 excelsa;
678 2337 731 2367 sed
759 2338 883 2379 Jupiter

226 2391 436 2427 assumpserat
449 2397 555 2425 parva,
578 2398 615 2417 ne
635 2387 780 2418 terribilis
799 2387 883 2418 vide-

225 2441 308 2466 retur
331 2434 456 2476 puellae.
494 2436 533 2465 Et
559 2436 746 2472 Columella,
770 2436 810 2467 vi.
832 2438 884 2468 20.

226 2484 368 2515 breviora
391 2484 499 2519 tauris,
517 2495 612 2526 quarn
635 2486 748 2521 bubus,
771 2487 886 2517 corn'ua

226 2532 346 2564 tribuit.
397 2533 493 2564 Manu
512 2534 604 2575 facta
635 2535 792 2571 dicuntur,
815 2547 884 2577 quae

228 2583 268 2614 ab
295 2581 463 2613 artificibus
484 2583 569 2614 sacta
590 2590 673 2620 sunt,
693 2590 725 2614 et
747 2585 888 2626 opposita

228 2638 346 2662 naturae
356 2632 499 2673 operibus
512 2645 517 2662 :
536 2633 606 2664 vide
618 2634 724 2664 Burm.
734 2634 772 2664 ad
783 2634 884 2670 Quin-

228 2682 274 2712 til.
291 2680 383 2711 Decl.
399 2680 443 2712 ix.
463 2682 512 2713 18.

273 2730 347 2760 857.
372 2729 473 2760 Nulla»,
497 2731 612 2772 minan]
640 2732 712 2762 Non
726 2738 793 2763 erat
815 2740 886 2763 trus

948 1804 1003 1830 aut
1030 1805 1140 1834 torvus,
1167 1807 1237 1839 quae
1263 1795 1337 1826 alibi
1361 1795 1424 1826 fere
1449 1793 1487 1824 de
1511 1791 1608 1824 tauris

947 1848 1170 1890 praedicantur.
1210 1846 1328 1881 Pacem,
1351 1843 1551 1875 serenitatem
1576 1847 1608 1873 et

949 1896 1220 1938 tranquillitatem,
1247 1896 1345 1931 habet,
1374 1904 1435 1935 prae
1460 1903 1493 1923 se
1522 1893 1580 1922 fert
1598 1904 1607 1921 2

949 1958 980 1976 x.
997 1946 1071 1976 702.
1112 1946 1222 1975 Praelia
1246 1945 1332 1974 nulla
1357 1944 1503 1972 minetur.
1534 1940 1607 1970 Non

949 1994 1110 2025 colluctari
1127 2004 1197 2024 cum
1214 1993 1333 2024 caeteris
1353 1993 1454 2023 bubus
1469 1996 1608 2022 conetur.

951 2044 1070 2080 Mitem,
1089 2043 1273 2085 χειροήθης,
1297 2042 1329 2073 id
1351 2047 1409 2077 est,
1428 2046 1608 2071 mansuetus

951 2099 1078 2124 vocatur
1093 2094 1131 2124 ab
1148 2091 1294 2134 Apollod.

993 2143 1067 2173 862.
1094 2142 1224 2182 Veniam]
1253 2140 1383 2171 Talibus
1406 2139 1489 2180 viget
1508 2138 1608 2180 phan-

951 2191 1029 2221 tasia
1045 2190 1162 2221 Ovidii.
1206 2191 1311 2220 Venire
1325 2189 1484 2229 eleganter
1499 2187 1607 2218 dicuu-

951 2246 1010 2276 tur,
1027 2250 1095 2281 quae
1121 2239 1305 2280 contingunt
1324 2238 1428 2273 alicui,
1453 2242 1486 2267 ut
1510 2236 1607 2266 haere-

950 2289 1064 2320 ditates
1080 2289 1168 2329 (Cic.
1183 2288 1273 2318 Veri.
1291 2287 1331 2318 iv.
1347 2287 1417 2325 27.)
1440 2292 1472 2317 et
1490 2285 1539 2316 hic
1555 2296 1608 2316 vo-

948 2338 1062 2380 luptas.

993 2388 1066 2418 865.
1089 2387 1127 2417 In
1141 2387 1244 2428 fulvis
1260 2386 1405 2426 nicenum]
1425 2385 1469 2416 Ut
1484 2384 1504 2415 i.
1524 2385 1582 2414 112
1598 2396 1605 2413 :

939 2437 1084 2477 flaccique
1095 2439 1131 2466 de
1149 2438 1248 2466 viridi.
1275 2435 1435 2470 Plaudere,
1452 2434 1611 2472 mulcere;

950 2485 1020 2516 vide
1047 2485 1222 2516 Ileinsium.
1260 2483 1365 2514 Nostri
1390 2483 1523 2515 Codices
1551 2482 1606 2512 ha-

950 2534 1025 2564 bent
1049 2535 1213 2573 palpanda.
1252 2533 1327 2562 {Jaec
1350 2531 1455 2567 lectio,
1481 2538 1607 2573 praeter-

952 2594 1046 2624 quam
1063 2582 1146 2624 quod
1170 2581 1340 2613 accuratior
1359 2581 1446 2611 nobis
1461 2581 1526 2611 visa
1550 2588 1610 2617 est,

952 2632 1046 2663 habet
1065 2631 1168 2663 nescio
1194 2631 1269 2673 quid
1291 2630 1414 2661 dulcius
1435 2636 1467 2661 et
1492 2629 1608 2660 amanti

953 2681 1198 2712 convenientius.
1225 2681 1325 2715 Novis,
1341 2691 1356 2710 e
1373 2679 1459 2710 novis
1476 2679 1611 2710 floribus.

956 2732 1093 2762 Premere
1107 2737 1139 2761 et
1154 2730 1279 2769 Θλὶρειν
1293 2741 1356 2771 pru,
1373 2729 1514 2760 insidere.
