1763 3181
230 204 316 245 250
623 204 673 244 Ρ.
706 202 917 245 OVIDII
950 200 1229 244 NASONIS

238 318 485 366 Indoluit:
515 318 812 381 quotiesque
837 334 959 381 puer
983 316 1293 371 miserabilis,
1323 315 1490 363 Eheu!
1517 318 1612 362 495

236 396 474 453 Dixerat;
511 395 615 441 haec
642 395 829 442 resonis
856 395 1064 443 iterabat
1088 395 1308 449 vocibUS‚
1334 393 1500 440 Eheu!

234 472 501 535 Quumque
527 487 642 518 suos
667 471 897 518 manibus
924 478 1237 535 percusserat
1260 470 1342 516 ille
1368 470 1594 523 lacertos,

234 548 357 596 Haec
384 564 584 612 quoque
610 548 852 595 reddebat
870 548 1088 595 sonitum
1108 547 1357 611 plangoris
1382 546 1611 594 eundem.

237 625 428 673 Ultima
440 641 535 672 vox
561 625 755 672 solitam
780 625 871 672 fuit
896 626 1001 672 haec
1028 624 1298 688 spectantis
1323 624 1373 670 in
1397 623 1608 679 undam3

235 701 349 750 Heu
373 701 553 749 frustra
577 701 757 749 dilecte
783 701 930 765 puer!
968 700 1279 764 totidemque
1305 699 1494 747 remisit
1518 701 1614 746 500

232 779 399 826 Verba
422 779 588 833 locus;
628 779 864 841 dictoque
884 777 1020 834 Vale,
1042 777 1166 824 Vale
1191 776 1353 839 inquit
1377 783 1428 823 et
1453 775 1608 822 Echo.

234 855 324 903 Ille
349 862 502 918 caput
526 855 666 901 viridi
692 854 876 902 fessum
903 854 1132 901 submisit
1155 854 1204 900 in
1229 854 1411 909 herba3

233 931 442 979 Lumina
466 948 564 978 nox
590 932 793 986 claudit,
821 930 1006 978 domini
1029 930 1259 978 mirantia
1278 930 1500 978 sormam.

231 1008 359 1055 Tum
382 1025 583 1072 quoque
609 1025 678 1065 se,
697 1017 964 1073 postquam
985 1015 1062 1056 est
1087 1008 1275 1055 inferna
1300 1008 1418 1055 sede
1441 1022 1609 1070 recep-

232 1085 290 1132 In
319 1086 496 1149 Stygia
521 1087 781 1150 spectabat
805 1103 936 1151 aqua
958 1101 966 1131 :
1006 1087 1243 1150 planxere
1268 1101 1458 1133 sorores
1491 1085 1611 1146 [tus.

234 1162 480 1220 Naiades3
523 1170 573 1209 et
597 1170 761 1210 sectos
786 1163 921 1211 fratri
946 1179 1155 1227 posuere
1180 1163 1414 1227 capillos:
1516 1164 1611 1208 506

233 1239 481 1286 Planxere
508 1247 558 1286 et
581 1240 836 1304 Dryades3
862 1241 1210 1305 plangentibus
1232 1247 1433 1288 assonat
1454 1238 1608 1286 Echo.

231 1315 446 1379 Jamque
467 1332 656 1379 rogum,
676 1333 985 1382 quassasque
1001 1318 1150 1374 faces,
1168 1317 1503 1380 feretrumque
1525 1331 1610 1380 pa-

429 1394 605 1440 rabant
629 1411 638 1441 :

234 1469 495 1532 Nusquam
515 1486 693 1534 corpus
715 1477 846 1518 erat:
875 1487 1102 1519 croceum
1119 1488 1206 1535 pro
1223 1486 1427 1535 corpore
1441 1471 1611 1517 florem

231 1545 512 1602 Inveniunt,
540 1546 667 1594 foliis
693 1548 911 1595 medium
936 1549 1249 1611 cingentibus
1276 1549 1416 1596 albis.
1515 1550 1611 1594 510

272 1669 345 1699 503.
364 1670 511 1700 Dominus
531 1671 689 1708 luminum,
706 1676 740 1701 ut
754 1670 795 1702 vi.
811 1671 886 1702 560.

229 1720 346 1749 :lumino
360 1720 483 1760 linguae.
508 1719 546 1750 In
558 1720 678 1762 Stygia,
691 1726 750 1752 etc.
773 1721 888 1751 Manes

228 1766 311 1797 enim
335 1767 365 1797 in
387 1767 507 1798 inferna
525 1768 597 1799 sede
620 1774 767 1800 exercent
784 1768 888 1800 studia

230 1815 378 1857 antiqua:
422 1816 492 1846 vide
523 1817 560 1847 ad
591 1817 634 1848 iv.
662 1818 735 1848 445.
780 1817 888 1849 Nihilo

228 1870 333 1896 tamen
366 1865 467 1896 minus
496 1866 611 1897 Noster
647 1877 729 1897 nunc
763 1866 887 1908 ingenio

229 1914 344 1944 abusus
359 1920 405 1945 est
420 1927 426 1944 :
447 1916 549 1957 Stygis
568 1915 649 1946 enim
666 1915 790 1946 turbida
806 1927 887 1957 aqua

228 1968 260 1992 et
283 1962 357 1993 limo
377 1963 471 2004 plena
491 1975 552 1994 nou
576 1969 697 2005 poterat
719 1965 887 2006 spectantis

230 2011 359 2042 sormam
374 2012 516 2043 reddere.

273 2062 345 2092 505.
364 2061 514 2092 Planxere
529 2062 666 2102 sorores]
682 2062 778 2104 Apud
792 2063 886 2094 Clau-

229 2109 314 2141 dian.
330 2110 363 2141 d.
381 2110 405 2141 l.
422 2111 718 2153 Narcissumfracta
735 2113 887 2151 Cephissus

228 2161 380 2191 arundine
407 2162 501 2202 luget.
546 2162 642 2192 Sestos
670 2163 803 2201 capillos.
838 2163 885 2193 Ex

229 2219 312 2239 more
343 2209 557 2250 antiquissimo
586 2210 728 2241 solebant
752 2217 885 2241 mortuo—

228 2268 294 2288 rum
312 2258 440 2289 tumulis
458 2259 535 2290 secti
552 2259 735 2301 capillorum
753 2260 887 2290 cincinni

228 2305 356 2348 imponi.
419 2307 532 2338 Ponere
560 2308 686 2338 solenne
716 2308 747 2339 in
780 2319 887 2339 conse—

228 2355 428 2388 crationibus.
470 2357 626 2393 Tibullus,
652 2358 678 2387 Ι.
704 2357 727 2388 i.
756 2358 808 2388 14.
835 2370 885 2398 po<

229 2416 308 2434 mum
327 2416 433 2444 ponere
450 2405 523 2436 Deo.
560 2406 679 2437 Mirum
700 2412 805 2437 autem
830 2413 886 2444 est,

227 2453 391 2495 Nymphas
429 2466 532 2496 rogum
571 2462 602 2486 et
638 2456 795 2496 feretrum
832 2468 885 2498 pa—

229 2502 324 2533 rasse.

269 2553 342 2583 508.
382 2553 594 2594 Qmissasque]
633 2555 760 2596 Septem
794 2555 885 2586 MSS.

227 2612 386 2642 cassasque.
431 2602 468 2633 Id
500 2603 698 2635 Burmannus
736 2604 883 2645 explicat,

228 2660 297 2691 quae
314 2656 440 2682 resectae
461 2652 500 2683 ab
522 2652 628 2683 arbore
646 2663 740 2683 succo
756 2663 810 2683 suo
831 2663 883 2684 ca-

228 2705 295 2729 rent
307 2705 337 2730 et
350 2699 443 2730 aridae
455 2706 536 2731 sunt.
569 2701 687 2737 Nostri,
701 2713 884 2743 quassasque.

229 2747 267 2777 Et
296 2753 404 2789 arguta
433 2748 509 2780 forte
536 2749 690 2781 videbitur
716 2750 884 2792 explicatio

956 1671 1137 1702 Burmanni.
1178 1673 1279 1703 Cassas
1299 1682 1353 1714 pro
1375 1681 1491 1712 quassas
1513 1667 1607 1710 scrip-

955 1726 1022 1752 tum
1042 1721 1136 1752 fuisse
1152 1732 1170 1752 a
1184 1721 1326 1757 librariis,
1342 1726 1372 1751 et
1384 1720 1493 1751 eodem
1508 1728 1609 1763 sensu,

956 1770 1025 1811 quis
1053 1770 1231 1807 demiretur,
1258 1781 1354 1811 quum
1383 1768 1507 1800 sciverit
1532 1778 1609 1810 quo-

954 1819 1045 1850 modo
1079 1824 1150 1850 ante
1185 1818 1421 1862 typographiam
1457 1822 1608 1859 repertam

954 1870 1160 1900 scriberentur
1184 1868 1277 1899 libri?
1299 1867 1421 1899 scilicet
1443 1867 1516 1903 duo,
1539 1872 1611 1902 tres,

955 1917 1003 1948 vel
1025 1918 1130 1959 plures
1153 1918 1260 1948 scriba:
1282 1923 1353 1948 ante
1375 1917 1527 1959 pluteum,
1545 1916 1609 1947 dic-

954 1972 1040 1997 tante
1057 1968 1151 1998 verba
1172 1967 1330 2009 magistro,
1352 1967 1543 2004 exarabant;
1566 1971 1608 2000 et,

954 2021 1045 2057 prout
1055 2016 1187 2058 quisque
1202 2016 1318 2058 peritus
1332 2022 1422 2052 esset,
1433 2015 1511 2046 alter
1525 2026 1609 2056 quas—

953 2075 1009 2099 sas,
1026 2065 1103 2096 alter
1117 2076 1211 2095 cassas
1231 2065 1262 2095 in
1285 2076 1339 2096 suo
1360 2064 1467 2095 codice
1481 2074 1606 2106 repone-

954 2113 1019 2144 bat.
1051 2113 1198 2144 Similiter
1214 2124 1250 2144 exx
1267 2113 1410 2144 omnibus
1425 2113 1508 2143 hisce
1524 2108 1613 2143 men--

954 2162 1002 2194 dis
1023 2174 1091 2204 quae
1116 2164 1147 2193 in
1172 2164 1282 2193 nostris
1303 2162 1424 2205 scriptis
1445 2162 1532 2193 libris
1556 2173 1607 2193 oc-

954 2217 1091 2242 currunt.
1132 2212 1273 2248 Quatere,
1289 2222 1437 2252 quassare,
1453 2218 1609 2251 percutere

944 2260 1043 2301 fimes,
1064 2260 1202 2291 formul-”e
1225 2261 1335 2291 obviae.
1375 2260 1448 2291 vid.
1462 2260 1610 2291 Heinsius

955 2310 993 2340 ad
1019 2310 1061 2340 iv.
1080 2311 1154 2341 758.
1191 2311 1400 2341 Jactabautur
1423 2309 1506 2340 enim
1531 2309 1609 2340 inter

955 2359 1104 2390 eundum.
1131 2360 1271 2390 Croceum
1278 2360 1398 2400 florem.
1414 2358 1608 2389 Narcissum.

954 2408 1024 2438 Flos
1040 2408 1089 2439 hic
1103 2408 1174 2439 Diis
1192 2408 1297 2439 inferis
1313 2419 1399 2439 sacer
1419 2407 1555 2449 fingitur,
1574 2413 1608 2438 ut

954 2456 1007 2498 qui
1023 2457 1130 2488 floreat
1145 2463 1266 2488 tantum
1286 2463 1317 2488 et
1339 2462 1487 2493 trauseat,
1505 2467 1606 2498 neque

953 2505 1051 2536 ullum
1074 2516 1110 2536 ex
1133 2516 1164 2537 se
1186 2505 1319 2536 fructum
1342 2506 1431 2544 edat3
1454 2505 1499 2536 ita
1514 2510 1545 2536 et
1561 2505 1607 2536 in·

951 2555 1043 2596 genia
1056 2555 1208 2596 praecocia
1220 2555 1301 2585 haud
1318 2554 1408 2585 facile
1424 2554 1607 2597 perveniunt

951 2604 990 2635 ad
1020 2604 1150 2646 frugem.
1204 2606 1270 2636 Flos
1298 2612 1401 2636 autern
1431 2605 1483 2635 ille
1511 2604 1604 2636 etiam

950 2653 1041 2684 hodie
1058 2654 1151 2695 juxta
1175 2654 1358 2685 Heliconem
1384 2654 1536 2697 plurimus
1559 2664 1606 2685 re-

951 2703 1076 2745 peritur.
1098 2709 1132 2734 ut
1156 2709 1258 2735 narrat
1277 2704 1429 2735 Chandler
1443 2704 1474 2734 'm
1496 2704 1604 2735 Itiner.

952 2762 1022 2794 cap.
1040 2753 1093 2782 64.
