1763 3181
408 172 1297 219 METAMORPHOSEONIHB.VL
1445 171 1529 214 &H

138 293 377 341 Vestibus
404 293 596 340 intexto
622 289 856 354 Phrygiis
883 288 1171 353 spectabilis
1198 303 1332 344 auro,
1435 289 1525 335 166

140 370 207 417 Et
231 377 473 434 quantum
499 369 569 416 ira
594 368 725 425 sinit,
749 367 989 424 formosa3
1019 381 1323 428 movensque
1348 365 1529 412 decoro

141 447 271 493 Cum
297 446 460 510 capite
486 445 733 492 immissos
758 444 1015 492 humerum
1042 459 1129 507 per
1154 449 1420 505 utrumque
1445 457 1526 489 ca-

341 523 488 587 pillos

142 601 406 648 Constitit:
435 606 592 663 utque
616 600 786 647 oculos
807 597 1110 665 circumtulit
1134 597 1235 644 alta
1259 596 1524 660 superbos;

142 684 174 702 ‘⁶
189 677 312 732 Quis
328 678 461 725 furor
477 677 721 734 auditOS‚”
738 676 916 739 inquit,
936 682 965 699 “
978 691 1265 739 praeponere
1280 673 1397 721 visis
1438 676 1529 720 170

143 754 420 803 Coelestes?
459 761 544 802 aut
568 771 655 802 cur
679 754 854 801 colitur
881 753 1070 800 Latona
1095 769 1182 816 per
1203 752 1345 798 aras?

141 831 342 880 Numen
366 832 527 879 adhuc
553 831 659 878 sine
683 837 791 878 ture
811 847 975 878 meum
998 830 1107 877 est?
1145 829 1265 876 mihi
1286 827 1527 875 Tantalus

338 916 527 965 auctor,

141 985 238 1033 Cui
262 987 403 1034 licuit
427 988 516 1035 soli
544 987 845 1051 Superorum
870 992 1073 1047 tangere
1098 1000 1324 1040 mensas;

141 1063 404 1111 Pleiadum
429 1081 564 1112 soror
584 1072 660 1111 est
684 1063 909 1126 genetrix
930 1061 1073 1119 mihi;
1114 1061 1361 1108 maximus
1387 1059 1529 1106 Atlas

141 1140 235 1188 Est
258 1158 393 1198 avus,
421 1142 677 1189 aetherium
704 1140 789 1204 qui
814 1140 907 1187 fert
928 1139 1203 1188 cervicibus
1228 1155 1403 1185 axem:
1438 1139 1528 1185 175

142 1217 340 1283 Jupiter
364 1221 489 1267 alter
514 1236 659 1277 avus;
700 1235 870 1266 socero
897 1234 1097 1281 quoque
1123 1216 1301 1279 glorior
1326 1215 1427 1261 illo.

143 1296 230 1344 Me
255 1303 428 1359 gentes
454 1303 681 1343 metuunt
707 1295 969 1359 Phrygiae;
1010 1311 1089 1342 me
1114 1293 1250 1356 regia
1271 1291 1450 1339 Cadmi

143 1469 172 1489 v.
185 1459 259 1490 338.
303 1459 423 1490 Verum
439 1457 469 1488 h.
485 1458 507 1490 l.
523 1460 643 1490 immissi
659 1458 800 1490 absolute

141 1513 214 1537 sunt
226 1506 330 1543 soluti,
340 1507 481 1543 fluentes,
493 1507 601 1548 quales
616 1513 688 1538 sunt
702 1507 800 1549 Apol-

142 1555 228 1587 linis.
272 1556 376 1587 Tibul.
405 1557 469 1587 III.
505 1557 549 1587 iv.
587 1558 645 1587 27:
686 1557 802 1587 Intonsi

142 1608 239 1637 crines
263 1607 350 1648 longa
377 1608 489 1637 cervice
509 1607 662 1647 fluebant.
707 1606 802 1647 Apud

141 1655 270 1686 Homer.
293 1655 325 1685 (1.
344 1655 366 1685 l.
383 1655 526 1698 ἠΰκομος
549 1655 669 1695 Νιόβη.
714 1656 800 1692 Alea,

143 1704 219 1746 quia
244 1704 370 1747 superbi
399 1705 482 1735 elato
510 1704 612 1747 capite
640 1704 802 1735 incedunt.

144 1756 219 1787 Ver.
256 1755 330 1786 275.
365 1758 518 1795 resupina.
562 1756 671 1785 Senec.
703 1754 804 1795 Epist.

143 1803 230 1835 lxxx.
254 1814 286 1845 p.
311 1804 384 1834 624.
409 1803 459 1835 ed.
477 1803 579 1845 Lips.:
606 1803 674 1838 Ille,
699 1804 749 1843 qui
774 1805 805 1833 in

142 1865 229 1884 scena
253 1854 350 1884 elatus
370 1855 495 1889 incedit,
513 1859 541 1883 et
567 1853 626 1883 haec
651 1854 806 1891 resupinus

143 1905 230 1938 dicit,
244 1904 293 1933 Εη
310 1905 418 1943 impero
432 1904 536 1945 Argis.

189 1954 260 1983 170.
283 1952 459 1994 Quisfurm·
472 1954 601 1987 auditos,
617 1951 694 1991 etc.]
721 1951 804 1981 Hinc

142 2009 254 2034 cuncta
268 2001 334 2038 illa,
350 2012 420 2043 quae
436 2004 547 2032 animos
560 2002 672 2032 dabant
692 2000 801 2041 (152.)

143 2058 178 2083 ut
193 2063 226 2083 se
241 2052 368 2083 Latonae
384 2052 550 2094 praeferret,
566 2051 634 2092 ipsa
648 2061 710 2081 non
726 2061 800 2081 enu-

141 2107 241 2133 merat
255 2101 358 2138 mod0,
373 2101 427 2132 sed
448 2106 478 2132 et
493 2100 677 2142 amplificat.
723 2100 800 2130 Haec

143 2158 216 2182 sunt
238 2163 347 2193 magna-
371 2151 427 2181 illa
449 2151 548 2186 verba,
568 2160 638 2191 quae
663 2149 801 2179 minuere

143 2201 280 2237 nolebat,
305 2206 337 2231 et
361 2200 474 2242 quibus
497 2200 592 2236 elata,
614 2210 704 2230 versu
730 2200 801 2229 184.

143 2250 274 2280 fidenter
301 2249 437 2291 subjicit,
463 2249 596 2283 Quaerite
623 2260 717 2284 nunc,
741 2254 801 2278 etc.

145 2299 197 2329 De
220 2298 353 2329 formula.
374 2300 438 2338 quis
450 2298 569 2339 furor?
598 2296 638 2327 ad
659 2296 703 2327 iii.
727 2297 801 2327 531.

145 2348 224 2384 Quae
249 2346 309 2388 ipsi
336 2348 478 2383 videmus,
502 2356 540 2376 ea
562 2351 593 2377 et
617 2345 747 2376 certiora
770 2350 802 2376 et

144 2396 343 2438 praesentiora
371 2402 443 2426 sunt
470 2397 594 2431 auditis,
622 2395 660 2426 de
689 2394 802 2436 quibus

143 2445 237 2476 fando
266 2445 385 2487 aliquid
413 2444 600 2486 accepimus.
646 2445 707 2474 Per·
735 2455 803 2474 aras

145 2506 207 2526 non
237 2502 296 2531 est,
327 2495 386 2526 aris
413 2494 573 2529 extructis,
600 2493 654 2524 sed
683 2493 715 2523 in
743 2493 804 2524 aris

146 2543 297 2586 plurimis,
317 2549 352 2574 ut
376 2554 445 2585 quae
471 2555 523 2582 per
545 2544 642 2578 urbes,
664 2541 804 2584 plurimis

143 2593 177 2624 in
212 2593 349 2630 urbibus,
377 2593 443 2624 fieri
480 2593 636 2623 dicuntur.
682 2592 803 2622 Numen

144 2654 254 2678 meum,
270 2647 306 2672 ut
318 2652 406 2673 versu
422 2642 454 2672 4.
502 2641 659 2677 Tantalus,
674 2651 727 2671 rex
743 2641 804 2681 Ly-

145 2691 205 2723 diae
228 2691 491 2734 opulentissimus,
509 2702 590 2733 saepe
609 2690 649 2721 ad
666 2691 805 2721 Deorum

145 2740 321 2772 convivium
358 2740 523 2776 admissus,
562 2740 646 2771 unde
683 2741 805 2770 conviva

870 1458 1014 1493 Deorum,
1032 1458 1110 1488 Hor.
1128 1457 1154 1487 I.
1170 1456 1233 1487 Od.
1249 1454 1355 1486 xxviii.
1371 1455 1402 1485 7.
1447 1453 1528 1483 Aac·

870 1515 927 1544 tor,
940 1507 1060 1538 scilicet
1074 1506 1208 1548 generis.
1254 1506 1335 1541 Solig
1360 1502 1447 1534 licuit
1460 1502 1529 1544 qui·-

869 1558 940 1588 dem
956 1563 986 1588 et
999 1557 1099 1587 Ixioni
1115 1562 1147 1587 et
1165 1554 1285 1597 Pelopi,
1296 1553 1350 1585 sed
1364 1553 1409 1583 illi
1425 1557 1527 1595 poste-

870 1608 963 1638 riores
1000 1606 1116 1637 Nioba.
1165 1606 1321 1636 Heinsius.
1368 1602 1529 1633 Maximus

871 1663 975 1688 autem
991 1656 1088 1686 honos
1105 1662 1227 1697 tangere
1242 1665 1365 1687 mensas,
1381 1652 1528 1682 interesse

872 1706 1021 1737 conviviis
1038 1707 1180 1741 Deorum,
1195 1704 1282 1745 isque
1303 1703 1376 1733 olim
1394 1712 1454 1732 non
1470 1699 1529 1731 nisi

872 1757 942 1787 Diis
962 1766 1138 1792 concessus,
1154 1760 1248 1796 atque
1264 1753 1342 1784 adeo
1358 1749 1531 1782 divinitatis

869 1807 1003 1847 signum.
1050 1806 1123 1835 AEn.
1139 1804 1159 1834 i.
1176 1805 1229 1834 79.
1244 1802 1355 1833 .²Eolus
1374 1800 1414 1830 ad
1428 1800 1528 1831 Juno-

870 1865 940 1885 nem
954 1867 959 1884 :
986 1860 1019 1884 ta
1041 1856 1094 1883 das
1107 1853 1201 1893 epulis
1216 1852 1385 1882 accumbere
1402 1849 1530 1879 Divum.

917 1904 988 1934 174.
1015 1904 1179 1933 Pleiadum
1203 1912 1312 1932 sorores
1331 1905 1420 1931 erant
1440 1899 1529 1938 Hya-

871 1953 926 1984 des
952 1953 1086 1994 (Hygin.
1110 1953 1147 1982 P.
1164 1951 1204 1981 A.
1219 1950 1252 1981 ii.
1273 1949 1347 1987 21.)
1373 1959 1390 1979 e
1416 1947 1530 1989 quibus

871 2013 932 2033 una
948 2001 1009 2032 Dio
1025 2001 1145 2041 (Schol.
1161 2001 1255 2030 Hom.
1272 1998 1311 2029 ad
1326 1998 1366 2028 Il.
1381 2001 1419 2028 E.
1437 1995 1529 2035 486.)

870 2063 963 2093 quam
980 2050 1120 2081 nonnulli
1134 2050 1252 2080 faciunt
1268 2048 1387 2078 Niobes
1401 2044 1530 2088 genitri-

869 2112 950 2132 cem.
993 2099 1112 2141 Hygin.
1124 2099 1187 2129 fab.
1203 2099 1234 2128 9.
1247 2099 1298 2132 82,
1310 2098 1361 2127 83.
1405 2095 1456 2126 Sic
1472 2097 1530 2125 At-

870 2151 913 2180 las
926 2150 992 2191 ejus
1008 2159 1094 2184 avus,
1107 2154 1136 2179 et
1147 2148 1281 2186 Jupiter,
1292 2144 1417 2175 Tantali
1432 2149 1530 2185 pater,

868 2199 947 2228 alter
967 2209 1050 2233 avus,
1070 2202 1162 2237 atque
1186 2195 1265 2225 adeo
1287 2205 1367 2224 socer·
1387 2202 1525 2234 quoque,

870 2247 944 2289 quia
970 2253 1001 2278 et
1029 2245 1187 2287 Amphion
1212 2243 1299 2275 Jovis
1325 2254 1363 2273 ex
1390 2241 1530 2282 Antiopa

869 2297 960 2327 filius.
1006 2297 1140 2326 Pausan.
1166 2294 1270 2324 Boeot.
1296 2304 1327 2334 p.
1354 2292 1427 2322 720.
1473 2291 1527 2320 AE-

870 2347 997 2377 therium
1013 2346 1063 2385 qui
1076 2343 1152 2382 fert,
1170 2348 1230 2373 etc.
1275 2341 1390 2372 Confer
1404 2339 1436 2370 in
1451 2339 1530 2370 libro

868 2393 909 2425 iv.
924 2404 1029 2424 versus
1044 2393 1106 2423 656
1122 2397 1153 2422 et
1168 2402 1237 2432 sqq.

915 2444 986 2474 177.
1022 2443 1179 2477 Metnunt,
1204 2444 1390 2471 venerantur
1418 2442 1449 2468 et
1478 2447 1530 2468 co-

870 2493 950 2529 lunt,
966 2498 1000 2522 ut
1022 2491 1146 2522 felicem
1168 2489 1295 2519 maximi
1316 2487 1397 2529 regis
1412 2486 1530 2525 flliam;

871 2542 941 2573 vide
965 2541 1003 2572 ad
1028 2541 1048 2571 i.
1068 2541 1143 2571 322.
1189 2540 1340 2579 Phrygia.
1386 2536 1467 2567 Vide
1491 2535 1531 2566 ad

871 2603 901 2622 v.
920 2592 989 2621 149.
1006 2591 1208 2629 Amphionem,
1224 2587 1276 2629 qui
1292 2585 1434 2627 regnavit
1449 2595 1530 2616 anno

873 2641 956 2671 1390
975 2644 1047 2669 ante
1071 2637 1241 2671 Christum,
1254 2636 1370 2676 fidibus
1389 2632 1530 2664 excellu-

872 2689 931 2719 isse
956 2687 1106 2729 (Plinius,
1130 2685 1184 2716 vii.
1209 2685 1269 2723 563
1302 2684 1427 2718 Noster,
1452 2681 1531 2712 ibid.

874 2739 966 2775 585.)
983 2745 1151 2777 earumque
1172 2745 1246 2765 sono
1259 2733 1383 2764 Thebas
1401 2730 1533 2763 circum-
