1763 3181
403 177 1023 222 METAMORPHOSEON
1058 176 1177 218 LIB.
1211 176 1294 218 IV.

1459 177 1545 218 283

155 296 294 344 Vidit
330 296 453 343 ebur
494 311 733 349 vacuum;
782 298 811 317 “
846 291 955 340 Tua
1000 299 1051 339 te
1092 291 1318 347 manuS‚”
1361 291 1538 355 inquit,

355 378 386 396 “
413 387 649 435 amorque

156 449 398 505 Perdidit,
425 449 621 496 infelix!
660 454 738 495 est
762 453 813 494 et
838 446 957 493 mihi
982 446 1119 493 fortis
1145 446 1195 492 in
1219 462 1372 492 unum

156 526 266 573 Hoc
288 543 463 574 manus
481 545 491 583 3
521 533 597 573 est
615 531 665 572 et
680 540 832 580 amor,
854 524 993 571 dabit
1011 523 1090 570 hic
1107 523 1156 569 in
1174 523 1375 570 vulnera
1395 523 1539 570 vires.

155 604 438 667 Prosequar
452 604 728 651 extinctum
744 620 753 658 ;
773 602 962 664 letique
978 600 1254 663 miserrima
1268 600 1406 647 dicar
1449 604 1535 647 151

157 681 338 737 Causa,
366 697 635 743 comesque
660 680 760 726 tui:
790 679 977 741 quique
1004 694 1032 725 a
1056 694 1135 724 me
1160 684 1317 724 morte
1342 678 1509 725 revelli

155 757 294 805 Heu!
334 758 439 805 sola
462 764 675 821 poteras,
701 756 886 820 poteris
912 772 1003 803 nec
1030 763 1186 802 morte
1211 755 1395 803 revelli.

155 832 266 881 Hoc
292 841 459 883 tamen
484 836 742 882 amborum
768 835 929 881 verbis
956 842 1116 881 estote
1142 834 1316 896 rogati,

157 911 200 958 O
229 913 441 959 multum
468 912 650 968 miseri,
678 928 817 959 meus
838 912 1089 974 illiusque,
1118 918 1366 974 parentes,

1451 914 1542 958 155

157 989 243 1047 Ut,
271 1007 398 1054 quos
425 1007 563 1038 serus
590 1007 742 1046 amor,
765 1006 890 1053 quos
910 990 1029 1036 hora
1054 988 1321 1035 novissima
1338 988 1524 1052 junxit,

157 1067 403 1131 Componi
427 1068 618 1115 tumulo
645 1084 741 1114 non
768 1067 1028 1114 invideatis
1054 1066 1231 1114 eodem
1253 1066 1262 1112 ἱ

155 1143 222 1191 At
246 1152 316 1201 tu,
344 1161 454 1208 quae
480 1145 628 1191 ramis
655 1145 800 1192 arbor
824 1144 1105 1191 miserabile
1131 1159 1311 1206 corpus

157 1221 203 1268 N
209 1238 304 1269 unc
330 1222 458 1285 tegis
483 1223 644 1279 unius,
669 1238 784 1269 mox
810 1238 862 1269 es
888 1229 1082 1269 tectura
1105 1221 1330 1274 duorum,

120 1338 126 1343 .
157 1298 312 1363 Signa
333 1306 448 1348 tene
470 1300 648 1358 caedis3
678 1300 959 1364 pullosque,
978 1306 1029 1347 et
1045 1298 1262 1345 luctibus
1282 1303 1427 1361 aptos
1454 1300 1546 1344 160

202 1456 273 1486 148.
298 1456 444 1486 Eburneae
459 1456 580 1497 vaginae
604 1467 717 1497 magno
741 1455 816 1487 olim

153 1504 186 1535 in
198 1504 323 1535 honore.
369 1505 496 1536 Homer.
514 1505 578 1536 Od.
596 1509 635 1537 Θ.
653 1507 726 1536 404.
742 1507 816 1537 Vir-

155 1552 210 1595 gil.
226 1553 353 1584 AEneid.
368 1553 410 1584 ix.
426 1555 499 1586 305.
543 1555 582 1585 In
598 1556 738 1591 vulnera,
758 1555 817 1585 sci-

155 1602 230 1634 licet
244 1602 427 1644 infligenda.
465 1604 556 1645 Saepe
579 1604 624 1635 sic
645 1606 675 1635 in
699 1604 739 1635 ad
762 1603 817 1634 de—

154 1652 342 1694 signandum
357 1652 560 1695 propositum.

202 1703 273 1733 151.
297 1702 465 1742 Prosequar
480 1713 496 1733 e
518 1701 597 1732 Sixti
613 1701 721 1733 codice
737 1712 815 1743 prae-

155 1750 213 1781 tuli
236 1752 285 1792 τῷ
306 1762 476 1791 persequar,
496 1762 593 1792 quum
615 1750 692 1781 illud
721 1750 816 1781 etiam

155 1800 267 1831 Burm.
290 1801 439 1842 placeret.
485 1800 546 1838 Qui
575 1800 658 1831 enim
684 1800 817 1831 alterum

157 1850 334 1887 comitatur,
354 1850 379 1880 is
402 1861 473 1881 eum
496 1852 630 1890 prosequi
648 1849 750 1892 potius
770 1849 817 1880 di-

156 1899 236 1931 citur
251 1910 346 1941 quam
358 1902 506 1940 persequi.
545 1900 650 1931 Etiam
666 1900 729 1930 550
745 1910 816 1930 cum

156 1949 264 1980 multis
286 1949 331 1980 sic
356 1949 583 1991 corrigendum.
631 1949 748 1989 Quique
771 1959 817 1979 re-

156 2000 239 2030 velli.
282 1998 352 2029 Hoc
381 2009 513 2030 acumen
542 1998 686 2029 abhorret
715 2008 734 2029 a
761 2008 815 2029 na·

156 2053 225 2079 tura
239 2047 442 2090 desperantis.

202 2097 274 2128 156.
310 2097 401 2127 Serus
429 2095 502 2127 dedi
527 2107 565 2127 ex
596 2107 657 2127 uno
687 2096 816 2127 Moreti.

157 2145 293 2187 Elegans
312 2145 379 2176 haec
401 2144 495 2176 lectio
515 2146 609 2176 etiam
626 2145 761 2187 Heynio,
777 2145 817 2176 ad

156 2195 259 2226 Tibul.
283 2196 310 2226 I.
335 2195 369 2226 ii.
395 2196 449 2226 89.
472 2195 649 2231 videbatur,
671 2195 696 2226 si
718 2207 815 2226 serum

157 2256 284 2275 amorem
307 2244 527 2286 interpreteris,
544 2244 597 2286 qui
618 2244 672 2275 diu
689 2245 755 2286 jam
771 2244 816 2274 vi-

157 2293 235 2335 guit,
250 2305 311 2325 non
330 2304 427 2336 nuper
447 2294 572 2325 demum
588 2299 707 2325 natum.
751 2294 818 2335 Ego

157 2354 230 2374 vero
244 2342 387 2383 intelligo
399 2348 572 2374 extremum
587 2355 595 2381 3
608 2343 719 2373 ultima
734 2343 818 2373 enim

157 2397 189 2422 et
210 2397 349 2422 extrema
364 2403 430 2422 sera
451 2391 512 2422 dici
532 2392 643 2427 solent,
659 2397 693 2422 ut
714 2391 820 2423 docuit

158 2441 334 2472 Bruckhus.
351 2441 392 2472 ad
406 2442 548 2483 Propert.
564 2442 591 2472 Ι.
602 2453 656 2472 xv.
670 2443 724 2472 21.
758 2441 818 2471 At-

159 2501 220 2532 que
235 2491 278 2522 ita
298 2491 378 2522 bene
394 2491 539 2522 convenit
554 2491 654 2527 alteri,
670 2492 742 2521 hora
765 2503 817 2521 no-

158 2542 286 2570 vissima.
339 2540 479 2580 Componi
510 2551 592 2570 nunc
624 2539 816 2582 simpliciter,

158 2589 260 2621 condi.
296 2589 384 2620 Alibi
400 2601 578 2630 componere,
594 2595 628 2621 ut
650 2589 812 2631 περιστέλ-

157 2640 239 2676 λειν,
265 2649 388 2670 omnem
417 2650 522 2670 curam
546 2638 701 2681 exprimit,
721 2649 816 2680 quam

159 2687 359 2729 pollinctores
386 2687 570 2730 impendunt
599 2687 815 2719 cadaveribus.

146 2737 232 2769 Non
260 2739 429 2774 invideatis,
454 2739 498 2778 μὴ
523 2738 680 2779 φθονεῖτε,
709 2736 813 2771 sinite,

884 1454 1065 1496 permittite.
1107 1453 1248 1484 Invidere
1264 1452 1399 1487 omnino,
1416 1462 1477 1482 non
1494 1451 1547 1482 tri-

883 1505 989 1535 buere.
1028 1504 1137 1534 Horat.
1162 1503 1206 1533 II.
1228 1503 1294 1533 Sat.
1309 1502 1349 1532 vi.
1375 1503 1427 1532 83.
1455 1513 1548 1542 neque

883 1555 998 1593 sepositi
1026 1555 1129 1582 ciceris
1154 1553 1278 1587 invidit,
1303 1551 1430 1592 largiter
1451 1561 1546 1592 appo-

883 1602 954 1632 suit.
990 1601 1079 1642 Virg.
1096 1603 1171 1631 iEn.
1194 1600 1235 1631 iv.
1257 1601 1339 1631 350:
1371 1600 1443 1634 Qua
1467 1601 1546 1630 invi-

884 1654 935 1682 dia
964 1653 1028 1682 est?
1065 1651 1141 1692 quid
1176 1650 1319 1692 impedit,
1347 1660 1408 1691 quo
1445 1649 1548 1680 minus

885 1701 962 1732 fiat!
989 1701 1091 1730 Aliter
1118 1699 1281 1730 Schirach.
1323 1703 1343 1716 ‘¹
1369 1700 1442 1729 Non
1465 1699 1545 1730 invi-

884 1750 984 1782 deatis
1011 1761 1109 1781 unum
1136 1749 1224 1779 nobis
1255 1749 1422 1784 tumulum,
1452 1748 1545 1779 adeo-

885 1811 945 1841 que
972 1799 1154 1841 conjunctos
1173 1798 1283 1829 eodem
1308 1798 1451 1840 sepulcro
1472 1808 1546 1828 con-

885 1849 1001 1880 datis.''

932 1900 1002 1929 160.
1023 1899 1196 1939 Pullosque,
1223 1904 1251 1928 et
1277 1898 1407 1928 luctibus
1428 1897 1541 1938 aptos]

886 1948 994 1979 Codex
1018 1948 1139 1989 Regius
1163 1949 1203 1978 B.
1224 1958 1242 1978 a
1264 1947 1364 1989 prima
1383 1958 1477 1978 manu
1498 1949 1545 1978 ni-

881 2009 1005 2039 grosque
1020 2004 1048 2027 et
1073 1998 1202 2027 lactibus
1225 2003 1330 2035 aptos,·
1354 1996 1456 2038 glossa
1472 2001 1519 2027 est
1538 2009 1543 2027 :

885 2057 957 2077 nam
973 2057 1031 2078 vox
1052 2048 1156 2086 pullus
1180 2045 1279 2086 magis
1295 2056 1380 2076 moro
1401 2046 1548 2076 convenit

885 2107 978 2137 quarn
1004 2095 1113 2137 niger3
1145 2100 1296 2136 praeterea
1320 2096 1425 2134 pullus
1453 2095 1546 2131 color,

886 2156 947 2175 non
971 2144 1058 2186 niger
1079 2143 1216 2179 omnino,
1239 2143 1271 2173 in
1294 2143 1431 2173 luctibus
1455 2143 1546 2173 adhi-

881 2194 1024 2229 bebatur,
1041 2199 1073 2224 et
1097 2193 1154 2223 hoc
1177 2192 1362 2223 confirmant
1377 2202 1447 2232 quae
1472 2202 1543 2222 mox

883 2243 960 2274 dicit
982 2243 1032 2273 Cl.
1060 2243 1178 2283 Gierig.
1239 2241 1343 2271 Pullos
1369 2239 1458 2276 dixit,
1484 2251 1545 2271 non

883 2293 997 2334 nigros,
1013 2297 1135 2334 propter
1156 2290 1277 2333 pullam
1298 2289 1473 2331 lugentium
1497 2296 1543 2320 to-

884 2352 967 2383 gam.
1004 2344 1129 2380 Aptare,
1145 2339 1338 2381 praetendere
1354 2349 1459 2369 ensem
1473 2350 1544 2381 pec-

886 2391 953 2421 tori.
993 2391 1141 2432 Tetigere.
1165 2389 1226 2419 Pro
1247 2399 1294 2424 eo,
1317 2399 1383 2419 ver.
1407 2389 1490 2425 373;
1515 2400 1544 2419 x.

887 2441 960 2470 489.
990 2440 1062 2469 Vota
1087 2449 1151 2469 suos
1181 2439 1308 2468 habuere
1340 2439 1426 2467 Deos.
1472 2439 1545 2469 Duo

884 2500 1037 2520 mororum
1062 2498 1178 2529 genera
1202 2493 1284 2522 sunt,
1310 2497 1441 2528 quorum
1468 2487 1546 2518 alte-

886 2549 953 2569 rum
968 2539 1081 2569 baccas
1096 2537 1194 2573 albas,
1205 2537 1336 2567 alterum
1352 2536 1456 2577 nigras
1473 2537 1544 2572 fert,

887 2598 1066 2629 quanquam
1088 2587 1171 2628 prius
1195 2596 1292 2627 genus
1308 2586 1475 2616 Veteribus
1492 2596 1546 2616 no-

887 2642 952 2667 tum
983 2636 1078 2667 fuisse
1106 2647 1168 2666 non
1197 2640 1331 2665 constat.
1380 2633 1410 2663 Si
1441 2634 1545 2665 caedes

886 2686 941 2717 illa
958 2697 1051 2728 prope
1067 2695 1186 2715 morum
1203 2684 1285 2714 facta
1302 2688 1378 2719 erat,
1394 2689 1448 2713 aut
1463 2683 1546 2714 facta

886 2735 1072 2776 fingebatur,
1098 2733 1199 2764 facilis
1223 2738 1289 2763 erat
1311 2731 1466 2763 sententia
1491 2732 1545 2763 illa
