1763 3181
208 195 296 237 284

601 192 652 233 Ρ.
685 189 897 232 OVIDII
933 187 1210 231 NASONIS

211 312 420 373 Semper
446 309 574 355 habe
598 307 762 361 foetus,
790 305 972 368 gemini
998 310 1319 352 monumenta
1343 301 1578 349 cruoris.''

212 388 380 442 Dixit3
422 392 473 433 et
497 392 668 449 aptato
694 391 869 447 pectus
894 398 1128 429 mucrone
1154 381 1246 428 sub
1273 381 1424 426 imum

211 462 448 511 Incubuit
474 462 619 518 ferro,
647 462 781 525 quod
807 461 967 508 adhuc
994 476 1023 507 a
1046 459 1184 507 caede
1207 459 1428 522 tepebat.

213 541 344 589 Vota
365 547 533 587 tamen
558 539 766 601 tetigere
793 537 947 593 Deos,
974 536 1182 599 tetigere
1205 542 1466 600 parentes:

213 618 344 665 Nam
369 618 504 665 color
524 617 574 663 in
599 632 747 680 pomo
768 622 860 671 est,
879 615 962 661 ubi
984 613 1324 678 permaturuit,
1342 620 1474 667 ater;
1509 613 1599 657 165

213 694 463 758 Quodque
483 694 615 756 rogis
643 700 889 757 superest,
917 709 1015 740 una
1039 691 1307 754 requiescit
1332 690 1380 736 in
1405 705 1544 736 urna.

282 772 512 820 Desierat
529 790 538 829 ;
560 771 882 834 mediumque
898 770 991 817 fuit
1005 770 1153 816 breve
1171 777 1369 832 tempus
1387 786 1398 825 ;
1424 774 1474 814 et
1492 781 1604 814 orsa

216 849 396 897 DlCel'C
424 848 686 896 Leuconoe
708 866 718 896 Ξ
757 864 930 896 vocem
955 855 1160 895 tenuere
1187 862 1393 894 Sorores.

1506 845 1605 906 [est

215 926 362 973 Hunc
388 942 604 989 quoque,
626 926 820 974 siderea
845 926 930 988 qui
955 931 1203 988 temperat
1224 923 1390 970 omnia
1412 922 1540 975 luce,

216 1004 368 1068 Cepit
392 1020 528 1051 amor
555 1004 754 1051 Solem:
797 1003 927 1050 Solis
954 1001 1222 1050 referemus
1249 1016 1457 1048 amores.
1514 1002 1605 1046 170

216 1081 415 1128 Primus
441 1081 740 1128 adulterium
765 1080 976 1128 Veneris
1003 1095 1114 1126 cum
1143 1077 1305 1125 Marte
1324 1083 1525 1141 putatur

217 1158 315 1205 Hic
340 1158 525 1206 vidisse
553 1158 691 1205 Deus
714 1175 723 1205 :
763 1156 898 1205 videt
922 1157 1002 1203 hic
1029 1156 1168 1204 Deus
1193 1155 1358 1202 omnia
1382 1153 1586 1217 primus.

219 1235 441 1283 Indoluit
463 1235 624 1292 facto;
664 1234 694 1281 J
701 1234 1097 1297 unonigenaeque
1123 1232 1300 1279 marito

219 1312 372 1359 Furta
396 1313 505 1368 tori,
528 1311 749 1374 furtique
776 1312 941 1358 locum
967 1309 1285 1357 monstravit:
1326 1316 1376 1356 at
1399 1308 1468 1354 illi

221 1389 287 1436 Et
308 1407 465 1445 mens,
489 1397 539 1437 et
561 1390 694 1452 quod
714 1406 840 1453 opus
863 1387 1051 1436 fabrilis
1072 1388 1250 1435 dextra
1267 1386 1485 1440 tenebat,
1518 1387 1608 1431 175

218 1566 351 1609 poetica,
378 1566 472 1597 foetus
500 1565 616 1596 arboris
644 1565 746 1607 nigros
773 1566 878 1607 lugere

219 1616 305 1647 illam
321 1616 450 1646 caedem.

265 1666 336 1697 167.
352 1665 487 1696 Medium
504 1664 645 1705 tempus]
665 1664 883 1696 Intervallum.

226 1715 307 1745 Plin.
324 1714 401 1746 VII.
424 1714 526 1756 Epist.
547 1713 643 1744 xxvii.
672 1715 720 1745 13.
743 1716 883 1755 eaigunm

221 1766 357 1805 temporis
375 1767 513 1795 medium.

270 1814 342 1844 168.
367 1814 531 1848 Leuconoe,
552 1823 635 1843 soror
655 1812 764 1848 altera,
782 1812 886 1854 plures

225 1864 355 1894 fabellas
377 1869 491 1899 narrat,
508 1862 546 1893 de
572 1861 686 1892 Martis
707 1867 738 1892 et
754 1862 888 1893 Veneris

224 1912 388 1948 adulterio,
405 1922 485 1943 vers.
504 1912 673 1942 167—189
688 1923 696 1948 ;
721 1910 760 1941 de
776 1910 887 1941 amori-

223 1963 282 1993 bus
308 1960 502 1991 Leucothoes
524 1965 555 1991 et
579 1959 669 1995 Solis,
688 1970 764 1990 vers.
784 1960 887 1990 190—

225 2013 288 2042 255
303 2023 311 2049 ;
334 2010 373 2041 de
395 2010 500 2051 Clytie
516 2020 595 2040 vers.
611 2010 793 2040 256—270.
839 2008 887 2039 Ac

225 2060 325 2102 prima
340 2059 467 2101 quidem
485 2069 546 2089 non
566 2058 743 2100 pertinebat
759 2058 799 2088 ad
815 2068 888 2088 con-

226 2108 330 2139 silium
352 2109 544 2144 Leuconoes,
570 2118 639 2149 quae
668 2107 743 2138 Solis
768 2112 888 2137 tantum

228 2169 339 2189 amores
367 2158 482 2199 referre
512 2157 664 2194 volebat3
696 2167 803 2188 verum
835 2156 890 2187 hos

227 2207 300 2238 inde
328 2206 463 2249 repetiit.
508 2206 667 2238 Potuisset
695 2216 765 2237 eam
798 2206 890 2237 verbo

228 2263 375 2298 tangere;
402 2256 469 2293 sed,
486 2267 556 2298 quae
580 2255 706 2298 Superis
729 2260 890 2297 tantopere

228 2306 403 2348 placuerat,
420 2311 449 2336 et
468 2316 539 2336 cum
564 2306 603 2336 ab
620 2305 679 2341 his,
694 2310 761 2335 tum
778 2315 797 2335 a
811 2314 891 2335 mor-

230 2355 344 2386 talibus
368 2354 586 2385 oblectationis
609 2364 706 2385 causa
729 2364 812 2396 saepe
838 2353 892 2384 ad-

230 2404 396 2435 hibebatur
412 2402 518 2445 (Virg.
535 2404 651 2445 Georg.
667 2403 708 2434 iv.
720 2402 812 2443 345.)
825 2413 894 2433 eam

231 2464 288 2485 nec
305 2455 345 2484 ab
361 2453 418 2483 hoc
434 2464 489 2484 suo
505 2463 596 2494 opere
622 2454 728 2484 abesse
749 2452 893 2494 petulan—

231 2503 275 2534 tia
298 2508 397 2545 poetae
415 2502 524 2538 voluit,
541 2513 598 2533 nec
624 2502 663 2532 ab
684 2502 753 2533 Art.
770 2501 843 2532 Am.
858 2501 894 2532 ii.

232 2553 291 2583 561
319 2562 389 2593 sqq.
430 2551 550 2582 Auctor
572 2551 639 2593 ejus
658 2556 706 2582 est
728 2551 894 2587 Homerus,

233 2600 298 2632 Od.
316 2605 354 2632 Θ.
370 2601 434 2631 266
455 2611 525 2642 sqq.
548 2600 601 2632 ubi
627 2600 828 2631 Demodocus
851 2600 895 2631 ci-

233 2651 409 2687 tharoedus,
440 2650 553 2683 festum
594 2651 752 2682 celebrare
779 2651 895 2692 jussus,

233 2711 300 2731 eam
324 2700 567 2731 Phaeacensibus
587 2701 692 2732 canit:
718 2701 759 2731 cf.
777 2700 893 2742 Hygini

232 2750 294 2780 fab.
321 2751 392 2780 148.
442 2750 570 2781 Lucian.
600 2750 687 2781 Dial.
715 2751 811 2780 Deor.
842 2750 891 2781 17.

949 1565 1109 1607 Improbat
1132 1565 1194 1595 fab.
1215 1564 1320 1599 Plato,
1344 1563 1425 1604 Rep.
1441 1562 1506 1592 III.
1525 1561 1611 1603 Hey-

949 1616 1010 1651 nio,
1035 1615 1067 1646 in
1091 1614 1171 1645 libro
1196 1615 1323 1654 Antiqu.
1352 1612 1512 1654 Aufsaetze
1531 1612 1553 1643 i.
1576 1623 1609 1654 p.

953 1666 1023 1696 161.
1048 1670 1115 1695 orta
1130 1663 1254 1695 videtur
1276 1673 1314 1692 ex
1338 1661 1558 1702 Cosmogonia,
1580 1661 1612 1692 in

951 1725 1014 1757 qua
1037 1713 1217 1755 conjunctio
1244 1712 1467 1744 elementorum
1488 1716 1519 1741 et
1543 1710 1614 1741 inde

952 1770 1018 1794 orta
1033 1773 1132 1793 rerum
1148 1760 1318 1796 harmonia,
1335 1770 1438 1790 amore
1454 1759 1567 1790 Martis
1583 1767 1614 1790 et

953 1811 1087 1843 Veneris
1101 1820 1270 1851 earumque
1286 1808 1350 1839 filia
1364 1808 1546 1844 Harmonia,
1560 1808 1616 1839 ad-

955 1863 1099 1893 umbrata
1123 1861 1175 1891 sit.
1214 1861 1261 1890 Ex
1285 1859 1412 1890 historia
1434 1869 1498 1889 rem
1520 1869 1614 1900 expe-

955 1912 1014 1943 diri
1029 1911 1097 1942 vult
1112 1909 1254 1951 Palaeph.
1272 1920 1341 1951 cap.
1357 1910 1409 1939 63.

1000 1962 1070 1991 170.
1089 1960 1173 2000 Cepit
1190 1970 1272 1989 amor
1288 1958 1409 1998 Solem.]
1434 1957 1529 1988 Ludit
1550 1968 1614 1988 rur-

955 2022 1006 2043 sus
1021 2010 1132 2046 verbis,
1150 2009 1236 2044 Solis,
1255 2008 1371 2045 Solem‚·
1392 2009 1508 2042 vidisse,
1527 2008 1616 2037 videt.

956 2062 1006 2092 De
1021 2060 1091 2090 Sole
1108 2061 1206 2089 omnia
1221 2060 1351 2093 vidente,
1365 2057 1436 2088 vide
1452 2056 1492 2088 ad
1507 2057 1528 2087 i.
1541 2057 1615 2087 769.

955 2112 1162 2151 Junonz'gena,
1193 2108 1368 2144 Vulcanus,
1404 2118 1497 2149 quem
1532 2107 1617 2138 Juno

957 2161 1003 2192 vel
1027 2171 1065 2190 ex
1081 2159 1171 2193 Jove,
1188 2158 1238 2189 vel
1258 2157 1323 2188 sine
1347 2163 1434 2198 patre
1458 2155 1614 2198 concepit.

959 2209 1093 2241 Videtur
1105 2207 1200 2239 Ovid.
1213 2207 1278 2249 ipse
1291 2206 1348 2237 hoe
1365 2217 1433 2237 voc.
1445 2205 1567 2241 fecisse,
1585 2211 1619 2236 ut

958 2260 1147 2300 anguigena‚
1162 2255 1207 2286 iii.
1223 2257 1281 2287 531
1296 2267 1304 2293 ;
1320 2257 1482 2297 aurigena,
1496 2266 1523 2285 v.
1538 2255 1620 2296 2505

959 2308 1174 2347 draconigena,
1188 2303 1323 2335 Fast.iii.
1336 2304 1409 2334 865.
1435 2303 1535 2334 Furta
1551 2306 1619 2334 tori.

961 2356 1089 2386 Homer.
1116 2353 1215 2396 λέχος
1237 2352 1262 2384 δ’
1285 2352 1411 2395 ᾔσχυνε
1436 2353 1489 2383 καὶ
1517 2352 1619 2391 εὐνὴν

960 2404 1162 2447 “Ηφαι’στ·οιο.

1010 2456 1079 2485 175.
1097 2454 1185 2484 Mens
1201 2454 1311 2484 excidit
1325 2452 1365 2488 ei,
1382 2451 1435 2493 qui
1456 2451 1620 2493 obstupes-

962 2503 1016 2540 cit,
1041 2510 1076 2535 ut
1100 2509 1203 2534 mente
1228 2502 1378 2544 privatus,
1402 2511 1509 2532 amens
1534 2500 1621 2532 vide-

963 2558 1045 2583 atur.
1084 2551 1175 2582 Conf.
1191 2551 1223 2582 ii.
1239 2552 1312 2581 601.
1334 2549 1388 2581 ubi
1411 2552 1524 2586 vultus,
1539 2551 1619 2590 pler-

965 2609 1043 2632 trum
1060 2607 1091 2633 et
1106 2603 1184 2632 color·
1200 2600 1339 2642 Apollini
1361 2599 1521 2631 excidunt.
1559 2600 1621 2630 Ex-

964 2652 1085 2682 ornavit
1107 2657 1213 2682 autem
1228 2651 1343 2681 Noster
1364 2649 1408 2680 sic
1426 2649 1550 2680 Homeri
1566 2649 1620 2680 Θυ-

965 2699 1093 2741 μαλγέα
1108 2701 1212 2741 μῦθον
1228 2701 1354 2730 ἄκουσε.
