1729 3207
208 145 251 186 lii
785 146 1005 187 SERIES

208 266 318 299 sunt.
369 259 483 300 Tum
504 259 568 308 Io,
584 260 768 314 pristina
788 258 972 301 mulieris
979 259 1129 314 forma
1148 267 1337 314 recepta,
1360 260 1588 314 Epaphum

208 338 332 391 parit.

269 415 366 456 Lib.
390 415 447 456 ΙΙ.
492 415 579 462 Qui
601 431 730 471 quum
751 416 979 471 aliquando
999 415 1253 457 Phaethonti
1265 414 1523 470 Apollinem,
1544 422 1592 456 ut

211 491 360 533 falsum
387 501 566 547 patrem,
590 493 830 548 objecisset,
853 492 922 534 ille
949 508 1098 534 currus
1123 492 1268 534 solaris
1295 493 1518 547 imperium
1537 492 1592 533 ad

212 570 323 611 diem
352 585 482 611 unum
515 586 538 611 a
569 578 706 624 patre,
728 571 771 611 in
801 571 955 626 pignus
977 586 1087 612 verae
1113 572 1270 626 stirpis,
1293 572 1429 625 petiit.
1491 570 1593 617 Quo

212 650 451 703 impetrato,
475 658 585 691 terra
611 651 664 691 ab
689 665 740 691 eo
761 658 851 690 tota
879 651 1140 699 accenditur,
1162 659 1204 692 et
1232 651 1340 691 inter
1362 657 1515 691 caetera
1535 649 1596 689 ηἰ-

209 734 406 783 grescunt
423 728 666 783 ΛΕίῘιὶοῃεε.
719 728 1033 770 Phaethontem
1054 729 1210 770 deinde
1232 728 1403 769 fulmine
1424 741 1597 782 percus-

214 820 305 845 sum
333 805 433 846 dum
456 805 603 860 lugent
630 822 808 857 sorores,
834 815 876 848 et
899 823 983 848 una
1012 816 1217 863 cognatus
1244 808 1423 862 Cycnus,
1446 805 1528 847 illae
1553 806 1597 846 in

217 883 402 932 arbores,
431 883 499 925 hic
530 885 572 924 in
600 901 769 940 cycnum
799 894 999 928 mutatur.
1052 888 1167 929 Hinc
1194 887 1380 942 Jupiter,
1404 886 1596 934 lustrato,

216 968 264 1001 ut
290 976 385 1002 eum
412 963 590 1016 pristino
614 963 747 1017 vigori
774 966 1031 1014 restitueret,
1055 972 1262 1006 terrarum
1287 965 1405 1013 orbe,
1433 964 1475 1004 in
1500 963 1599 1004 Cal-

217 1040 400 1081 listonem
433 1042 594 1090 incidit,
620 1056 811 1096 eamque,
841 1050 978 1083 sumta
1009 1043 1163 1084 Dianae
1194 1042 1342 1091 forma,
1375 1042 1599 1096 stupravit..

219 1117 291 1158 Ob
326 1119 369 1159 id
404 1119 510 1160 irata
541 1119 655 1161 Juno
690 1119 963 1161 Callistonem
993 1120 1035 1160 in
1063 1136 1201 1161 ursum
1226 1119 1448 1168 convertit,
1471 1134 1597 1174 quam

217 1205 366 1252 postca
379 1198 518 1240 Arcas
533 1198 645 1240 filius
667 1199 948 1240 transfixurus
965 1207 1069 1248 erat,
1085 1200 1163 1240 nisi
1179 1207 1407 1253 utrumque
1427 1197 1601 1253 Jupiter

218 1275 327 1317 inter
350 1277 492 1318 sidera
519 1277 742 1318 retulisset.
806 1278 905 1325 Qua
932 1278 985 1318 de
1012 1292 1057 1318 re
1085 1292 1214 1332 quum
1242 1276 1357 1331 apud
1380 1276 1600 1317 Oceanum

218 1362 452 1408 conquesta
473 1363 585 1396 esset
611 1356 741 1405 Juno,
763 1357 805 1396 in
830 1355 984 1397 coelum
1008 1355 1141 1397 relata
1169 1364 1232 1397 est
1259 1355 1446 1396 humeris
1466 1370 1603 1410 pavo-

219 1447 325 1481 num,
347 1434 420 1487 qui
440 1449 577 1488 nuper
596 1435 808 1490 varieguti
824 1436 1013 1485 fuerant;
1037 1436 1144 1477 sicut
1161 1442 1203 1476 et
1225 1449 1371 1476 corcus
1390 1449 1528 1488 nuper
1548 1449 1602 1474 ex

218 1512 313 1552 albo
345 1513 465 1568 niger
484 1521 574 1554 erat
605 1514 811 1563 redditus,
839 1529 968 1569 quum
998 1514 1189 1555 Cornicis
1215 1514 1397 1563 monitis,
1423 1528 1519 1568 quae
1543 1513 1603 1556 illi

221 1597 308 1631 tum
330 1606 447 1633 suam
477 1592 519 1633 in
552 1594 762 1635 cornicem
786 1601 874 1634 tum
895 1594 1166 1648 Nyctimenes
1189 1593 1230 1633 in
1256 1598 1445 1633 noctuam
1469 1600 1606 1634 muta-

220 1669 376 1711 tionem
413 1670 662 1726 explicfirat,
695 1687 779 1713 non
818 1671 1170 1725 obtemperasset,
1199 1685 1345 1711 verum
1383 1671 1605 1712 Coronidis

221 1748 475 1790 adulterium
509 1751 563 1791 ad
594 1750 837 1805 Apollinem
875 1749 1111 1791 detulisset.
1175 1749 1285 1803 Ejus
1320 1749 1474 1790 deinde
1514 1748 1603 1790 filio

222 1826 488 1881 AEsculapio,
506 1842 529 1868 e
552 1828 765 1869 Coronide
787 1835 974 1877 exsecto,
997 1835 1040 1868 et
1060 1828 1102 1867 in
1125 1827 1322 1868 Chironis
1343 1834 1511 1868 antrum
1532 1828 1607 1869 de-

221 1904 323 1954 lato,
347 1906 578 1961 Ocyrrhoe,
594 1906 790 1948 Chironis
811 1906 898 1947 filia
919 1906 1105 1955 fatidica,
1118 1906 1219 1946 dum
1236 1905 1378 1946 futura
1394 1906 1604 1961 praedicit,

224 1984 266 2024 in
286 1998 433 2038 equam.
452 1985 643 2025 vertitur.
691 1985 806 2026 Tum
823 1985 998 2034 Chiron,
1021 1992 1157 2039 pater,
1174 1984 1385 2039 Apollinis
1405 1984 1608 2026 auxilium

224 2061 382 2103 frustra
402 2063 623 2113 invocavit,
641 2065 755 2119 quod
776 2064 843 2106 ille
859 2066 947 2120 jam
967 2067 1009 2106 in
1028 2064 1155 2106 Elide
1176 2072 1322 2119 pastor
1338 2064 1474 2106 factus
1490 2064 1607 2107 aliud

224 2148 384 2196 ageret,
403 2140 608 2196 neglectis
631 2143 756 2183 etiam
779 2144 933 2184 bubus.
987 2143 1038 2183 Id
1059 2143 1175 2197 quod
1199 2142 1416 2184 Mercurio
1438 2142 1609 2184 furandi

225 2233 296 2260 eas
318 2219 580 2260 occasionem
601 2220 731 2269 dedit,
755 2222 827 2275 qui
844 2221 998 2262 deinde
1015 2222 1188 2262 Battum
1209 2222 1264 2262 ob
1285 2220 1445 2262 furtum
1465 2223 1610 2277 prodi-

226 2305 316 2339 tum
346 2299 387 2338 in
415 2299 588 2340 indicem
619 2299 804 2355 lapidem
835 2302 1024 2342 mutavit.
1088 2299 1193 2342 Inde
1221 2300 1391 2342 avolans
1424 2301 1608 2350 Hersen,

228 2376 431 2430 Cecropis
460 2375 601 2426 filiam,
625 2386 804 2433 spectat,
826 2394 960 2434 eaque
988 2381 1163 2434 potitur.
1218 2379 1299 2421 Cui
1326 2380 1426 2420 (lum
1449 2380 1610 2421 invidet

229 2454 443 2509 Aglauro-s·
459 2469 590 2504 soror,
608 2456 776 2498 invidiae
792 2472 954 2498 veneno
971 2457 1128 2498 infecta
1143 2457 1185 2498 in
1201 2472 1350 2498 saxum
1365 2457 1606 2512 obrigescit.

230 2530 386 2572 Postea
398 2531 583 2586 Jupiter,
601 2548 730 2587 quum
742 2534 1006 2575 Mercurium
1023 2535 1064 2575 in
1078 2534 1232 2576 coelum
1248 2550 1463 2577 reversum
1478 2536 1609 2577 boves

230 2608 442 2663 Agenoris
475 2610 530 2650 ad
559 2609 659 2651 litus
690 2619 879 2653 avertere
902 2613 1112 2667 jussisset,
1140 2622 1275 2654 sumta
1306 2614 1420 2655 tauri
1451 2614 1609 2669 specie,

230 2687 450 2741 Europam
470 2702 547 2741 per
564 2703 678 2729 mare
699 2689 740 2729 in
764 2688 935 2731 Cretam
956 2690 1202 2732 transvexit.
