1763 3181
244 189 329 232 176

628 188 678 228 Ρ.
712 186 923 228 OVIDII
958 185 1236 227 NASONIS

247 302 466 358 Circuit3
506 310 570 357 et,
597 317 660 349 ne
686 301 806 364 quid
831 300 1130 348 labefactum
1154 299 1338 347 viribus
1363 301 1490 363 ignis

247 380 472 432 Corruat.
501 379 756 443 explorat:
795 394 907 441 quae
933 385 1199 442 postquam
1223 377 1378 434 firma,
1405 377 1581 441 suique

247 456 460 504 Roboris
485 473 596 504 esse
621 456 782 512 videt3
823 463 995 511 terras,
1022 455 1381 518 hominumque
1407 455 1600 502 labores

244 532 509 596 Perspicit.
570 531 797 580 Arcadiae
822 539 990 579 tamen
1015 538 1092 578 est
1114 531 1384 594 impensior
1409 530 1477 578 illi
1524 533 1622 578 405

244 609 379 657 Cura
402 625 531 667 suae3
570 609 851 673 fontesque,
878 615 930 657 et
954 609 1172 656 nondum
1198 608 1434 656 audentia
1455 608 1556 656 labi

244 684 472 733 Flumina
495 686 713 734 restituit
732 704 742 744 ;
783 685 870 733 dat
892 692 1034 733 terrae
1054 685 1292 748 gramina,
1318 684 1517 732 frondes

243 762 546 821 Arboribus;
585 764 832 827 laesasque
851 763 996 827 jubet
1019 762 1315 811 revirescere
1341 762 1504 809 silvas.

244 839 378 887 Dum
402 840 544 897 redit,
571 841 709 904 itque
728 840 979 904 frequens,
1006 840 1056 887 in
1081 840 1268 903 virgine
1297 839 1580 887 Nonacrina

241 1015 302 1047 isse
320 1015 475 1053 videntur,
490 1021 619 1047 mortuae
639 1015 725 1046 sidus
748 1016 834 1047 Ursae
855 1016 902 1046 di-

243 1065 365 1101 carunt,
386 1065 475 1107 cujus
497 1071 529 1095 et
551 1075 662 1096 nomen
685 1071 717 1096 et
737 1064 824 1102 situs,
840 1075 902 1107 quo

242 1123 403 1155 nunquam
417 1113 543 1150 occidit,
555 1113 669 1144 fabulae
684 1113 790 1144 locum
805 1111 902 1144 dedit.

243 1163 323 1194 Eam
337 1173 409 1194 vero
426 1162 547 1195 Graecis
570 1163 770 1194 decantatam
792 1162 900 1199 fuisse,

245 1212 383 1243 Pausan.
399 1223 432 1254 p.
449 1213 526 1243 603.
543 1212 648 1244 tradit.
691 1212 814 1244 Primus
832 1222 902 1244 eam

243 1261 411 1298 Aniethus,
425 1261 577 1303 Tegeates
595 1261 791 1293 historiarum
807 1261 901 1303 scrip-

243 1318 302 1347 tor,
318 1321 458 1342 narrasse
473 1310 607 1343 videtur.
651 1311 736 1353 Hyg.
750 1312 791 1343 P.
806 1312 851 1342 A.
865 1311 902 1342 ii.

247 1363 260 1392 1
275 1367 353 1393 extr.
398 1362 474 1392 Post
487 1372 558 1392 eum
571 1361 708 1403 plurimi,
720 1361 775 1392 sed
790 1371 904 1402 magna

245 1409 406 1446 varietate,
426 1408 627 1452 repetierunt,
647 1410 807 1445 Eumelus,
822 1409 904 1441 Phe-

242 1458 382 1500 recydes,
397 1457 502 1495 Asius,
517 1458 685 1495 Hesiodus,
706 1469 785 1500 quos
805 1457 904 1501 Apol-

242 1507 308 1538 lod.
325 1507 443 1544 laudat,
459 1514 490 1538 et
512 1507 656 1550 Amphis,
677 1508 903 1539 comoediarum

240 1556 380 1598 scriptor.
437 1557 484 1587 Ex
514 1556 561 1592 iis,
590 1556 644 1598 qui
673 1562 801 1593 restant,
830 1555 901 1588 vide

244 1605 381 1636 Pausan.
405 1604 472 1636 viii.
498 1616 529 1647 p.
555 1606 640 1644 6033
668 1605 816 1648 Apollod.
839 1606 902 1637 III.

242 1654 309 1685 viii.
334 1656 374 1694 25
403 1655 488 1696 Hyg.
512 1655 576 1685 fab.
602 1655 674 1691 176,
698 1656 771 1686 177.
795 1655 833 1686 Ρ.
857 1656 900 1686 A.

241 1703 289 1735 II.
305 1703 327 1734 i.
341 1703 395 1734 ubi
411 1703 550 1734 diversas
565 1704 747 1735 traditiones
761 1704 900 1746 collegit.

242 1753 368 1790 Noster,
383 1752 437 1794 qui
453 1752 624 1784 Hesiodum
639 1752 775 1784 maxime
787 1764 901 1795 sequu-

240 1807 291 1833 tus
306 1812 372 1833 esse
388 1802 520 1837 videtur,
537 1812 606 1833 eam
627 1802 751 1843 egregie
773 1813 902 1835 exorna-

242 1851 298 1888 vit,
318 1857 412 1893 atque
436 1851 542 1888 etiam,
560 1851 604 1882 ΙΙ.
622 1853 706 1883 Fast.
724 1853 903 1884 155—193.

241 1900 400 1932 tractavit.
444 1900 512 1931 Hoc
528 1906 703 1931 commento
718 1901 903 1932 commodis-

241 1949 318 1980 sime
333 1947 374 1979 ad
389 1948 452 1980 fab.
462 1959 528 1990 seq.
539 1948 662 1980 transit.
696 1950 808 1980 Maenia
821 1950 904 1982 coelo

241 2003 297 2030 aut
311 1998 428 2029 mundo
439 1998 548 2029 tribuit
560 1999 683 2030 Lucret.
695 1999 903 2042 intelligitque

242 2053 398 2079 extremas
425 2047 534 2078 mundi
562 2058 643 2084 oras,
671 2054 724 2080 aut
753 2048 904 2080 mundum

241 2096 357 2138 ipsum.
402 2096 464 2127 Sed
488 2096 603 2128 Noster
625 2096 746 2138 proprie
770 2097 903 2139 accepit,

242 2156 313 2187 quae
338 2145 363 2176 si
389 2151 503 2182 essent,
529 2145 630 2177 forent
657 2156 731 2177 sane
754 2146 905 2178 immenso

243 2193 374 2231 ambitu,
386 2194 469 2225 unde
486 2197 633 2237 ingentia.
663 2195 782 2226 Horum
798 2206 904 2226 curam

241 2244 372 2284 gerebat
395 2244 539 2286 Jupiter3
565 2243 673 2286 itaque
702 2250 734 2276 et
763 2255 845 2275 nunc
868 2255 906 2276 ea

240 2294 351 2323 circuit
387 2298 420 2324 et
455 2293 598 2333 explorat,
628 2304 712 2324 more
740 2293 905 2331 AEdilium,

241 2340 356 2382 quibus
366 2351 442 2372 cura
454 2341 656 2373 aedificiomm
669 2341 833 2374 commissa
846 2349 905 2380 est,

242 2395 274 2420 et
285 2396 330 2426 ut,
342 2401 373 2421 v.
385 2390 460 2422 360.
476 2391 570 2422 Pluto
584 2391 698 2422 Siciliae
712 2391 904 2429 fundamina,

243 2438 297 2469 ubi
311 2438 404 2470 simili
420 2449 523 2470 amore
536 2440 710 2482 corripitur.
754 2440 809 2472 Sui
823 2443 904 2472 robo-

240 2489 281 2517 ris
294 2494 392 2524 erant,
405 2488 563 2519 habebant
571 2489 690 2531 justum
701 2490 802 2526 robur,
811 2490 903 2521 firmi-

241 2541 350 2568 tatem.
397 2538 561 2569 Hominum
584 2539 704 2574 Iab01·es,
727 2544 849 2580 segetes
873 2545 905 2570 et

242 2585 304 2616 alia
318 2596 422 2628 opera.
467 2586 518 2617 Ita
532 2587 664 2623 Plinius,
677 2588 796 2629 Paneg.
811 2589 862 2620 81.
873 2589 904 2620 2.

242 2637 407 2676 agrestium
423 2637 516 2668 labor.
546 2636 634 2678 Virg.
650 2637 764 2679 Georg.
781 2637 803 2668 i.
821 2638 903 2676 325;

243 2684 371 2716 AEneid.
384 2684 417 2715 ii.
430 2685 493 2716 306
506 2698 512 2715 ;
538 2692 604 2716 sata
619 2687 687 2716 ἱστία
701 2687 842 2727 boumque
858 2688 902 2717 la-

241 2733 330 2764 bores.
377 2734 434 2765 Vir
463 2734 582 2770 doctus,
608 2734 639 2766 in
665 2734 796 2777 Ephem.
822 2735 901 2766 liter.

969 1014 1109 1046 Norimb.
1137 1013 1284 1056 intelligit
1311 1014 1505 1045 calamitates
1530 1013 1629 1045 homi-

967 1074 1042 1095 num
1071 1074 1231 1106 perpessas
1256 1070 1287 1095 et
1312 1063 1463 1095 miserias.
1509 1063 1628 1095 Verum

968 1124 1004 1144 eo
1026 1124 1117 1145 sensu
1141 1115 1252 1144 labores
1273 1123 1347 1149 non,
1363 1112 1421 1143 nisi
1437 1112 1511 1144 dum
1527 1112 1626 1154 perse-

967 1168 1085 1200 runtur,
1100 1162 1233 1205 perspici
1249 1167 1391 1205 possunt.

1011 1212 1084 1244 405.
1112 1212 1272 1252 Perspicit,
1304 1211 1434 1242 verbum
1460 1210 1534 1242 huic
1559 1210 1628 1241 loco

969 1260 1163 1302 aptissimum
1178 1272 1186 1299 3
1210 1260 1323 1292 dicitur
1344 1259 1427 1291 enim
1441 1266 1477 1290 ut
1490 1265 1629 1290 nostrum

970 1311 1161 1353 besichtigen,
1177 1311 1216 1341 de
1232 1310 1270 1341 iis
1284 1309 1337 1352 qui
1359 1309 1539 1341 examinant
1552 1309 1628 1340 aedi-

970 1360 1050 1397 ficia,
1066 1361 1131 1391 vias
1146 1366 1177 1392 et
1193 1360 1267 1391 alia.
1313 1359 1394 1390 Vide
1414 1358 1539 1390 Ernesti
1554 1358 1628 1390 Cla-

970 1421 1041 1441 vem
1061 1409 1132 1442 Cic.
1154 1409 1187 1440 h.
1205 1421 1234 1440 v.
1261 1410 1419 1449 Perspicit.
1464 1409 1628 1439 Arcadiam

970 1465 1061 1491 vocat
1070 1470 1165 1496 suam,
1177 1459 1307 1500 ejusque
1319 1468 1425 1489 curam
1439 1457 1629 1499 praecipuam

971 1508 1061 1549 gerit,
1075 1508 1150 1550 quia
1167 1507 1199 1538 in
1217 1507 1393 1543 Parrhasio,
1409 1512 1514 1538 monte
1529 1506 1629 1537 Arca-

969 1557 1039 1594 diae,
1055 1562 1147 1588 natus
1169 1567 1188 1587 a
1205 1555 1312 1587 multis
1329 1556 1486 1587 serebatur
1496 1567 1504 1593 ;
1527 1565 1626 1597 quan-

969 1617 1064 1648 quam
1080 1611 1112 1637 et
1127 1605 1291 1637 Cretenses
1300 1604 1332 1636 id
1344 1604 1468 1636 honoris
1483 1604 1543 1635 sibi
1558 1604 1626 1636 vin-

969 1655 1136 1687 dicabant:
1161 1655 1233 1686 vide
1249 1654 1493 1690 Callimachum,
1510 1654 1542 1685 h.
1555 1655 1627 1686 Jov-

968 1705 1087 1738 4—10.
1130 1704 1200 1735 Hoc
1216 1715 1341 1746 quoque
1357 1703 1521 1735 transitum
1537 1703 1625 1746 adju-

969 1760 1032 1786 vat.
1056 1755 1231 1795 Impensior,
1248 1754 1355 1796 major,
1371 1759 1403 1785 et
1418 1753 1540 1796 proprie
1555 1765 1630 1784 cura

970 1804 1085 1835 dicitur
1100 1806 1242 1844 impendi.
1288 1804 1433 1835 Fontibus
1448 1804 1628 1845 etflumini-

970 1855 1022 1885 lms
1047 1853 1230 1885 abundabat
1247 1853 1395 1890 Arcadia,
1410 1853 1484 1884 inde
1504 1852 1632 1895 εῧϋδρος

970 1903 1066 1935 dicta.
1102 1904 1128 1934 E
1148 1903 1251 1934 fluviis
1267 1903 1402 1934 maxime
1417 1902 1633 1934 memorabiles

971 1953 1079 1984 Ladon
1095 1959 1127 1984 et
1141 1952 1363 1993 Erymanthus.
1395 1952 1482 1983 Bene
1500 1953 1631 1983 nondum

970 2003 1126 2038 audentia,
1142 2008 1294 2042 tanquam
1313 2000 1494 2036 animantia,
1511 2010 1581 2042 quae
1596 2010 1630 2032 se

971 2051 1176 2082 condiderant
1203 2050 1236 2081 in
1269 2050 1388 2082 viscera
1416 2049 1533 2087 matris,
1563 2060 1629 2082 ver.

973 2102 1047 2132 274.
1085 2101 1135 2132 De
1152 2102 1223 2137 labi,
1239 2100 1311 2132 vide
1326 2110 1421 2142 supra
1436 2099 1476 2131 ad
1490 2099 1546 2132 lib.
1560 2100 1632 2132 Me·

972 2156 1048 2181 tam.
1065 2150 1086 2181 i.
1104 2151 1178 2181 189.

1015 2200 1088 2230 409.
1113 2199 1217 2235 Redit,
1239 2201 1328 2239 itque,
1344 2203 1379 2229 ut
1394 2197 1459 2229 viii.
1478 2198 1558 2231 163:
1583 2209 1631 2230 re·

963 2249 1266 2290 fluitque,fluitque.
1312 2247 1502 2279 Nonacrina.
1526 2246 1630 2278 Nonu-

973 2299 1042 2333 crz's,
1056 2307 1144 2327 mons
1162 2296 1320 2332 Arcadiae,
1337 2296 1409 2327 vide
1430 2296 1576 2327 Muuker.
1591 2297 1631 2328 ad

973 2345 1093 2386 Hygin.
1119 2345 1182 2376 fab.
1204 2345 1278 2376 177.
1320 2345 1361 2376 Et
1383 2345 1451 2376 haec
1471 2355 1519 2376 res
1542 2351 1632 2387 gesta

970 2400 1018 2425 est
1032 2394 1064 2424 in
1078 2394 1257 2425 Nonacrino
1267 2400 1384 2426 monte.
1408 2393 1527 2436 Hygin.
1542 2394 1579 2426 P.
1588 2394 1629 2426 A.

971 2443 1115 2474 Lactant.
1143 2442 1175 2474 in
1198 2442 1278 2484 Arg.
1326 2443 1420 2474 Haesit
1444 2445 1475 2473 in
1502 2445 1630 2485 virgine,

969 2498 1081 2533 captus
1110 2492 1178 2534 ejus
1213 2491 1445 2533 pulchritudine
1478 2491 1630 2524 constitit.

971 2541 1054 2572 Hinc
1081 2543 1190 2572 harere
1212 2547 1243 2572 et
1268 2542 1417 2572 ‹ullum-ere
1439 2540 1477 2572 de
1497 2541 1630 2572 amanti-

971 2590 1049 2621 bus:
1083 2589 1147 2620 vid.
1175 2589 1215 2621 ad
1245 2590 1310 2620 xiii.
1333 2591 1409 2621 906.
1462 2590 1550 2632 Virgo
1574 2590 1630 2621 illa

972 2639 1106 2670 Anietho
1129 2639 1188 2670 fuit
1211 2638 1360 2681 Megisto,
1377 2639 1531 2681 Lycaonis
1554 2649 1630 2681 nep-

971 2689 1021 2725 tis,
1051 2689 1140 2720 Cetei
1170 2689 1244 2720 filia.
1295 2688 1323 2719 A
1354 2688 1475 2720 caeteris
1505 2688 1629 2719 Callisto

971 2739 1164 2775 nominatum
1194 2748 1327 2780 eamque
1357 2737 1511 2778 Lycaonis
1533 2737 1627 2768 filiam
