1763 3181
231 193 317 236 382

617 190 668 232 P.
701 189 882 231 OVIDI
892 188 912 229 I
947 187 1112 231 NASO
1122 185 1225 228 NIS

233 309 355 356 Tela
372 309 494 370 jugo
518 305 683 352 vincta
707 312 811 361 est;
852 311 1045 351 stamen
1071 299 1284 349 secernit
1307 297 1522 346 arundo:
1551 297 1613 342 55

236 384 476 432 Inseritur
501 382 718 430 medium
744 381 893 429 radiis
919 381 1181 428 subtemen
1207 376 1382 431 acutis,

1489 374 1617 434 [tum

237 460 383 516 Quod
421 459 561 522 digiti
595 458 885 521 expediunt,
913 464 1062 519 atque
1100 455 1227 501 inter
1259 450 1470 499 stamina
1499 449 1620 495 duc-

238 538 487 585 Percusso
513 535 693 583 feriunt
718 534 894 581 insecti
919 532 1117 597 pectine
1142 531 1334 578 dentes.

240 615 467 678 Utraque
492 613 743 669 festinant,
771 612 1048 674 cinctaeque
1075 609 1136 657 ad
1162 613 1366 672 pectora
1387 610 1567 656 vesteS‚

239 692 452 740 Brachia
471 692 619 738 docta
643 696 856 744 movent,
877 687 1041 735 studio
1065 685 1266 733 fallente
1290 682 1530 729 laborem.
1561 680 1626 724 60

240 769 351 816 Illic
378 776 428 816 et
452 768 658 831 Tyrium
684 782 795 829 quae
821 779 1040 829 purpura
1065 760 1221 809 sensit
1244 759 1474 811 ahenum,

242 845 466 901 Texitur,
493 852 544 893 et
567 851 741 892 tenues
768 843 903 907 parvi
929 838 1228 888 discriminis
1254 836 1469 883 umbrae:

244 923 417 978 Qualis
444 923 506 969 ab
533 922 687 968 imbre
715 921 841 968 solet
865 932 1134 983 percussus
1161 914 1347 962 solibus
1373 925 1516 958 arcus

242 1043 314 1063 rone
336 1033 354 1062 ὰ
376 1033 475 1062 (ἰεηιε.
523 1030 634 1061 Insecti
650 1031 761 1065 dentes,
777 1034 812 1059 ut
829 1027 903 1059 alibi

242 1084 371 1113 insectus
384 1087 498 1121 pez-len.
543 1081 656 1111 Vestes
675 1090 817 1119 percussae
837 1088 904 1118 pec-

245 1133 306 1161 tine
319 1130 402 1172 apud
416 1129 615 1164 Juvenalem,
630 1129 694 1159 Sat.
706 1128 748 1159 ix.
760 1129 818 1166 303
835 1138 906 1158 con-

245 1179 301 1210 fer.
316 1180 435 1210 Lucan.
451 1189 481 1209 x.
499 1179 570 1209 142.
588 1178 701 1208 Noster
717 1187 733 1207 e
749 1176 838 1218 eopia
853 1186 908 1218 po-

246 1228 328 1259 etica
343 1227 502 1270 conjunxit
516 1227 798 1268 percusseseriunt.
827 1226 910 1256 Len·

246 1278 310 1309 zius
333 1283 439 1308 contra
458 1288 627 1317 percussum
650 1275 787 1317 explicat
807 1274 908 1316 perfo-

246 1332 357 1360 ratum.
373 1331 538 1368 putatque,
554 1328 655 1356 (lentes
667 1324 762 1355 fuisse
776 1324 910 1355 bacillos

246 1375 314 1406 istis
329 1374 529 1406 foraminibus
544 1374 670 1405 inditos.
716 1375 840 1408 Doctus,
857 1384 909 1404 σο-

248 1420 316 1460 φὸς,
343 1418 471 1460 peritus.
496 1417 664 1448 Claudiam.
679 1416 701 1447 i.
722 1417 793 1447 177.
812 1417 910 1456 pollex

248 1470 350 1498 doctus
378 1466 583 1497 lanificarum.
639 1466 792 1501 Studium,
822 1464 911 1495 ardor

249 1516 448 1548 certantium.
496 1515 604 1549 Fallit,
630 1514 741 1545 minuit
762 1514 911 1549 laborem,

250 1572 285 1596 ut
307 1576 370 1595 non
394 1564 557 1596 sentiatur.
583 1563 659 1594 vid.
677 1563 716 1594 ad
739 1563 780 1593 iv.
797 1564 858 1602 39;
881 1567 913 1593 et

251 1615 363 1644 Horat.
381 1612 403 1644 l.
418 1613 463 1644 Π.
479 1614 545 1643 Sat.
562 1612 594 1643 ii.
612 1613 664 1643 12.

292 1663 344 1693 61.
371 1662 528 1702 Purpura,
545 1661 597 1692 fila
618 1670 786 1702 purpurea.
829 1661 913 1691 Prae-

252 1711 443 1743 stantissima
465 1721 602 1752 purpura
624 1710 683 1741 fuit
705 1710 831 1750 Tyrium
853 1721 915 1751 quae

253 1763 343 1792 sensit
358 1762 496 1796 ahenum,
510 1760 594 1802 apud
607 1759 717 1802 Tyrios
732 1765 916 1801 praeparata.

253 1811 390 1841 Alienum
402 1820 458 1841 vas
473 1810 584 1851 majus,
597 1808 629 1839 in
646 1819 707 1850 quo
718 1819 829 1839 succus
844 1820 914 1851 pur-

253 1870 367 1902 pureus
383 1858 440 1889 sali
457 1864 488 1889 et
503 1868 592 1899 aquae
608 1857 778 1900 permixtus
791 1869 846 1899 per
861 1856 914 1888 de-

254 1919 322 1939 cern
338 1908 404 1939 dies
419 1907 458 1938 ad
474 1907 578 1948 ignem
594 1908 696 1937 lenem
713 1907 914 1948 coquebatur.

255 1957 386 1987 Aristot.
414 1956 530 1986 Histor.
555 1955 661 1986 Anim.
686 1967 716 1986 v.
743 1956 802 1994 155
835 1955 916 1987 Plin.

258 2005 339 2035 Hist.
354 2005 430 2035 Nat.
443 2005 484 2035 ix.
499 2005 550 2035 38.
565 2003 660 2034 Silius
671 2003 723 2034 vii.
734 2005 815 2035 642:
837 2005 915 2035 Pur-

254 2065 331 2093 pura
347 2055 508 2094 Agenoreis
522 2060 661 2084 saturata
676 2054 789 2084 ahenis.

298 2104 350 2134 62.
376 2102 415 2133 Et
433 2110 544 2139 tenues,
560 2102 638 2143 etc.]
675 2103 783 2133 Varios
798 2102 915 2134 colores

257 2151 418 2182 commode
435 2151 579 2189 miscuit3
604 2158 704 2181 tenues
720 2153 827 2181 umbrae
845 2156 917 2182 sunt

259 2200 342 2232 haud
364 2201 457 2231 dubie
480 2204 516 2232 ‹Ie
538 2202 650 2243 Mgeres
670 2212 810 2232 nuances.
833 2200 917 2231 Plin.

259 2261 357 2280 xxxv.
376 2251 425 2280 ll.
442 2250 495 2281 ubi
520 2255 708 2283 narraverat.
722 2249 852 2290 singulis
867 2260 918 2280 co-

260 2298 375 2329 loribus
390 2299 464 2329 olim
481 2299 596 2340 pictum
610 2309 686 2335 esse,
699 2298 797 2340 pergit
812 2311 817 2328 :
838 2299 919 2329 Tan-

258 2350 324 2377 dem
353 2359 381 2377 se
411 2358 460 2378 ars
491 2350 551 2387 ipsa
585 2349 722 2378 distinxit
752 2354 779 2378 et
810 2350 921 2378 invenit

260 2397 360 2427 lumen
372 2403 461 2436 atque
473 2399 603 2433 umbras,
613 2397 785 2439 differentia
794 2399 923 2428 colorum

260 2447 381 2476 alter-na
403 2448 466 2476 vice
482 2457 539 2476 sese
555 2446 924 2477 excitante—Commissu-

262 2506 311 2525 να.»-
326 2507 391 2525 vcro
407 2498 536 2526 colorum
552 2502 580 2526 et
598 2499 743 2527 transitus
757 2498 923 2536 appellare-

262 2552 337 2575 runt
367 2546 538 2586 Iun-ningen.
593 2545 662 2576 111ae
691 2546 807 2576 uinbrae
836 2552 924 2576 eraut

261 2595 347 2632 parvi
365 2595 564 2625 discriminis.-
588 2594 667 2625 alius
683 2595 766 2625 color
781 2595 812 2625 in
828 2595 920 2626 alium

262 2641 305 2671 ita
328 2642 490 2677 transibat,
507 2648 540 2672 ut
556 2643 702 2674 transitus
719 2643 767 2674 vix
783 2643 922 2674 animad-

262 2691 337 2720 verti
355 2697 481 2732 posset3
507 2692 589 2733 quod
605 2692 728 2734 egregie
753 2693 925 2724 illustratur

261 2739 464 2771 similitudine
481 2751 616 2783 aspersa.

1014 1027 1066 1058 63.
1090 1026 1180 1060 Soles,
1205 1021 1284 1054 radii
1307 1019 1389 1056 solis,
1414 1020 1631 1060 percutiuntur

970 1077 1007 1106 ab
1030 1076 1131 1111 imbre,
1158 1073 1341 1113 franguntur
1365 1070 1397 1100 in
1423 1069 1520 1099 imbre
1545 1066 1631 1097 ‹leci-

971 1125 1076 1161 dente,
1096 1124 1135 1154 ab
1161 1132 1260 1164 eoque
1287 1119 1481 1163 rejiciuntur.
1527 1116 1632 1157 Atque

972 1175 1016 1206 ita
1040 1179 1130 1216 putes
1154 1171 1321 1213 legendum
1350 1169 1503 1209 percussis,
1525 1165 1579 1198 sed
1603 1171 1634 1196 et

973 1234 1129 1264 percussus
1140 1221 1267 1252 defendi
1282 1225 1383 1262 potest
1398 1218 1452 1248 illo
1468 1216 1558 1257 Virg.
1575 1216 1631 1246 [Ε-

975 1272 1060 1304 neid.
1086 1271 1150 1303 viii.
1174 1272 1226 1301 22.
1253 1268 1463 1300 lumen—Sole
1484 1275 1635 1305 repercus-

975 1334 1051 1358 sum,
1066 1322 1182 1357 lumen,
1199 1318 1280 1361 quod
1302 1318 1398 1349 oritur
1412 1327 1431 1347 a
1452 1314 1546 1347 radiis
1565 1312 1637 1344 solis

975 1370 1173 1413 repercussis.
1201 1368 1339 1410 Inficere,
1351 1367 1469 1398 colores
1479 1364 1637 1395 inducere.

979 1421 1067 1450 Mille
1082 1420 1188 1450 colores
1209 1417 1284 1448 Iridi
1310 1415 1417 1447 tribuit
1438 1414 1531 1445 etiam
1548 1412 1639 1453 Virg.

978 1467 1235 1499 AEneid.v.609.
1271 1465 1438 1495 Transitus.
1467 1461 1580 1497 Unius,
1591 1461 1638 1491 in-

978 1518 1057 1559 quit,
1071 1515 1181 1547 coloris
1198 1515 1237 1546 ad
1253 1513 1349 1545 alium
1363 1512 1521 1547 transitus,
1532 1511 1640 1542 oculos

978 1566 1106 1608 decipit,
1122 1565 1196 1607 quia
1211 1574 1307 1606 quum
1322 1563 1382 1594 sint
1405 1561 1530 1597 diversi,
1545 1560 1638 1591 iidem

979 1621 1086 1646 tamen
1100 1625 1167 1645 esse
1190 1614 1345 1645 videntur.
1390 1611 1639 1653 Luminafaliit‚·

980 1675 1042 1695 non
1058 1662 1313 1694 animadvertitur
1329 1661 1368 1691 ab
1384 1660 1482 1691 oculis
1496 1664 1638 1701 spectan-

981 1714 1075 1745 tibus.
1098 1714 1239 1754 Propert.
1258 1711 1321 1742 III.
1336 1709 1389 1741 xii.
1406 1710 1466 1741 27:
1495 1710 1563 1739 Non
1582 1708 1640 1748 Ty-

982 1765 1034 1794 riae
1064 1769 1154 1793 *vestes
1188 1762 1325 1792 errantia
1361 1761 1477 1790 lumina
1503 1758 1643 1800 fallunt.

985 1812 1072 1847 Quod
1101 1813 1211 1853 tangit,
1237 1809 1378 1852 proxima
1405 1818 1538 1850 quaeque
1567 1817 1643 1838 eun-

984 1860 1056 1891 dem
1078 1861 1212 1891 colorem
1236 1858 1382 1893 referunt,
1407 1857 1459 1888 sed
1485 1856 1509 1887 si
1531 1855 1643 1887 ultima

984 1920 1055 1940 curn
1076 1909 1183 1951 primis
1201 1915 1428 1949 comparentur,
1442 1908 1568 1940 distant,
1584 1904 1643 1935 dis-

984 1959 1096 1989 ferunt.

1028 2009 1081 2038 68.
1107 2008 1247 2043 Lentum,
1263 2005 1413 2041 flexibile,
1427 2006 1508 2036 bene
1530 2004 1569 2034 de
1585 2003 1646 2033 filis

985 2058 1099 2094 aureis,
1115 2067 1184 2098 quae
1210 2056 1316 2098 qualia
1338 2055 1410 2086 olim
1432 2053 1555 2090 fuerint,
1571 2064 1644 2084 exa-

982 2106 1081 2137 minat
1097 2107 1236 2147 Goguet„
1255 2107 1325 2136 uber
1340 2107 1397 2136 den
1418 2104 1445 2135 U
1449 2115 1578 2145 rsprung
1592 2105 1646 2133 der

985 2155 1125 2191 Gesetze‚·
1143 2161 1217 2186 tom.
1232 2155 1276 2185 11.
1292 2154 1346 2184 lib.
1362 2153 1397 2184 ii.
1414 2163 1483 2194 cap.
1499 2153 1531 2183 2.
1546 2158 1602 2182 art.
1615 2152 1645 2181 2.

986 2204 1168 2235 Immittitur
1188 2204 1316 2235 verbum
1339 2203 1495 2234 delectum
1521 2212 1575 2244 pro
1598 2203 1646 2231 in-

987 2256 1110 2289 texitur,
1126 2253 1209 2294 quod
1225 2252 1307 2283 male
1323 2252 1439 2282 habent
1459 2251 1510 2281 alii
1526 2251 1558 2280 in
1573 2260 1647 2280 con-

988 2308 1085 2333 textu.
1107 2303 1326 2344 Argumentum
1336 2301 1522 2343 (ἱστόρημα,
1531 2300 1648 2330 Anacr.

994 2353 1042 2382 18.
1057 2351 1108 2392 9.)
1125 2351 1232 2383 fabula
1248 2357 1301 2382 aut
1318 2350 1443 2381 historia
1457 2350 1487 2380 in
1503 2349 1648 2391 operibus

990 2400 1101 2432 artium
1116 2410 1273 2442 expressa.
1312 2399 1401 2430 'ralia
1416 2399 1554 2430 vestibus
1569 2408 1647 2440 quo-

990 2460 1051 2490 que
1080 2449 1178 2480 intexi
1207 2450 1357 2480 solebant.
1393 2449 1519 2479 Homer.
1546 2447 1587 2478 Il.
1614 2451 1651 2479 Γ.

993 2500 1075 2536 1253
1116 2498 1262 2540 Apollon.
1288 2498 1354 2528 Rh.
1381 2498 1402 2529 i.
1427 2498 1509 2535 7213
1542 2496 1649 2528 Catul.

989 2547 1065 2577 lxiv.
1089 2548 1150 2585 503
1185 2546 1300 2577 Claud.
1327 2547 1370 2577 R.
1392 2547 1429 2577 P.
1452 2545 1472 2576 i.
1493 2546 1556 2576 246
1579 2555 1650 2586 sqq.

991 2597 1058 2627 Hoc
1070 2597 1164 2636 igitur
1179 2607 1262 2626 more
1275 2598 1390 2627 Noster
1402 2606 1474 2626 usus
1487 2595 1591 2637 plures
1605 2595 1649 2625 fa-

989 2646 1078 2677 bulas
1094 2646 1232 2681 inseruit,
1246 2656 1362 2687 easque
1380 2645 1424 2675 ita
1438 2643 1600 2686 disposuit,
1617 2651 1651 2674 ut

990 2695 1141 2726 Minervae
1164 2695 1253 2726 daret
1276 2696 1339 2726 suta
1360 2693 1519 2725 bominum
1541 2704 1556 2723 a
1581 2693 1651 2723 Diis

991 2744 1179 2786 punitorum,
1199 2744 1354 2775 Arachnae
1370 2743 1487 2784 flagitia
1501 2742 1652 2773 coelestia.
