1763 3181
382 175 1001 218 METAMORPHOSEON
1034 176 1153 218 LIB.
1185 176 1239 217 V.
1416 178 1504 219 :339

125 292 360 355 Dumque
384 307 584 339 manum
612 291 828 339 Fortuna
854 293 1011 355 juvat,
1041 292 1369 356 Clytiumque
1397 292 1511 340 Cla-

124 368 288 416 Matre
313 375 446 416 satos
470 385 585 424 una,
613 369 805 415 diverso
830 369 1031 416 vulnere
1056 368 1209 417 fudit:
1305 369 1513 432 [ninque

124 445 254 493 Nam
282 445 437 509 Clytii
462 461 550 509 per
574 453 840 509 utrumque
865 446 1001 509 gravi
1025 446 1204 494 librata
1227 447 1411 495 lacerto

124 523 365 570 Fraxinus
382 529 494 570 acta
508 522 689 580 femur3
709 523 929 586 jaculum
943 523 1115 570 Clanis
1131 540 1214 571 ore
1229 524 1511 571 momordit.

125 599 327 647 Occidit
351 607 403 646 et
429 599 652 646 Celadon
679 599 1015 662 Mendesius,
1039 600 1221 647 occidit
1238 600 1465 657 Astreus,

125 676 287 724 Matre
313 676 600 732 Palaestina,
627 677 777 724 dubio
804 677 1025 739 genitore
1050 685 1245 725 creatus
1270 697 1280 735 ;
1422 680 1512 725 145

123 754 426 816 AEthionque
452 770 606 816 sagax
632 755 884 817 quondam
908 761 1116 802 ventura
1139 755 1322 810 videre,

121 830 261 877 Tunc
287 847 375 878 ave
399 832 640 895 deceptus
665 831 820 888 falsa3
861 831 1092 894 regisque
1117 832 1366 880 Thoactes

123 907 377 970 Armiger;
407 916 458 955 et
477 925 606 955 caeso
628 908 848 970 genitore
864 908 1060 962 infamis
1078 909 1312 972 Agyrtes.
1340 910 1511 961 [unum

189 983 310 1032 Plus
328 992 495 1033 tamen
515 986 758 1033 exhausto
774 994 1024 1049 superest3
1047 1002 1264 1048 namque
1283 986 1512 1033 omnibus

124 1063 420 1128 Opprimere
438 1071 514 1111 est
532 1064 726 1111 animus
747 1082 756 1112 :
779 1065 887 1127 conj
896 1072 1036 1111 urata
1053 1064 1272 1126 undique
1291 1070 1515 1127 pugnant

123 1141 337 1203 Agmina
362 1159 449 1205 pro
470 1158 621 1189 causa
640 1142 870 1190 meritum
890 1142 1216 1206 impugnante
1242 1140 1510 1203 fidemque.

123 1216 234 1266 Hac
252 1235 341 1282 pro
366 1226 505 1282 parte
526 1235 665 1266 socer
689 1219 869 1266 frustra
893 1219 1021 1282 pius,
1040 1225 1090 1266 et
1108 1233 1233 1264 nova
1257 1219 1459 1281 conjux,

123 1294 253 1341 Cum
280 1294 546 1357 genetrice,
573 1295 754 1350 favent,
776 1296 1070 1358 ululatuque
1094 1296 1219 1342 atria
1243 1295 1509 1358 complent.

123 1371 226 1419 Sed
261 1387 412 1418 sonus
449 1388 694 1419 armorum
731 1380 949 1436 superat,
977 1372 1293 1435 gemitusque
1329 1373 1511 1420 caden-

124 1448 450 1511 Pollutosque
477 1450 630 1497 semel
654 1451 810 1497 multo
837 1450 1047 1498 Bellona
1072 1450 1289 1497 Penates
1353 1450 1508 1507 [tum3

125 1525 377 1587 Sanguine
395 1526 673 1590 perfundit3
715 1535 1048 1590 renovataque
1072 1527 1242 1591 praelia
1265 1527 1459 1574 miscet.

123 1650 210 1678 brata
227 1649 309 1679 hasta
326 1648 349 1678 it
363 1648 448 1689 Tago
461 1660 514 1688 per
531 1656 643 1688 tempus
663 1656 781 1679 utrum-

123 1708 188 1737 que.
227 1697 549 1738 Momorditjaculum,
562 1698 703 1739 jaculum
719 1698 782 1729 hae-

896 1651 970 1680 149.
996 1650 1073 1680 Plus
1090 1657 1202 1685 tamen,
1219 1649 1296 1689 etc.]
1323 1649 1441 1689 Pugnae
1457 1649 1512 1681 de-

852 1698 963 1741 criptio
978 1698 1212 1740 interrumpitur
1228 1697 1421 1739 aliquandiu.
1452 1699 1513 1729 Ea*-

123 1746 163 1776 sit
188 1746 220 1776 in
244 1757 308 1776 ore.
346 1747 513 1782 Homerus,
542 1747 637 1778 Iliad.
662 1751 701 1778 E.
722 1749 781 1778 75:

122 1795 254 1837 ψυχρὸν
270 1794 294 1825 δ’
308 1794 358 1826 ἕλε
376 1796 503 1836 χαλκὸν
519 1795 656 1827 ὀδοῦσιν.

169 1845 240 1874 144.
267 1844 401 1880 Mendes,
426 1845 575 1886 oppidum
597 1845 730 1887 AEgypti
755 1852 786 1877 et

124 1904 231 1925 nomos
247 1893 286 1925 ad
298 1894 410 1924 ostium
420 1893 500 1930 Nili,
513 1894 595 1935 quod
606 1894 679 1925 inde
693 1896 786 1926 Men-

124 1942 257 1973 desium.
269 1943 354 1973 Plin.
368 1954 401 1973 v.
418 1944 438 1973 9
455 1948 486 1973 et
503 1944 539 1973 11
556 1955 564 1982 ;
580 1944 786 1981 Strab0,xvii.

126 1991 227 2022 Matre
242 1992 419 2022 Palaestina.
453 1992 623 2023 Palaestina
639 1993 724 2034 regio
739 1999 786 2024 est

123 2040 221 2081 Syriae
234 2041 427 2072 contermina
440 2042 459 2073 J
462 2042 573 2079 udaeae,
586 2052 605 2073 a
617 2042 786 2074 Palaestina

122 2090 199 2121 urbe
224 2090 320 2121 dicta.
372 2091 473 2121 Dubio
501 2094 646 2133 genitore.
679 2094 785 2130 Quum

123 2144 212 2180 pater
226 2139 396 2181 ignoratur,
418 2140 500 2171 filius
514 2140 628 2172 dicitur
642 2144 762 2182 spurius
774 2154 785 2180 ,·

123 2189 230 2219 nothus
252 2194 367 2225 autem,
384 2189 438 2230 qui
457 2199 495 2220 ex
520 2190 707 2227 concubina,
724 2202 784 2222 non

123 2247 161 2267 ex
177 2236 316 2278 legitima
331 2248 426 2269 uxore
441 2244 533 2269 natus
549 2244 606 2276 est,
621 2240 676 2270 sed
692 2240 786 2272 habet

125 2292 244 2327 patrem
269 2292 399 2318 certum.
450 2288 587 2318 Ventura
612 2290 724 2325 videre,
753 2289 786 2320 in

125 2335 270 2366 videndis
285 2336 434 2367 venturis.
466 2339 529 2367 Ave
544 2338 708 2377 deceptum.
724 2349 786 2380 quo

124 2383 226 2415 minus
241 2383 399 2415 interitum
414 2396 504 2416 suum
517 2386 714 2427 praevideret.
737 2387 785 2417 Si-

124 2431 196 2469 lius,
222 2443 254 2463 ν.
276 2433 350 2464 405.
373 2436 458 2464 vanis
487 2435 624 2474 deceptus
650 2436 684 2466 in
713 2437 786 2466 alite

123 2483 227 2523 signis.
275 2483 344 2513 Hoc
370 2493 496 2524 quoque
521 2494 558 2514 ex
589 2485 724 2516 Homero
754 2491 786 2516 et

125 2530 275 2572 Virgilio:
312 2532 427 2563 etenim
457 2532 496 2563 Il.
521 2536 560 2564 Β.
588 2534 662 2565 859.
684 2534 787 2575 Mysis

123 2586 256 2621 praeerat
271 2582 430 2612 Ennomus
445 2592 555 2623 augur,
574 2583 627 2624 qui
643 2583 700 2614 οὐκ
714 2583 784 2614 οἰω-

125 2630 232 2662 νοῖσιν
242 2629 401 2672 ἐρύσσατο
415 2634 500 2673 κῆρα
510 2631 672 2673 μέλαιναν
684 2644 693 2671 ;
710 2634 785 2664 lEn.

126 2678 169 2710 ix.
184 2679 258 2710 327.
276 2680 377 2711 Turno
389 2683 578 2723 gratissimus
593 2694 712 2724 augur.-
729 2683 788 2713 Sed

126 2739 185 2760 uon
200 2732 331 2771 augurio
341 2732 440 2770 potuit
454 2732 600 2771 depellere
611 2738 730 2771 pestem.

853 1750 969 1779 haustu.
1010 1748 1090 1779 Cod.
1109 1749 1191 1789 Reg.
1209 1748 1248 1778 Β.
1265 1749 1424 1783 eihaustz's,
1439 1749 1511 1779 sub-

852 1797 924 1828 aud.
948 1799 1040 1834 viris3
1065 1797 1098 1827 in
1114 1797 1211 1838 Vulg.
1235 1797 1368 1827 subaud.
1390 1808 1514 1828 numero

853 1848 997 1877 virorum.
1045 1846 1107 1876 Pro
1127 1857 1217 1876 causa
1238 1848 1376 1876 meritum
1395 1848 1512 1888 impug-

856 1902 970 1932 nante3
994 1895 1053 1925 hoc
1079 1902 1137 1930 est,
1167 1906 1221 1936 pro
1245 1895 1376 1931 Phineo,
1403 1895 1457 1936 qui
1483 1901 1515 1926 et

853 1947 991 1975 meritum
1028 1943 1143 1980 Persei,
1183 1954 1243 1985 quo
1279 1943 1515 1975 Andromedam

854 1999 1042 2029 servaverat,
1058 1995 1192 2034 etjiclem
1207 1992 1267 2035 ipsi
1283 2003 1302 2023 a
1317 2003 1389 2034 rege
1408 1992 1515 2024 datam

853 2045 1059 2085 impugnabat.
1106 2043 1223 2073 Fui-ent
1246 2048 1300 2073 aut
1318 2044 1439 2073 student
1460 2043 1514 2084 qui

854 2098 1032 2135 spectantes
1061 2092 1154 2123 dictis
1177 2097 1209 2123 et
1231 2092 1321 2124 sactis
1343 2092 1514 2130 declarant,

855 2143 904 2174 cui
920 2142 1000 2184 parti
1015 2140 1112 2173 dediti
1127 2142 1200 2172 sint.
1230 2142 1384 2178 Ululatus‚
1399 2143 1515 2173 clamor

853 2191 1039 2222 feminarum
1054 2204 1060 2221 :
1087 2190 1191 2222 confer
1206 2190 1260 2221 xii.
1275 2192 1348 2221 226.

898 2242 969 2272 154.
993 2242 1133 2281 Superat,
1148 2240 1311 2282 obstrepit,
1328 2240 1514 2282 ἀντιφωνεῖ.

854 2291 897 2322 Ut
913 2291 1019 2320 Pallas
1042 2296 1073 2321 et
1090 2290 1240 2325 Fortuna,
1264 2288 1308 2320 sic
1332 2295 1364 2320 et
1387 2289 1515 2321 Bellona

853 2337 925 2369 huic
952 2349 1066 2380 pugnae
1095 2339 1253 2369 intererat.
1300 2338 1427 2369 Penates
1452 2344 1515 2370 sta-

852 2389 929 2418 bant
950 2387 981 2418 in
1004 2389 1071 2429 ipso
1091 2388 1168 2418 atrio
1187 2387 1227 2417 ad
1248 2387 1363 2417 focum.
1407 2387 1435 2417 Ii
1449 2389 1514 2427 pol-

855 2438 1017 2467 luebantur
1031 2436 1183 2477 sanguine
1206 2435 1321 2478 injuste
1340 2436 1418 2467 fuso.
1462 2437 1514 2467 Ita

854 2485 987 2526 graviter
1009 2486 1130 2516 ornavit
1150 2485 1228 2516 illud
1246 2497 1252 2515 :
1278 2490 1371 2516 aucta
1391 2491 1438 2516 est
1453 2497 1514 2517 cae-

854 2534 909 2565 des
933 2534 1028 2565 semel
1053 2540 1170 2576 coepta.
1216 2535 1298 2564 Satis
1323 2533 1441 2570 fuisset,
1467 2546 1514 2565 re-

852 2591 941 2614 novat
966 2586 1093 2623 praelia3
1126 2583 1181 2614 sed
1209 2583 1345 2625 plenius,
1372 2591 1515 2615 renovata

852 2635 964 2663 miscet.
996 2633 1037 2662 Et
1060 2632 1174 2663 milites
1192 2638 1369 2674 pugnantes
1391 2636 1514 2664 miscent

853 2683 971 2723 praelia,
982 2682 1071 2723 Virg.
1086 2683 1202 2722 Georg.
1214 2681 1246 2712 ii.
1262 2682 1336 2714 282.
1346 2688 1377 2713 et
1392 2682 1445 2724 qui
1461 2693 1514 2714 eos

854 2730 993 2762 excitant
1009 2731 1049 2762 ad
1064 2730 1279 2773 pugnandum.
