1729 3207
383 195 1006 239 METAMORPHOSEON
1041 195 1160 236 LIB.
1196 194 1231 234 I.
1443 196 1498 235 79

110 313 542 375 Communemque
568 313 719 376 prius,
746 328 838 359 ceu
864 311 1049 358 lumina
1076 309 1206 356 Solis
1233 316 1283 355 et
1303 324 1462 362 auras,

111 389 302 437 Cautus
327 390 533 436 humum
557 391 706 452 longo
732 389 946 452 signavit
970 389 1125 435 limite
1151 403 1364 434 mensor.
1407 390 1496 434 136

112 467 219 514 Nec
244 474 438 514 tantum
460 475 656 530 segetes
683 468 1023 530 alimentaque
1049 465 1220 513 debita
1244 464 1381 511 dives

110 543 418 592 Poscebatur
433 546 612 592 humus
631 564 640 600 ;
682 545 770 592 sed
790 546 914 591 itum
940 550 1016 591 est
1042 543 1091 589 in
1110 542 1300 589 viscera
1321 548 1464 588 terrae
1485 560 1494 597 ;

111 621 349 685 Quasque
374 622 734 677 recondiderat,
761 621 1054 684 Stygiisque
1081 619 1371 666 admoverat
1394 636 1499 665 um-

110 699 427 747 Effodiuntur
451 716 587 764 opes,
612 700 919 747 irritamenta
942 698 1198 745 malorum.

1356 696 1497 757 [bris,

109 775 325 840 Jamque
351 793 536 824 nocens
562 777 760 832 ferrum,
788 776 1018 839 ferroque
1042 773 1302 822 nocentius
1330 789 1502 820 aurum

107 931 182 962 satis
202 938 309 962 notum
327 938 385 964 est.
429 934 470 964 Et
486 939 608 964 tantum
623 935 722 971 abest,
741 940 773 966 ut

109 981 198 1011 Deus
212 981 340 1012 Oceano
359 981 522 1024 interjecto
537 983 678 1024 gentium
698 994 772 1014 con-

108 1030 304 1062 suetudinem
324 1031 474 1073 impedire
498 1033 641 1069 voluerit,
665 1039 699 1064 ut
724 1033 772 1064 vel

111 1080 328 1112 remotissimas
358 1087 457 1113 terras
487 1093 523 1113 eo
553 1084 667 1114 arctius
697 1094 770 1114 con-

105 1131 257 1171 junxerit.

156 1180 226 1210 135.
253 1180 469 1222 Communem]
497 1181 547 1213 Cf.
572 1182 681 1212 Amor.
709 1182 777 1213 111.

109 1229 173 1260 viii.
202 1231 351 1269 35—44;
382 1232 499 1262 Justin.
526 1232 649 1263 XLIII.
678 1231 700 1262 i.
732 1233 770 1262 3:

112 1278 220 1309 Omnia
246 1283 412 1311 communia
437 1287 465 1311 et
490 1283 619 1312 indivisa
644 1283 776 1312 omnibus

100 1330 248 1372 fuerant,
263 1331 358 1361 veluti
378 1342 474 1361 unum
497 1333 613 1361 cunctis
632 1333 774 1370 patrimo-

110 1381 194 1410 m'um
218 1386 299 1410 esset.
345 1379 394 1410 Cf.
410 1379 499 1421 Virg.
516 1380 632 1422 Georg.
657 1381 678 1411 i.
702 1382 775 1411 126.

110 1428 257 1471 Explicat
281 1430 427 1460 Lactant.
451 1430 530 1461 Inst.
547 1431 589 1461 V.
604 1441 634 1460 v.
651 1431 669 1461 7
684 1443 690 1460 ι
716 1430 773 1467 sic,

110 1485 175 1510 tam
190 1479 335 1510 liberales
354 1479 448 1510 fuisse
469 1479 619 1516 homines,
635 1485 670 1511 ut
687 1486 777 1511 natas

109 1529 168 1560 sibi
189 1529 293 1571 fruges
313 1540 374 1560 non
397 1529 602 1566 includerent,
619 1530 675 1561 sed
699 1541 776 1572 pau—

110 1589 199 1620 peres
215 1578 255 1609 ad
269 1578 518 1609 communionem
533 1579 646 1621 proprii
662 1579 774 1610 admit—

110 1632 222 1658 terent.
269 1628 330 1658 Ceu
349 1628 474 1664 lumina,
490 1634 551 1659 etc.
576 1628 626 1659 Cf.
641 1628 682 1659 vi.
698 1630 774 1659 350.

111 1678 177 1709 Τὸν
193 1678 288 1716 ἥλιον
303 1678 363 1709 τὸν
378 1678 489 1710 κοινὸν
503 1683 535 1709 et
547 1678 607 1709 τὸν
619 1677 699 1720 ἀέρα
716 1680 775 1710 τὸν

112 1728 223 1759 κοινὸν
235 1727 314 1758 dixit
328 1727 517 1764 Menander,
532 1739 563 1770 p.
581 1729 652 1759 184.
667 1730 741 1760 260.

149 1778 221 1808 136.
235 1777 378 1818 Cautus]
397 1777 437 1807 Et
446 1784 539 1819 auget
549 1777 711 1809 avaritiam
721 1778 775 1809 ho-

112 1827 242 1863 minum,
254 1832 286 1858 et
297 1826 492 1868 diligentiam
507 1827 657 1858 mensoris
672 1827 776 1859 decla-

112 1882 169 1907 rat.
224 1876 328 1918 Longa
363 1877 468 1912 limite,
493 1882 529 1907 ut
564 1877 658 1918 paulo
695 1883 777 1913 ante,

112 1928 209 1967 longis
230 1927 339 1957 sulcis.-
369 1927 490 1968 signare
511 1927 616 1960 limite,
640 1925 779 1957 dividere

114 1986 213 2018 agros,
227 1975 338 2012 limite,
353 1974 434 2016 signi
458 1975 538 2011 loco,
554 1975 633 2006 inter
657 1986 709 2006 eos
732 1986 780 2006 re-

113 2024 200 2056 licto.
235 2023 362 2055 Praeivit
378 2023 466 2065 Virg.
478 2023 510 2054 d.
525 2024 566 2055 l.:
592 2036 645 2056 nec
659 2027 781 2067 signare

111 2075 228 2115 quidem
249 2079 304 2104 aut
316 2075 430 2113 partiri
450 2074 544 2103 limite
565 2085 701 2114 campum
719 2074 778 2104 Fas

114 2129 189 2154 erat.
234 2122 378 2154 Variavit
395 2122 454 2153 hoc
469 2123 580 2153 Senec.
595 2123 693 2165 Hipp.
708 2124 782 2154 526.

152 2173 223 2203 137.
235 2172 327 2203 Dives
336 2172 469 2213 humus]
486 2170 638 2214 Ζείόωρος
646 2173 782 2215 ἄρουρα.

116 2223 226 2253 Debita
247 2232 309 2252 non
329 2226 411 2257 sunt,
432 2226 467 2252 ut
488 2221 621 2252 Lenzius
642 2221 720 2257 vult,
742 2222 782 2252 ad

115 2271 211 2302 vitam
239 2269 475 2301 sustentandam
505 2271 690 2307 necessaria,
717 2271 781 2308 sed,

115 2319 304 2361 elegantiore
328 2330 433 2355 sensu,
457 2330 526 2362 quae
545 2324 636 2355 terra,
660 2318 709 2350 cui
733 2331 782 2351 se—

117 2370 211 2406 mina,
224 2375 374 2411 tanquam
397 2368 583 2410 depositum,
602 2369 781 2404 creduntur.

117 2418 295 2449 hominibus
308 2418 414 2449 debet.

161 2469 233 2499 138.
257 2468 342 2498 Itum
365 2474 418 2503 est,
443 2467 520 2508 etc.]
545 2468 704 2509 Neapolit.
728 2479 784 2508 per

116 2519 241 2553 viscera,
267 2516 351 2559 quod
373 2517 594 2559 respuendum,
615 2517 690 2558 quia
714 2529 784 2559 pro-

116 2566 256 2597 funditas
278 2565 388 2608 magis,
405 2577 499 2608 quam
517 2566 651 2597 latitudo
672 2567 782 2597 metal-

117 2614 326 2652 lifodinarum,
364 2615 415 2646 hic
457 2615 607 2656 tangitur.
664 2615 716 2646 Ire
752 2618 784 2646 in

118 2666 242 2701 viscera,
256 2671 414 2705 penetrare
428 2667 462 2695 z'n
481 2667 592 2696 viscera
610 2671 709 2701 terr-ze,
728 2667 785 2696 vis-

119 2725 187 2744 cera
207 2717 270 2755 ejus
290 2716 444 2746 extrahere
456 2715 552 2745 etiam
573 2725 625 2756 ap.
643 2714 727 2746 Plin.
744 2715 785 2745 H.

119 2763 162 2794 N.
179 2765 231 2795 33.
249 2776 258 2795 1
279 2776 302 2795 s.
319 2776 342 2795 1.
358 2764 389 2796 ii.
407 2765 459 2795 63.
476 2764 528 2795 ubi
544 2774 655 2805 graves
670 2763 708 2795 de
725 2763 785 2794 hac

840 945 871 965 re
901 933 1045 975 querelas
1075 932 1183 963 habes.
1236 932 1349 973 Stygiis
1379 931 1503 964 umbris,

841 995 922 1019 orco,
951 983 983 1013 in
1013 993 1074 1024 quo
1102 983 1213 1013 umbrae
1242 992 1297 1011 seu
1327 990 1434 1010 manes
1467 979 1506 1009 ad

839 1032 980 1074 Stygiam
1014 1031 1163 1074 paludem
1195 1036 1368 1061 versantur.
1413 1029 1505 1059 Hanc

841 1082 972 1112 Veteres
990 1081 1021 1112 in
1037 1080 1142 1112 media
1160 1087 1242 1111 terra
1256 1079 1415 1121 ponebant
1430 1090 1437 1115 3
1460 1078 1506 1108 in-

840 1130 954 1172 telligit
981 1141 1053 1171 ergo
1082 1140 1157 1171 opes
1186 1128 1334 1160 altissime
1362 1127 1509 1157 latentes.

841 1181 922 1211 Satis
942 1180 1046 1222 lepide
1065 1180 1148 1210 Plin.
1162 1179 1205 1209 H.
1220 1179 1262 1210 N.
1277 1177 1310 1208 ii.
1323 1178 1376 1213 63,
1395 1176 1448 1207 ubi
1470 1176 1508 1207 de

842 1232 901 1262 hac
925 1231 1037 1261 eadem
1063 1229 1194 1261 avaritia
1217 1227 1366 1270 queritur,
1393 1227 1425 1257 Si
1450 1228 1511 1256 ulli

842 1288 945 1317 essent,
962 1279 1075 1322 inquit,
1090 1280 1266 1321 infern-jam
1287 1277 1419 1319 prqfecto
1445 1277 1510 1306 illos

842 1333 978 1361 avaritiae
1001 1336 1087 1370 atque
1121 1331 1248 1359 lzuuriae
1271 1327 1406 1358 cuniculi
1430 1326 1510 1368 refo-

843 1383 964 1411 dissent.

889 1432 961 1461 139.
987 1429 1151 1470 Quasque]
1183 1427 1310 1458 Abusus
1339 1437 1399 1457 non
1430 1424 1513 1455 tollit

845 1491 945 1511 usum.
963 1480 1048 1510 Plin.
1070 1479 1112 1509 H.
1137 1479 1179 1509 N.
1201 1477 1307 1508 xxxiv.
1333 1476 1511 1512 14,fe1-rum

845 1536 935 1561 vocat
958 1531 1099 1569 optimum
1127 1530 1340 1568 pessimumque
1370 1528 1436 1557 vitae
1463 1527 1511 1555 in-

845 1586 1054 1615 strumentum,
1091 1578 1174 1620 quod
1210 1576 1323 1608 deinde
1363 1575 1513 1618 explicat,

844 1631 958 1671 Neque
974 1630 1099 1660 Natura
1114 1628 1186 1658 illas
1202 1638 1277 1669 opes
1293 1632 1356 1656 tam
1373 1625 1435 1656 alte
1459 1625 1514 1655 ab·

845 1678 1020 1710 scondidit:
1044 1678 1137 1708 immo
1154 1677 1185 1707 in
1201 1675 1306 1706 multis
1322 1674 1410 1706 terris
1424 1673 1511 1704 ditis-

845 1729 932 1759 simae
954 1727 1019 1759 auri
1042 1726 1225 1769 argentique
1243 1735 1331 1755 venae
1350 1734 1512 1766 propemo-

845 1777 919 1808 dum
956 1777 988 1807 in
1025 1775 1189 1818 superficie
1232 1782 1320 1805 terrae
1362 1773 1511 1815 expositae

845 1832 964 1868 patent.
1002 1826 1085 1857 Vide
1099 1826 1239 1866 Goguet.
1258 1836 1319 1854 tom
1336 1823 1514 1864 Ursprimge

845 1878 899 1907 der
916 1876 1046 1911 Gesetze‚
1061 1882 1122 1906 etc.
1136 1873 1157 1905 i.
1173 1875 1268 1904 2—4.
1303 1873 1460 1903 Caeterum
1476 1872 1516 1903 de

846 1925 1026 1956 inventione
1053 1924 1252 1954 metallorum
1276 1922 1364 1952 locus
1388 1922 1515 1963 elegans

846 1981 894 2006 est
910 1974 992 2016 apud
1010 1975 1103 2004 Lucr.
1118 1973 1173 2004 lib.
1190 1984 1220 2002 v.
1238 1972 1459 2002 1240—1295.

896 2025 965 2054 141.
997 2022 1190 2063 Nocentms]
1218 2022 1344 2052 Sacram
1364 2020 1446 2051 enim
1469 2021 1514 2051 fa-

849 2084 931 2104 mem
946 2072 1046 2115 injicit
1062 2072 1255 2103 mortalibus.
1298 2071 1383 2105 Quod
1398 2077 1516 2112 pugnat

850 2130 986 2163 utroque,
1009 2121 1143 2152 nummis
1168 2119 1268 2151 aureis
1288 2125 1320 2151 et
1342 2120 1448 2150 ferreis
1471 2129 1519 2149 ar-

850 2172 920 2203 mis.
964 2171 1067 2202 Aliter
1095 2177 1201 2201 tamen
1233 2169 1328 2200 sensit
1354 2168 1517 2210 Pyrrhus:

851 2221 923 2252 vide
939 2221 1007 2252 Cic.
1025 2220 1118 2251 Offic.
1134 2219 1155 2250 i.
1180 2221 1230 2250 12.
1275 2218 1354 2256 Quis
1376 2228 1437 2248 non
1462 2228 1517 2248 au-

851 2271 929 2301 divit
950 2270 1090 2312 Philippi
1106 2268 1291 2299 Macedonis
1313 2278 1400 2298 arma
1414 2266 1520 2297 victri-

851 2320 910 2356 cia,
924 2318 1090 2361 ἀργυρέας
1103 2318 1241 2359 λόγχας,
1258 2325 1289 2347 et
1305 2315 1424 2346 asinum
1443 2326 1519 2346 auro

851 2375 1014 2401 onustum:
1051 2367 1209 2398 Graeciam
1243 2377 1318 2397 auro
1350 2365 1427 2407 ejus,
1458 2376 1519 2396 non

850 2419 939 2454 ferro,
955 2418 1142 2449 subactam?
1189 2415 1310 2446 Bellum
1328 2421 1448 2457 pugnat
1464 2425 1518 2456 po-

851 2468 931 2500 etice
946 2478 1012 2510 pro,
1027 2466 1251 2507 belligerantes
1265 2471 1417 2506 pugnant.
1464 2466 1518 2494 So-

851 2519 958 2549 lebant
977 2522 1082 2547 autem
1098 2516 1228 2546 Veteres
1250 2514 1393 2556 praelium
1414 2513 1520 2546 inituri

852 2573 1008 2599 concutere
1023 2577 1120 2601 arma,
1136 2565 1194 2595 hoc
1210 2571 1256 2595 est
1268 2563 1365 2593 hastis
1379 2569 1432 2593 aut
1447 2562 1521 2604 pilis

853 2623 943 2648 scuta
957 2616 1089 2658 pulsare,
1101 2621 1136 2645 ut
1150 2613 1207 2644 tali
1222 2613 1353 2654 strepitu
1369 2618 1520 2642 terreren-

853 2672 903 2697 tur
925 2666 1040 2696 hostes.
1084 2663 1168 2694 Hinc
1192 2662 1370 2703 frequenter
1391 2662 1521 2700 crepitus

855 2725 1009 2746 armorum
1020 2714 1053 2744 in
1063 2711 1323 2754 descriptionibus
1335 2721 1521 2752 pugnarum.

857 2765 938 2795 Vide
965 2763 1155 2806 Sphanhem.
1171 2761 1211 2792 ad
1227 2760 1355 2791 callim.
1386 2759 1418 2791 h.
1441 2759 1519 2790 Del.
