1763 3181
239 196 323 238 208

630 198 680 238 P.
713 196 926 239 OVIDII
959 195 1238 239 NASONIS

246 312 470 376 Serpere,
500 319 551 360 et
576 312 754 359 illaesas
779 312 962 358 vitiatis
988 311 1169 360 addere
1194 318 1388 376 partes3

246 389 328 436 Sic
355 389 514 436 letalis
540 389 697 436 hiems
723 389 962 452 paulatim
984 390 1033 437 in
1059 397 1262 453 pectora
1284 390 1446 445 venit;

243 466 536 529 vitalesque
559 467 678 522 vias,
706 474 757 514 et
781 467 1104 530 respiramina
1126 467 1332 514 clausit:

247 542 291 588 N
298 559 354 590 ec
381 550 558 590 conata
581 543 717 606 loqui
742 552 845 599 est;
886 560 994 600 nee,
1023 545 1062 591 si
1088 551 1266 592 conata
1290 542 1480 598 fuisset,

244 619 396 666 Vocis
422 620 627 667 haberet
652 620 769 669 iter:
799 638 974 669 saxum
990 623 1095 685 jam
1116 622 1244 669 colla
1262 622 1491 676 tenebat;
1532 623 1628 667 830

247 696 448 760 Oraque
468 698 764 754 duruerant3
795 701 1092 762 signumque
1114 714 1369 761 exsangue
1390 697 1597 744 sedebat
1616 713 1626 743 ε

247 774 353 821 Nec
381 775 506 838 lapis
532 776 675 822 albus
701 783 821 832 erat,
850 793 940 823 sua
964 792 1104 823 mens
1130 775 1368 822 infecerat
1391 775 1542 821 illam.

311 850 458 898 VIII.
500 850 605 898 Has
628 853 712 898 ubi
730 853 989 899 verborum
1016 868 1188 916 poenas
1209 852 1492 914 mentisque
1515 866 1626 913 pro·
1682 885 1689 890 ⁴

246 927 395 991 Cepit
420 928 749 985 Atlantiades,
777 930 936 976 dictas
963 946 991 977 a
1016 929 1222 976 Pallade
1248 936 1402 976 terras

1480 926 1627 989 [fanae

246 1003 462 1068 Linquit,
490 1014 540 1053 et
564 1006 839 1069 ingreditur
857 1008 1060 1071 jactatis
1086 1007 1269 1053 aethera
1293 1004 1486 1069 pennis.
1533 1006 1628 1051 835

246 1081 458 1129 Sevocat
482 1084 611 1130 hunc
638 1085 856 1146 genitor;
898 1101 989 1132 nec
1015 1099 1219 1131 causam
1242 1082 1402 1130 fassus
1429 1081 1627 1137 amoris,

244 1165 274 1182 “
304 1159 425 1207 Fide
452 1160 720 1214 minister‚''
746 1162 829 1218 ait,
858 1167 889 1186 “
905 1163 1174 1225 jussorum,
1202 1167 1334 1215 nate,
1360 1175 1599 1214 meorum,

244 1235 385 1284 Pelle
410 1254 612 1294 moram,
641 1239 887 1302 solitoque
907 1240 1037 1287 celer
1062 1239 1294 1287 delabere
1319 1253 1494 1294 cursu;

243 1311 468 1377 Quaeque
493 1322 629 1362 tuam
655 1324 862 1365 matrem
888 1318 1036 1365 tellus
1062 1333 1091 1364 a
1114 1322 1256 1380 parte
1282 1315 1480 1361 sinistra

285 1478 468 1510 833—875.
494 1480 559 1511 Has
574 1482 637 1516 ubi,
656 1481 736 1522 etc.]
765 1482 901 1523 Agenor,

240 1535 294 1556 rex
309 1527 487 1564 Phoenices,
503 1529 599 1560 filiam
613 1530 721 1562 habuit
734 1532 900 1573 Europam,

243 1585 336 1615 quam
363 1578 479 1608 amavit
503 1579 638 1620 Jupiter.
683 1580 714 1610 Is
739 1580 843 1621 igitur,
870 1580 902 1610 in

241 1628 363 1655 taurum
379 1637 494 1664 versus,
510 1628 663 1669 virginem
678 1637 797 1672 raptam
813 1629 902 1660 dorso

241 1674 397 1706 transtulit
411 1686 466 1717 per
482 1687 564 1708 mare
588 1678 850 1709 mediterraneum
869 1678 901 1709 in

240 1720 375 1754 insulam
387 1725 523 1762 Cretam,
533 1726 585 1757 ubi
597 1738 633 1757 ex
646 1738 683 1758 ea
691 1728 828 1770 suscepit
838 1728 901 1758 Mi-

241 1781 342 1808 noem,
353 1773 561 1816 Sarpedonem
572 1782 602 1806 et
612 1776 902 1808 Rhadamanthum.

241 1819 392 1852 Fabulam
404 1822 483 1854 hanc
494 1824 605 1865 partim
616 1825 823 1861 Phoeniciam,
833 1836 902 1867 par-

241 1869 296 1899 tim
318 1871 510 1909 Cretensem,
527 1873 737 1915 Pherecydes,
760 1875 902 1905 Hellani-

242 1928 308 1955 cus,
328 1919 547 1958 Antimachus,
567 1923 754 1959 Anticlides,
777 1923 902 1965 Epime-

241 1968 328 2000 nides
365 1978 564 2003 narraverant
579 1984 586 2009 ;
629 1971 902 2014 peculiaribusque

242 2019 431 2050 carminibus
458 2021 619 2058 Eumelus,
649 2021 842 2052 Stesichorus
871 2028 903 2053 et

241 2067 294 2097 alii
314 2069 520 2100 celebrarant.
565 2071 611 2101 Ex
631 2069 680 2106 iis,
696 2070 749 2112 qui
773 2077 901 2107 restant,

244 2115 308 2147 vid.
324 2117 440 2148 Anacr.
462 2118 525 2149 od.
540 2130 623 2150 xxxv
638 2131 646 2156 3
668 2119 828 2157 Moschus,
852 2120 901 2151 ld.

241 2164 283 2204 ii3
308 2167 382 2197 Hor.
398 2167 460 2197 ΙΙΙ.
485 2167 547 2198 Od.
569 2168 665 2200 xxvii.
685 2170 833 2207 25—283
857 2170 902 2200 A·

241 2214 351 2246 chilles
374 2216 443 2246 Tat.
466 2216 534 2248 init.
559 2217 707 2260 Apollod.
730 2219 795 2249 III.
821 2219 841 2250 i.
866 2221 902 2259 l;

242 2265 360 2306 Hygin.
382 2265 446 2297 fab.
466 2268 541 2306 178,
576 2268 720 2310 Palaeph.
745 2279 814 2310 cap.
838 2271 900 2308 163

242 2314 397 2345 Eratosth.
414 2316 471 2354 145
488 2317 601 2347 Noster
616 2317 685 2348 infr.
698 2317 740 2348 vi.
758 2319 816 2348 104
833 2329 901 2360 sqq.

241 2368 272 2393 et
298 2363 338 2393 V.
362 2365 447 2395 Fast.
472 2367 545 2397 605.
580 2367 724 2408 Fulgent.
749 2367 853 2409 Myth.
880 2368 901 2398 i.

240 2417 344 2465 putat,
370 2413 524 2456 Europam
548 2426 567 2446 a
592 2416 670 2447 Jove
695 2422 815 2459 raptam
836 2427 902 2448 esse

240 2471 271 2490 in
288 2472 377 2498 nave,
395 2473 464 2504 quae
478 2464 558 2495 tauri
574 2464 727 2506 picturam
745 2466 900 2497 habuerit.

240 2509 444 2552 Palaephatus
473 2519 577 2544 autem
606 2520 720 2550 narrat,
749 2514 901 2546 Gnosium

242 2559 411 2599 quendam,
441 2562 564 2594 nomine
593 2563 742 2599 Taurum,
774 2574 791 2595 e
819 2565 901 2606 Tyro

241 2608 377 2649 rapuisse
394 2615 459 2641 tum
479 2611 556 2642 alias
577 2612 710 2654 puellas,
727 2619 792 2643 tum
808 2613 900 2654 virgi-

241 2666 310 2687 nem
326 2659 442 2700 regiam
456 2661 622 2703 Europam.
652 2662 779 2702 Agenor
794 2669 899 2694 autem

242 2706 320 2737 vixit
341 2709 457 2740 saecula
480 2709 602 2741 circiter
624 2710 803 2752 quindecim
828 2717 898 2743 ante

241 2765 332 2786 :eram
350 2757 573 2789 Christianam.

1013 1483 1086 1513 336.
1103 1482 1200 1513 Causa
1214 1483 1331 1517 amoris,
1345 1490 1440 1515 amor,
1453 1485 1486 1510 ut
1498 1478 1538 1509 iv.
1549 1480 1632 1517 519;

970 1543 1058 1563 causa
1076 1533 1179 1562 veneni
1194 1530 1295 1573 ipsum
1311 1539 1478 1560 venenum.

1012 1583 1085 1613 839.
1111 1581 1240 1621 Qua‘que
1267 1579 1378 1619 tuam]
1438 1578 1498 1608 Hic
1525 1588 1631 1608 versus

969 1631 1061 1662 valde
1100 1629 1225 1661 vexavit
1262 1629 1463 1670 Interpretes,
1501 1637 1630 1668 quorum

969 1679 1109 1710 nonnulli
1130 1690 1168 1709 ex
1189 1676 1380 1717 astrologicis
1404 1675 1481 1706 adeo
1500 1674 1630 1706 rationi-

968 1730 1027 1760 bus
1039 1740 1111 1759 eum
1124 1727 1317 1769 interpretari
1330 1725 1433 1757 conati
1446 1731 1529 1756 sunt.
1560 1726 1629 1755 Μα-

970 1785 1015 1809 ter
1039 1777 1200 1812 Mercurii,
1222 1775 1321 1812 Maia,
1343 1785 1406 1806 una
1431 1785 1468 1806 ex
1491 1774 1631 1805 Pleiadi-

970 1829 1038 1864 bus,
1055 1839 1123 1869 quae
1139 1827 1242 1857 locum
1257 1836 1346 1857 suum
1363 1831 1468 1856 tenent
1483 1824 1515 1855 in
1529 1824 1632 1866 capite

968 1877 1074 1912 Tauri,
1091 1877 1144 1918 qui
1159 1875 1276 1906 circulo
1292 1873 1503 1916 aequinoctiali
1518 1872 1631 1903 dividi-

970 1932 1028 1961 tur,
1056 1924 1323 1965 Phoenicibusque
1355 1929 1402 1954 est
1430 1922 1631 1953 meridionale

969 1974 1066 2005 sidus.
1106 1975 1250 2004 Sidonida
1267 1973 1306 2003 ab
1323 1973 1398 2003 urbe
1413 1971 1556 2013 capitali.
1580 1971 1631 2002 Ab

970 2023 1089 2054 Anacr.
1114 2023 1176 2053 Od.
1193 2033 1287 2052 xxxv.
1303 2023 1333 2052 3.
1357 2021 1480 2062 Europa
1503 2026 1632 2051 vocatur

971 2071 1102 2111 Σιδονίη
1120 2072 1217 2114 γυνὴ.
1255 2071 1385 2101 Sinistra
1400 2081 1472 2110 pars
1487 2079 1569 2101 nunc
1585 2074 1633 2100 est

969 2121 1193 2155 meridionalis,
1219 2127 1250 2151 et
1275 2119 1475 2161 cogitandum
1501 2125 1558 2155 est,
1577 2119 1632 2150 Jo-

968 2182 1049 2206 vem,
1076 2181 1172 2213 quum
1202 2170 1269 2200 haec
1299 2170 1455 2201 Mercurio
1483 2169 1631 2200 mandata

969 2220 1069 2255 daret,
1099 2220 1220 2250 stetisse
1252 2219 1338 2250 vultu
1367 2218 1407 2248 ad
1436 2218 1631 2249 occidentem

969 2280 1069 2300 verso.
1113 2269 1163 2300 Sic
1189 2268 1292 2299 omnia
1319 2267 1395 2298 mihi
1425 2267 1519 2309 plana
1543 2266 1630 2298 vide-

968 2319 1101 2349 bantur:
1137 2317 1280 2360 judicent
1304 2322 1408 2347 tamen
1432 2315 1497 2346 alii.
1544 2316 1631 2355 Spec—

970 2375 1034 2398 tare
1059 2375 1162 2398 autem
1189 2374 1275 2397 terrae
1301 2366 1448 2396 dicuntur
1474 2365 1630 2406 regionem

968 2428 1049 2452 eam,
1069 2417 1099 2447 in
1113 2427 1207 2458 quam
1217 2421 1349 2457 vergunt
1364 2421 1395 2446 et
1409 2414 1630 2446 extenduntur.

968 2465 1030 2496 Sic.
1054 2465 1122 2496 Liv.
1138 2464 1249 2495 xxxiii.
1270 2464 1305 2494 17
1321 2476 1327 2494 ε
1354 2465 1532 2494 Acarnania
1551 2473 1630 2502 spec-

969 2521 1011 2545 tat
1028 2517 1113 2545 solem
1132 2514 1356 2545 occidentalem.
1394 2513 1508 2543 Noster
1526 2517 1630 2542 autem

969 2574 1022 2605 pro
1038 2570 1167 2602 spec-ture
1177 2562 1255 2592 dixit
1271 2564 1428 2602 suspicere,
1443 2560 1518 2602 quia
1528 2560 1630 2591 sidera

968 2611 999 2642 in
1016 2612 1080 2642 alto
1091 2618 1162 2642 sunt
1174 2623 1181 2649 3
1199 2622 1269 2642 nam
1281 2613 1426 2650 suspicere
1438 2615 1485 2641 est
1495 2620 1627 2645 sursum,

966 2662 997 2693 in
1013 2663 1110 2693 altum
1125 2668 1279 2704 spectare.
1314 2662 1429 2692 Contra
1444 2662 1556 2691 Senec.
1573 2659 1628 2690 (Ε-

967 2710 1030 2754 dip.
1052 2722 1114 2742 ver.
1136 2712 1214 2741 476:
1248 2711 1386 2751 Quasque
1410 2709 1554 2752 (gentes)
1576 2710 1626 2739 de-

967 2767 1076 2799 spectat
1092 2763 1202 2791 vertice
1219 2772 1329 2791 summo
1345 2761 1433 2790 Sidus
1453 2759 1629 2789 Arcadium.

1486 2802 1494 2812 x
