1763 3181
221 183 307 226 326
610 186 659 226 Ρ.
695 185 906 227 OVIDIl
942 185 1221 227 NASONIS

225 299 383 363 Cujus
409 300 457 346 in
475 299 677 347 introitu
703 301 924 363 geminas
950 301 1202 348 habitasse
1229 317 1418 349 sorores

226 375 534 440 Phorcydas,
561 377 704 423 unius
731 377 936 440 partitas
962 378 1158 437 luminis
1184 394 1356 425 usum:

225 452 284 500 Id
309 469 363 500 se
388 454 554 501 solerti
579 453 762 509 furtim,
789 455 906 501 dum
932 455 1156 511 traditur,
1183 462 1291 502 astu
1511 459 1570 502 77
1578 458 1606 502 5

225 530 496 594 Supposita
521 532 714 595 cepisse
739 549 915 590 manu3
955 549 1145 596 perque
1170 533 1337 580 abdita
1360 533 1522 595 longe,

225 607 499 671 Deviaque‚
526 617 575 656 et
599 610 732 656 silvis
758 610 1006 658 horrentia
1030 626 1152 657 saxa
1172 610 1378 672 fragosis

226 684 514 746 Gorgoneas
540 685 764 747 tetigisse
791 687 986 744 domos3
1017 687 1306 751 passimque
1332 703 1420 750 per
1445 702 1605 748 agros,

225 761 424 825 Perque
448 763 550 809 vias
575 763 758 811 vidisse
783 764 1035 811 hominum
1065 765 1344 820 simulacra,
1371 763 1606 811 ferarum-

224 838 282 885 In
309 839 497 887 silicem
523 856 586 887 ex
612 840 731 903 ipsis
755 841 860 888 visa
884 857 1122 889 conversa
1147 841 1389 888 Medusa:
1488 841 1608 902 [que

225 916 292 963 Se
312 923 478 964 tamen
501 918 775 974 horrendae,
792 918 957 982 clypei
978 919 1112 981 quod
1137 919 1261 966 laeva
1285 919 1489 980 gerebat
1513 919 1603 964 781

223 994 338 1041 AEre
363 1011 672 1059 repercusso,
699 995 1188 1066 formam-aspexisse
1215 996 1471 1044 Medusae:

224 1071 462 1141 Dumque
488 1073 648 1135 gravis
674 1090 876 1122 somnus
898 1074 1230 1137 colubrasque
1254 1075 1514 1138 ipsamque
1535 1079 1607 1119 te-

225 1150 481 1214 Eripuisse
499 1159 650 1215 caput
671 1153 799 1201 collo
817 1171 826 1210 3
856 1152 1133 1217 pennisque
1151 1151 1377 1214 fugacem
1419 1151 1608 1212 [nebat,

265 1261 339 1291 773.
362 1261 401 1291 In
412 1263 540 1292 introitu.
551 1261 736 1293 habitabant
749 1263 882 1304 Phorcy-

222 1313 282 1346 ἀρε,
293 1310 464 1341 secundum
478 1311 672 1353 xEschylem,
684 1313 715 1343 in
731 1312 799 1344 loco
809 1315 881 1344 sub-

222 1364 376 1394 terraneo,
402 1365 550 1400 erantque
576 1360 731 1397 custodes,
759 1362 882 1403 προφύ-

222 1409 330 1446 λακες,
345 1409 536 1449 Gorgonum.
575 1410 756 1451 Phiorcydes,
769 1412 882 1442 Phorci

222 1462 254 1488 et
278 1458 376 1488 Cetus
400 1457 483 1493 filiae,
498 1458 677 1500 Gorgonum
693 1470 821 1496 sororeS‚
843 1462 882 1492 ab

222 1512 291 1538 ortu
303 1518 391 1543 anuS‚
402 1509 532 1549 γραῖας,
544 1508 645 1545 sactae,
657 1514 688 1540 et
704 1509 774 1541 inde
789 1511 882 1542 Grffae

222 1556 326 1587 dietae.
365 1557 506 1587 Geminas
521 1568 575 1588 seu
589 1557 666 1588 duas
680 1558 775 1589 habet
789 1560 883 1591 etiam

222 1605 352 1636 Hesiod.
377 1606 410 1637 d.
431 1607 454 1636 l.
483 1617 613 1648 quarum
638 1608 765 1639 nomina
790 1609 882 1640 Pem-

222 1655 339 1697 phredo
362 1660 393 1685 et
409 1656 516 1697 Eny03
540 1656 595 1687 sed
611 1667 629 1687 a
644 1656 765 1688 caeteris
786 1659 882 1701 scrip-

220 1704 338 1736 toribus
365 1705 490 1735 additur
516 1705 616 1742 tertia,
644 1706 740 1737 Dino.
776 1708 880 1744 Quum

222 1760 310 1796 pater
332 1765 437 1785 earum
462 1766 479 1785 a
505 1755 624 1786 Graccis
649 1761 680 1786 et
703 1756 826 1798 Φόρκος
851 1763 882 1789 et

223 1803 348 1844 Φόρκυς
362 1804 557 1840 scriberetur,
572 1804 708 1846 ipsarum
723 1816 835 1837 nomen
851 1812 883 1837 et

224 1852 384 1884 Phorcides
399 1860 430 1884 et
459 1854 626 1894 Phorcydes
645 1854 745 1885 efferri
767 1861 881 1896 potest.

222 1902 314 1932 Hanc
339 1902 522 1943 scripturam
548 1902 643 1933 habet
667 1908 699 1933 et
724 1904 881 1935 Eratosth.

220 1948 310 1980 illam
325 1950 378 1980 alii
395 1951 607 1992 praetulerunt.
653 1951 800 1988 Partitas,
814 1963 882 1994 par-

222 1998 345 2035 tientes,
381 1999 515 2030 vicissim
553 2011 589 2031 eo
625 2006 761 2037 utenteS,
792 2003 884 2044 παρὰ

222 2046 319 2089 μέρος
348 2048 484 2090 ἤμειβον
516 2048 692 2087 ἀλλήλαις,
732 2051 882 2092 Apollod.

223 2097 323 2128 Penes
339 2108 434 2139 quam
449 2098 558 2128 oculus
574 2104 649 2135 erat,
667 2109 705 2130 ea
718 2099 882 2141 vigilabat.

222 2145 421 2188 Pherecydes
435 2152 466 2178 et
482 2147 626 2188 AElschyl.
641 2147 771 2185 addunt,
787 2160 839 2180 eas
853 2156 886 2181 et

222 2195 315 2226 unius
335 2195 439 2226 dentis
459 2206 549 2226 usum
569 2197 708 2238 partitaS,
726 2198 882 2239 μονόδον-

221 2256 284 2281 τες.
344 2245 426 2276 Dum
462 2247 605 2282 traditur,
636 2247 670 2278 ἐν
707 2247 885 2289 παραδόσει

223 2293 378 2324 Eratosth.
423 2295 592 2334 Supposita,
608 2295 709 2336 posita
729 2296 761 2326 in
782 2297 884 2328 lecum

223 2351 334 2373 manus
348 2343 531 2385 Phorcydis.
554 2344 764 2387 Interceptum
778 2357 885 2378 earum

223 2392 348 2422 oculum
372 2393 511 2434 promisit
533 2404 565 2424 se
587 2404 653 2425 esse
678 2395 883 2433 redditurum,

223 2441 249 2471 si
269 2441 327 2472 sibi
342 2441 425 2472 viam
446 2442 485 2473 ad
508 2443 672 2484 Nymphas
695 2444 886 2476 demonstra-

223 2495 302 2526 rent,
318 2501 336 2521 a
352 2489 466 2532 quibus
488 2491 609 2526 talaria,
623 2492 745 2533 galeam
769 2499 801 2523 et
816 2504 885 2535 par-

223 2549 305 2569 mam
323 2539 362 2571 ad
378 2539 598 2571 debellandam
614 2541 782 2573 Medusam
803 2543 888 2574 acci-

223 2594 319 2628 peret.
357 2588 395 2618 Id
412 2588 493 2630 quod
510 2589 625 2620 factum
640 2601 647 2623 ·.
666 2591 886 2631 Apollodorus.

224 2636 324 2667 Aliter
348 2637 566 2668 Eratosthenes
592 2644 623 2669 et
647 2639 763 2679 Hygin.
807 2640 886 2671 Tum

224 2684 366 2727 Palaeph.
391 2692 508 2722 monet,
533 2687 615 2718 hunc
642 2687 765 2718 oculum
791 2688 884 2720 fuisse

223 2732 374 2765 hominem
384 2734 579 2776 prudentem,
587 2735 795 2767 consiliarium
806 2738 884 2768 Gor-

950 1272 1076 1303 gonum,
1092 1272 1185 1303 quem
1207 1260 1334 1302 ceperit,
1350 1265 1381 1290 et
1395 1259 1452 1289 viae
1472 1258 1530 1289 sibi
1554 1258 1612 1288 du-

950 1322 1017 1342 cem
1034 1311 1162 1351 elegerit
1178 1311 1317 1341 Perseus.
1364 1309 1515 1350 Gorgones
1536 1314 1609 1342 tres,

950 1360 1078 1396 Stheno,
1095 1360 1240 1401 Euryale,
1257 1358 1403 1389 Medusa.
1447 1356 1498 1387 Ab
1520 1355 1612 1387 Hesi-

950 1410 1009 1441 odo
1027 1416 1174 1440 vocantur
1189 1410 1344 1447 ἅπλητοι,
1360 1407 1539 1438 inaccessae.
1571 1406 1611 1436 Id

950 1459 1043 1500 quale
1059 1459 1109 1495 sit,
1126 1469 1162 1489 ex
1179 1459 1210 1488 h.
1226 1459 1250 1488 l.
1264 1458 1364 1488 intell.
1379 1465 1410 1488 et
1424 1457 1533 1498 procul
1553 1456 1610 1486 ha-

949 1509 1095 1540 bitabant
1119 1508 1290 1539 secundum
1307 1507 1451 1548 AEschyl.
1474 1518 1492 1537 a
1513 1506 1610 1536 Phor-

951 1558 1094 1599 cydibus.
1139 1559 1218 1589 Sura
1243 1557 1317 1587 alibi
1341 1556 1522 1597 simpliciter
1545 1557 1610 1585 hm·-

950 1609 1061 1643 renfia,
1077 1618 1147 1649 quae
1170 1612 1273 1638 erecta
1294 1606 1442 1641 eminent,
1458 1605 1523 1636 sed.
1541 1605 1572 1635 h.
1588 1605 1608 1635 l.

951 1657 1103 1687 horrentia.
1118 1657 1208 1691 silvis,
1225 1654 1310 1685 silvis
1330 1654 1539 1685 eminentibus
1558 1655 1613 1684 ob-

951 1705 1022 1736 sita.
1055 1706 1191 1747 Tangere
1204 1706 1309 1740 domos,
1323 1709 1483 1745 penetrare
1497 1702 1536 1733 ad
1549 1713 1612 1733 eas.

950 1754 1010 1785 Illa
1036 1754 1104 1796 ipsa
1128 1766 1208 1790 sam,
1234 1763 1366 1795 quorum
1394 1751 1500 1782 multis
1525 1750 1610 1781 mirae

951 1804 1052 1834 forsan
1078 1804 1194 1839 formae,
1224 1809 1343 1845 partem
1369 1801 1483 1832 fabulae
1518 1811 1612 1842 pepe-

950 1852 1024 1883 risse
1040 1852 1194 1883 videntur.
1239 1853 1406 1883 simulacra
1430 1856 1461 1882 et
1483 1850 1549 1881 h.l.
1565 1850 1613 1880 in-

950 1902 1062 1933 servire
1085 1901 1257 1944 periphrasi
1280 1906 1372 1943 putat
1394 1901 1555 1931 Drakenb.
1571 1900 1611 1931 ad

950 1950 1071 1987 Silium,
1087 1963 1137 1982 xv.
1151 1952 1212 1990 863
1235 1950 1289 1982 sed
1304 1960 1387 1981 nunc
1401 1951 1447 1981 vis
1463 1950 1529 1992 ejus
1544 1950 1614 1981 vul-

951 2000 1033 2041 garis
1046 2000 1223 2032 retinenda.

996 2049 1068 2080 781.
1095 2049 1398 2090 Clypeioere,clypeo
1410 2059 1506 2080 aeneo.
1536 2049 1612 2090 Cly·

953 2109 1027 2140 peos
1053 2104 1157 2129 autem
1186 2100 1318 2130 Veteres
1345 2098 1503 2129 habebant
1533 2099 1611 2130 adeo

951 2148 1074 2189 politos,
1092 2153 1126 2178 ut
1148 2147 1185 2178 iis
1208 2158 1262 2189 pro
1285 2147 1421 2188 speculis
1446 2152 1613 2179 uterentur.

955 2197 1153 2236 Repercussus
1165 2197 1276 2233 active,
1288 2197 1505 2239 repercutiens.
1529 2197 1611 2229 Vide

953 2245 991 2276 ad
1008 2258 1038 2276 x.
1059 2247 1130 2276 184.
1175 2247 1264 2288 Opus
1280 2252 1384 2276 autem
1401 2253 1466 2276 erat.
1483 2246 1540 2277 hac
1553 2247 1612 2278 cir-

953 2296 1200 2337 cumspectione:
1231 2306 1303 2326 nam
1333 2295 1513 2337 quicunque
1542 2296 1614 2327 Me-

953 2344 1061 2375 dusam
1088 2351 1285 2386 aspexerunt,
1299 2344 1421 2376 λαῒνεοι
1440 2345 1614 2383 τεθνειὸτες

951 2393 1141 2432 ἐστι’]κασενῑ
1170 2395 1325 2436 Orpheus,
1355 2394 1449 2436 Apud
1467 2395 1612 2432 eundern,

952 2444 1084 2475 Perseus
1104 2455 1171 2474 eam
1192 2455 1252 2474 non
1268 2444 1481 2481 dormientem,
1497 2444 1550 2475 sed
1566 2444 1611 2475 vi-

951 2493 1099 2534 gilantem
1117 2504 1254 2523 aversam
1271 2493 1402 2523 invadit.

996 2543 1068 2572 784.
1095 2542 1246 2582 'Eripuisse
1270 2544 1354 2577 collo,
1379 2548 1413 2572 ut
1437 2543 1542 2573 Valer.
1566 2543 1613 2573 Fl.

955 2590 993 2621 vi.
1011 2591 1084 2621 619.
1130 2593 1228 2630 Caput
1248 2593 1335 2631 eripit
1351 2591 1460 2621 Auchi.
1505 2592 1611 2628 Quum

954 2645 1049 2681 caput
1064 2640 1207 2672 Medusae
1231 2651 1302 2671 ense
1322 2640 1437 2671 falcato
1451 2641 1611 2681 amputas—

953 2694 1011 2724 set,
1029 2689 1113 2719 illico
1137 2689 1278 2731 prosiluit
1298 2692 1404 2729 pennis
1415 2689 1530 2731 firgus„
1545 2690 1610 2720 ala-

953 2743 1012 2774 tus,
1031 2738 1172 2779 Pegasus,
1195 2744 1226 2768 et
1238 2738 1346 2779 fimiter
1361 2738 1526 2780 Chrysaor,
1542 2739 1607 2770 Ge-
