1763 3181
247 211 332 253 378

637 208 687 249 P.
720 205 932 249 OVIDII
964 205 1242 248 NASONIS

246 324 512 372 Audierat:
553 338 649 369 non
674 322 758 369 illa
781 322 905 377 loco,
933 337 1024 368 nec
1049 320 1236 382 origine
1260 319 1421 382 gentis

246 402 412 457 Clara,
439 399 527 447 sed
554 405 672 454 arte,
699 397 816 445 suit:
858 405 997 461 pater
1032 397 1147 444 huic
1176 396 1514 460 Colophonius
1540 395 1622 443 Id-

246 475 495 525 Phocaico
519 474 714 522 bibulas
739 473 1000 536 tinguebat
1022 473 1209 520 murice
1234 473 1400 521 lanas:

1474 479 1622 534 [mon,

247 553 515 601 Occiderat
537 558 722 609 mater3
753 550 841 599 sed
867 558 918 599 et
941 551 1047 598 haec
1067 549 1130 597 de
1155 550 1318 614 plebe,
1347 565 1536 613 suoque
1566 552 1625 596 lo

244 630 409 693 AEqua
428 629 530 676 viro
553 628 730 676 fuerat.
794 627 960 691 Lydas
985 633 1151 674 tamen
1175 626 1259 673 illa
1282 642 1370 690 per
1393 627 1539 674 urbes

245 706 525 761 Quaesierat
547 705 709 752 studio
730 720 909 752 nomen
933 703 1268 760 memorabile,
1296 703 1520 766 quamvis

245 782 371 830 Orta
394 783 539 829 domo
563 797 727 846 parva,
754 782 914 846 parvis
939 781 1199 829 habitabat
1224 780 1486 844 Hypaepis.

243 857 407 922 Hujus
432 865 487 905 ut
510 859 789 922 aspicerent
812 875 935 923 opus
961 858 1263 914 admirabile,
1291 874 1424 922 saepe

246 935 525 984 Deseruere
551 934 626 981 sui
653 934 902 1000 Nymphae
926 935 1092 983 vineta
1115 934 1339 998 Tymoli:

243 1097 324 1115 mum
335 1086 453 1120 studiis,
465 1091 493 1115 et
507 1086 593 1116 relms
608 1085 746 1116 honestis.
776 1084 900 1121 Noster,

244 1134 305 1165 IV.
329 1133 421 1164 Trist.
447 1132 468 1165 i.
492 1134 522 1164 4.
551 1144 631 1164 mens
657 1135 775 1164 intenta
803 1134 901 1164 mulis.

247 1183 392 1218 Maeoniae,
408 1182 536 1223 Lydiae3
559 1182 630 1213 vide
646 1182 683 1213 ad
699 1181 732 1214 ii.
743 1183 818 1214 252.
841 1183 902 1224 Ly-

248 1231 331 1262 diam
354 1231 523 1262 Arachnen
549 1232 643 1262 etiam
671 1231 746 1262 facit
767 1230 902 1268 Servius,

246 1280 287 1311 ad
302 1281 392 1322 Virg.
415 1281 530 1321 Georg.
549 1279 590 1311 iv.
606 1281 689 1311 246:
715 1280 769 1311 sed
791 1280 903 1311 Thres-

244 1340 322 1366 sam,
348 1339 480 1370 eamque
495 1329 648 1370 virginem
672 1329 801 1371 regiam,
825 1330 901 1360 Pro-

242 1380 302 1410 bus
317 1379 356 1410 ad
373 1378 505 1410 eundem
520 1379 637 1409 locum.

289 1429 321 1458 7.
339 1428 407 1458 Non
420 1428 474 1457 illa
489 1429 559 1464 loco,
575 1427 653 1468 etc.]
682 1426 829 1458 Pluribus
847 1427 901 1458 ab·

240 1477 356 1518 jectam
394 1475 526 1507 lanificae
564 1475 713 1517 originem
742 1474 900 1513 describit,

245 1535 307 1566 quo
321 1524 420 1566 magis
436 1530 468 1555 et
490 1535 538 1555 ars
554 1525 630 1566 ejus,
645 1530 675 1555 et
690 1524 821 1555 audacia
836 1534 899 1566 qua

243 1584 276 1604 se
305 1573 364 1614 ipsi
389 1573 540 1603 Minervae
565 1573 699 1615 praefert,
729 1573 924 1604 illucescat.v

244 1623 358 1653 Locum
373 1633 431 1653 nec
448 1622 487 1653 de
502 1633 615 1663 genere
624 1633 712 1664 cape,
726 1622 808 1664 quod
820 1623 902 1653 Pon·
925 1644 928 1645 ν

245 1677 337 1702 tanus
362 1672 486 1703 volebat
515 1671 671 1713 (sequitur
707 1672 789 1703 enim
821 1674 905 1714 origo

242 1720 370 1762 gentis,)
395 1731 453 1752 nec
476 1731 547 1752 cum
563 1722 754 1757 Burmanno,
771 1721 809 1752 de
833 1721 902 1763 dig-

243 1769 352 1806 nitate,
368 1770 422 1800 sed
444 1770 482 1800 de
507 1770 619 1811 patria,
642 1776 766 1812 propter
781 1780 903 1800 versum

245 1819 297 1854 13,
327 1818 379 1860 qui
405 1817 476 1850 huic
501 1824 602 1849 nostro
627 1818 803 1860 respondet.
850 1818 899 1849 Ibi

244 1866 328 1897 enirn
346 1879 440 1907 parva
455 1868 556 1897 domus
572 1866 611 1898 ad
631 1869 776 1908 originem
790 1869 899 1908 gentis,

243 1921 275 1946 et
286 1927 386 1955 purvae
403 1916 437 1946 H
436 1927 541 1956 ypoepae
556 1915 596 1946 ad
612 1918 706 1946 locum
720 1915 885 1958 pertinent.

286 1965 318 1995 8.
349 1964 573 2004 Colophonius]
605 1964 768 2006 Colophon
797 1964 900 1996 nobile

244 2012 340 2043 Ioniae
357 2013 518 2055 oppidum.

286 2063 318 2093 9.
335 2061 451 2100 BiJmIae
475 2061 554 2092 lanae
581 2060 744 2102 exquisite,
761 2072 830 2104 quae
853 2062 898 2094 bi-

231 2111 334 2149 ·bunt,
354 2110 513 2141 attrahunt
540 2110 665 2146 colores,
685 2115 719 2140 ut
740 2121 833 2153 supra
856 2112 899 2142 bi-

246 2160 318 2190 bula
332 2158 438 2190 Persei
460 2160 585 2190 talaria.
634 2158 813 2200 Tinguebat.
848 2159 899 2191 Sic

245 2208 351 2240 Codex
369 2207 490 2249 Regius
505 2209 532 2239 B
542 2220 550 2247 ς
577 2213 608 2238 at
624 2207 731 2238 Codex
744 2207 786 2239 A.
804 2210 900 2250 tinge-

245 2259 306 2288 bat.
362 2256 481 2287 Eadem
508 2256 643 2287 varietas
670 2256 703 2287 in
732 2257 901 2289 Codicibus

243 2305 404 2348 reperitur,
431 2305 550 2346 quoties
575 2304 642 2336 haec
667 2304 759 2336 litera
779 2318 802 2348 g
828 2311 899 2338 ante

244 2355 383 2385 vocalem
405 2354 653 2396 qualemcunque
674 2354 774 2396 posita
793 2365 899 2386 occur-

245 2404 304 2435 rit:
328 2403 382 2434 alii
397 2403 480 2434 enim
497 2410 566 2446 post
579 2416 600 2446 g
616 2404 737 2435 literam
750 2416 773 2435 u
788 2404 899 2446 adjun-

244 2457 334 2494 gunt,
360 2452 413 2483 alii
441 2463 512 2483 vero
541 2465 562 2495 g
590 2451 657 2484 sine
690 2465 712 2483 u
749 2453 900 2485 scribunt.

244 2501 333 2533 Istud
348 2512 436 2544 porro
450 2502 539 2533 fluxit
551 2513 568 2533 a
583 2502 806 2544 pronunciandi
816 2513 899 2535 more

244 2551 328 2594 apud
342 2551 498 2582 Romanos
520 2557 680 2582 constante
691 2564 700 2590 ;
724 2551 845 2584 scilicet
859 2552 898 2583 li-

245 2606 310 2631 tera
323 2612 346 2642 g
367 2605 438 2631 ante
454 2599 593 2631 vocalem
616 2600 717 2642 posita
739 2611 898 2642 nunquam

244 2655 333 2681 sonat
357 2654 494 2680 nostrum
505 2651 537 2688 j,
558 2649 612 2681 sed
633 2661 752 2691 gamma
773 2650 897 2682 Graeco-

245 2709 332 2738 rum5
368 2697 450 2728 unde
484 2698 570 2734 Itali,
602 2699 762 2735 Germani,
792 2699 899 2740 Angli,

246 2752 309 2778 etc.
338 2746 410 2778 huic
440 2746 615 2788 adjungunt
641 2759 674 2784 u,
699 2748 843 2789 quamvis
867 2747 899 2780 in

1565 935 1622 982 15

968 1083 1176 1115 monumentis
1191 1082 1348 1114 veteribus
1374 1093 1411 1114 ac
1434 1082 1522 1113 novis
1546 1092 1624 1113 nuu-

969 1144 1075 1174 quam,
1105 1133 1155 1164 vel
1184 1143 1251 1163 raro
1283 1131 1462 1168 admodum,
1491 1131 1626 1162 Romani

969 1182 1105 1213 scribant
1123 1192 1178 1223 gu,
1194 1180 1248 1212 sed
1263 1191 1317 1223 per
1328 1192 1350 1222 g
1366 1179 1549 1222 simplicem,
1567 1182 1626 1211 tin-

967 1232 1088 1272 gebant,
1100 1232 1261 1271 urgebant,
1275 1234 1307 1260 et
1320 1228 1382 1260 alia
1397 1228 1624 1270 hujuscemodi,

968 1279 1048 1310 sicut
1065 1284 1097 1310 et
1112 1279 1198 1310 Galli
1218 1279 1399 1309 scriberent.
1447 1278 1556 1308 Mures
1570 1288 1625 1319 ge·

969 1338 1027 1359 nus
1052 1327 1190 1364 conchae,
1218 1327 1307 1368 cujus
1332 1337 1349 1358 e
1375 1337 1468 1358 succo
1494 1327 1627 1358 Veteres

968 1387 1135 1419 purpuram
1156 1376 1376 1412 conficiebant,
1392 1381 1424 1406 et
1439 1386 1507 1417 quae
1528 1386 1624 1417 quum

968 1425 1054 1462 alibi,
1091 1433 1157 1457 tum
1190 1426 1283 1467 juxta
1315 1425 1479 1461 Phueaeam,
1516 1425 1624 1456 urbem

967 1476 1064 1507 Ioniae
1084 1475 1117 1506 in
1140 1476 1210 1506 sinu
1228 1474 1320 1505 maris
1335 1473 1558 1506 Mediterranei
1577 1474 1624 1506 in-

968 1525 1042 1556 timo
1079 1525 1184 1561 sitam,
1220 1523 1441 1566 reperiebatur.
1505 1522 1624 1560 Livius,

969 1573 1089 1605 xxxvii.
1104 1575 1157 1605 31.
1546 1588 1549 1591 ⁴

1014 1623 1063 1653 ll.
1081 1623 1191 1663 AEqua,
1206 1621 1336 1664 aequalis
1355 1621 1506 1662 dignitate
1521 1626 1553 1652 et
1567 1632 1622 1663 ge-

968 1682 1053 1703 nere.
1092 1672 1195 1713 Lydas
1223 1671 1354 1703 correxit
1376 1671 1539 1702 Constant.
1563 1671 1623 1702 Fa-

969 1731 1056 1752 nens.
1081 1721 1155 1763 quia
1173 1721 1291 1762 Lydius
1313 1719 1445 1762 primam
1469 1719 1623 1762 syllabam

969 1780 1090 1812 semper
1105 1769 1285 1811 productam
1302 1768 1416 1806 habet;
1439 1767 1563 1810 plurimi
1577 1773 1623 1798 ta-

965 1829 1038 1850 men
1057 1819 1150 1849 MSS.
1165 1818 1263 1859 (inter
1281 1828 1358 1859 quos
1380 1817 1499 1859 Regius
1521 1822 1624 1848 noster

966 1867 1012 1906 B>
1042 1866 1119 1897 dant
1147 1867 1274 1908 Lydius.
1320 1866 1426 1906 Lydus
1455 1864 1534 1896 alias
1561 1875 1623 1896 non

965 1916 1068 1947 minus
1094 1922 1258 1958 usurpatur
1283 1914 1316 1945 in
1338 1925 1477 1946 sermone
1492 1913 1623 1955 vulgari.

967 1964 1040 2001 Illa,
1055 1964 1211 1996 Arachne.
1241 1964 1328 1995 Male
1344 1964 1489 1994 Lactant.
1504 1962 1537 1994 in
1545 1962 1624 2004 Arg.

966 2014 1033 2044 haec
1047 2024 1171 2056 quoque
1186 2014 1282 2045 verba
1300 2013 1339 2044 ad
1355 2017 1488 2043 matrem
1503 2011 1620 2043 retulit.

967 2063 1083 2099 Studio,
1108 2068 1172 2094 arte
1198 2062 1341 2093 textoria.
1387 2062 1500 2092 Domus
1516 2073 1623 2102 parva,

966 2110 1103 2148 humilis,
1119 2122 1178 2143 nec
1199 2112 1263 2142 ulla
1275 2111 1427 2152 dignitate
1445 2110 1623 2152 conspicua.

966 2159 1074 2191 Horat.
1093 2160 1121 2191 1.
1142 2161 1201 2202 Ep.
1217 2159 1263 2190 iii.
1285 2161 1338 2191 28.
1358 2161 1447 2199 parvi
1473 2164 1505 2190 et
1530 2160 1622 2199 ampli

965 2208 1023 2239 sibi
1039 2208 1181 2251 opposita
1194 2219 1230 2240 eo
1245 2218 1347 2239 sensu.
1385 2208 1419 2238 H
1419 2219 1533 2248 ypaepa,
1549 2209 1622 2239 urbs

966 2257 1073 2298 Lydiae
1089 2257 1168 2289 inter
1182 2258 1329 2289 Tmolum
1344 2263 1480 2288 montem
1495 2263 1527 2288 et
1538 2256 1620 2298 Cay-

965 2311 1062 2337 strum
1083 2307 1222 2343 fluvium,
1238 2306 1277 2337 de
1293 2316 1355 2348 qua
1368 2306 1567 2337 Burmannus
1581 2305 1621 2336 ad

966 2354 1090 2386 Petron.
1106 2356 1180 2386 137.
1196 2355 1287 2397 plura
1307 2354 1435 2385 notavit.
1480 2353 1552 2385 Fuit
1566 2354 1619 2385 ob-

965 2415 1066 2441 scura,
1081 2404 1164 2435 unde
1185 2405 1219 2435 h.
1234 2404 1256 2435 Ι.
1278 2415 1384 2445 parva,
1400 2409 1432 2435 et
1453 2403 1498 2434 sic
1513 2403 1619 2440 etiam,

965 2454 1008 2485 xi.
1026 2455 1096 2486 152.
1112 2454 1165 2486 ubi
1181 2460 1213 2485 et
1225 2453 1263 2485 de
1280 2454 1346 2496 ejus
1361 2453 1435 2484 situ.

1011 2505 1059 2536 15.
1094 2504 1259 2534 Deseruere
1283 2505 1329 2533 sui
1352 2502 1508 2542 Nymphae¹
1537 2502 1617 2542 etc.]

965 2552 1078 2584 Priscis
1100 2552 1289 2594 temporibus
1305 2550 1360 2582 Dii
1380 2550 1520 2581 solebant
1538 2549 1617 2581 invi-

963 2612 1030 2634 sere
1045 2602 1200 2632 mortales.
1244 2601 1314 2631 Hoc
1336 2599 1429 2641 igitur
1451 2603 1542 2641 poeta
1557 2609 1617 2629 non

964 2651 1045 2682 male
1073 2661 1146 2681 usus
1181 2654 1227 2680 est
1262 2648 1301 2680 ad
1339 2646 1617 2679 commendandum

964 2699 1126 2731 Arachnes
1150 2709 1237 2741 opuS.
1273 2699 1322 2729 De
1342 2698 1455 2739 Tymoli
1471 2696 1543 2727 vino
1562 2706 1614 2737 ge-

967 2759 1084 2785 neroso,
1099 2747 1206 2784 nobili,
1218 2746 1290 2778 vide
1301 2747 1341 2778 ad
1353 2746 1386 2777 ii.
1402 2746 1476 2777 217.
1512 2744 1618 2776 Poetis
