1763 3181
408 170 1031 215 METAMORPHOSEON
1064 174 1183 216 LIB.
1218 175 1327 216 VII.
1465 177 1550 218 453

154 283 362 332 Colchis
388 285 618 332 amicitiae
643 287 898 334 mendacis
920 288 1136 351 imagine
1156 290 1291 353 cepit
1308 307 1334 337 :v

153 359 390 424 Dumque
416 362 579 417 refert,
597 362 726 409 inter
752 363 1039 410 meritorum
1065 366 1298 421 maxima,
1317 366 1545 430 demptos

151 437 350 485 AEsonis
375 455 485 486 esse
507 439 649 495 situs,
678 447 831 502 atque
857 440 950 487 hac
976 441 1025 488 in
1051 449 1191 504 parte
1216 450 1461 499 1noratur3

153 512 281 576 Spes
307 521 384 561 est
405 514 677 576 virginibus
704 515 846 563 Pelia
871 517 1100 579 subjecta
1124 519 1320 573 creatis,

150 588 273 636 Arte
300 606 441 637 suum
465 592 607 654 parili
633 592 934 641 revirescere
961 611 1108 657 posse
1133 603 1408 658 parentem.
1448 597 1544 643 305

148 665 362 729 Jamque
373 674 574 729 petunt3
597 668 913 732 pretiumque
924 660 1104 733 jubent
1115 672 1221 718 sine
1232 671 1328 718 fine
1340 672 1540 735 pacisci.

147 742 241 790 Illa
264 743 400 790 brevi
426 744 587 807 spatio
613 745 752 801 silet3
794 753 844 794 et
868 747 1096 796 dubitare
1115 748 1336 804 videtur;

150 818 525 883 Suspenditque
550 820 739 868 animos
765 822 881 870 ficta
905 825 1147 886 gravitate
1172 831 1418 887 rogantes.

148 894 272 942 Mox
298 896 382 943 ubi
407 897 631 959 pollicita
655 905 748 953 est,
778 904 808 922 “
833 899 944 953 Quo
971 900 1035 947 sit
1057 901 1241 948 fiducia
1265 903 1420 964 major
1445 905 1541 949 309

151 971 376 1020 Muneris
392 973 588 1036 hujus‚’'
605 974 671 1021 ait
686 993 696 1030 ;
728 981 757 998 “
777 976 861 1038 qui
878 984 1068 1024 vestras
1084 978 1330 1024 maximus
1347 994 1449 1024 aevo
1466 984 1544 1025 est

148 1047 266 1095 Dux
291 1049 454 1111 gregis
480 1049 608 1097 inter
633 1066 767 1106 oves,
796 1068 953 1113 agnus
980 1054 1313 1102 medicamine
1339 1054 1473 1101 fiet.'’

145 1125 380 1173 Protinus
405 1126 675 1174 innumeris
701 1129 895 1176 effoetus
922 1131 1110 1192 laniger
1135 1131 1276 1177 annis

143 1201 439 1258 Attrahitur‚
466 1204 598 1251 flexo
624 1204 811 1251 circum
840 1222 964 1254 cava
988 1214 1213 1270 tempora
1233 1223 1403 1254 cornu.

146 1281 305 1344 Cujus
330 1288 386 1328 ut
412 1281 673 1329 Haemonio
699 1284 972 1331 marcentia
997 1292 1197 1346 guttura
1219 1284 1377 1329 cultro

145 1358 308 1414 Fodit,
336 1366 386 1405 et
410 1359 592 1421 exiguo
617 1361 885 1407 maculavit
904 1360 1146 1422 sanguine
1171 1359 1382 1415 ferrum;
1440 1362 1536 1406 315

144 1434 377 1482 Membra
400 1435 546 1482 simul
566 1436 792 1499 pecudis,
810 1438 1102 1500 validosque
1119 1437 1342 1483 venefica
1361 1452 1537 1482 suecos

184 1585 261 1615 302.
287 1584 374 1615 Inter
387 1586 571 1621 meritorum,
584 1585 666 1626 etc.]
693 1586 809 1616 Noster

143 1633 174 1664 id
190 1635 266 1675 agit,
276 1639 311 1664 ut
323 1633 447 1665 Medeae
464 1635 673 1669 calliditatem,
689 1634 728 1664 de
744 1645 807 1676 qua

145 1682 248 1713 caeteri
277 1682 381 1719 silent,
412 1683 569 1713 ostendat.
631 1684 744 1714 Merita
773 1683 806 1714 in

142 1733 293 1763 Jasonem
313 1732 468 1773 jactabat,
490 1738 526 1762 ut
549 1731 687 1768 doceret,
709 1743 803 1773 quam

142 1779 284 1822 ingratus
303 1779 355 1811 ille
375 1786 468 1811 esset.
516 1781 620 1817 Sitas5
645 1782 804 1822 squalores

140 1835 172 1860 et
199 1829 331 1865 senium,
363 1835 396 1860 ut
422 1829 496 1860 290.
543 1830 612 1860 Hac
643 1832 675 1860 in
704 1836 801 1869 parte,

139 1877 330 1909 meritorum.
365 1878 690 1920 Saigjecta,proposita.
725 1879 803 1909 Lae-

139 1927 268 1964 tantins,
280 1928 362 1969 Epil.
379 1939 454 1958 xxx.
467 1928 485 1958 7
499 1940 505 1957 :
531 1930 610 1958 amm*
623 1930 721 1958 studio
737 1930 804 1958 sub-

128 1979 216 2017 jacet
228 1979 317 2017 finis.
361 1976 455 2007 Silius
481 1976 623 2012 Italicus,
648 1988 698 2007 xv.
723 1978 802 2007 134:

141 2027 220 2056 Pars
241 2027 369 2056 credunt
389 2032 484 2055 torvos
500 2028 609 2065 patrui
629 2027 804 2056 revirescere

138 2075 253 2104 vultus.
300 2074 424 2104 Etenim
439 2075 590 2109 viriditas,
603 2075 747 2115 χλωρὸν,
764 2073 803 2105 de

140 2123 243 2165 vigore
255 2123 389 2165 juvenili
405 2128 436 2154 et
450 2122 543 2153 virili.

182 2173 256 2203 306.
291 2172 418 2212 Jamque
446 2177 566 2211 petant,
591 2170 667 2210 etc.]
707 2172 801 2202 Hune

139 2232 260 2252 versum
282 2220 430 2252 Heinsius
450 2220 518 2251 sine
544 2230 640 2251 causa
663 2220 801 2261 spurium

135 2270 319 2312 judicabat:
347 2281 404 2300 non
431 2270 512 2300 male
539 2269 622 2299 enim
648 2269 803 2310 cupidita-

140 2325 203 2350 tem
233 2319 398 2349 Peliadum
432 2318 599 2360 exprimit3
618 2320 688 2357 jam
718 2318 802 2348 enim

138 2369 224 2399 idem
247 2367 344 2409 quod,
358 2368 476 2398 statim.
525 2367 673 2402 Pretium,
687 2377 801 2397 merce-

139 2418 222 2449 dem.
267 2418 339 2448 Sine
353 2418 434 2458 flne,
449 2416 616 2451 infinitam,
634 2416 802 2446 maximam

140 2466 339 2508 ὰπερεὶσιον.
384 2467 462 2496 AEn.
487 2465 508 2496 i.
530 2466 612 2496 279:
639 2464 800 2504 Imperium

139 2517 202 2546 sine
211 2517 279 2556 fine
293 2517 373 2547 dedi.

188 2565 265 2595 308.
311 2565 471 2604 Suspendit
507 2565 630 2598 animos,
668 2562 804 2603 virgines

143 2613 257 2644 dubias
284 2613 365 2643 inter
394 2623 480 2654 spem
511 2619 541 2642 et
567 2618 684 2642 metum
711 2611 803 2641 relin-

142 2663 222 2703 quit.
268 2662 357 2693 Ficta
386 2663 540 2703 gravitate
550 2672 562 2699 ;
591 2660 738 2691 simulata
763 2659 804 2690 rei

141 2710 336 2741 difficultate.
384 2711 529 2741 Gravitas
552 2709 716 2751 opponitur
738 2708 804 2738 vul-

186 2760 287 2790 VOL.
310 2760 376 2790 ΙΙΙ.

877 1586 921 1616 tui
937 1585 1054 1616 fallaci.
1093 1586 1419 1626 Animos—rogantem
1439 1583 1538 1614 auda·

875 1634 939 1664 cior
971 1633 1072 1664 forsan
1106 1633 1222 1664 locutio
1236 1645 1243 1670 3
1282 1639 1313 1663 et
1349 1632 1536 1673 praetulerim

875 1694 971 1724 quam
995 1683 1071 1713 dant
1097 1682 1230 1713 Codices
1259 1681 1354 1712 nostri
1381 1684 1538 1712 animos-

874 1740 1046 1774 rogantum.

916 1782 989 1812 309.
1017 1782 1083 1815 Quo
1103 1781 1267 1820 sitfiducia
1284 1779 1407 1819 majora]
1436 1779 1533 1820 Apol-

872 1830 1006 1866 lodorus,
1022 1832 1078 1860 τοῦ
1096 1830 1266 1860 πιστεῦσαι
1283 1827 1390 1869 χάριν.
1419 1827 1536 1858 Arietis

873 1879 1075 1909 mutationem
1087 1883 1118 1908 et
1131 1877 1235 1907 caeteri
1250 1882 1433 1906 memorant.
1459 1877 1536 1906 Bre-

872 1927 995 1957 vissime
1010 1926 1236 1968 Apollodorus:
1264 1926 1352 1965 κριὸν
1373 1924 1537 1966 μελίσασα

872 1978 928 2007 καὶ
951 1975 1172 2015 παθεῲὴσασα
1197 1974 1353 2012 ἐποίησεν
1372 1975 1482 2015 ἄρνας
1503 1973 1536 2004 id

872 2026 985 2056 Noster
1002 2025 1079 2054 bene
1095 2022 1265 2054 exornavit.

914 2075 990 2105 312.
1017 2073 1154 2115 Effoetus,
1171 2072 1260 2113 cujus
1285 2071 1330 2102 vis
1353 2070 1537 2113 procreandi

869 2123 1032 2157 exhausta,
1048 2132 1130 2152 nunc
1145 2121 1270 2151 omnino
1286 2131 1391 2151 senex.
1436 2121 1536 2151 Innu-

870 2174 957 2202 meris
969 2170 1180 2213 hyperbolice,
1191 2169 1309 2200 multis.
1343 2170 1535 2205 Attrahitur,

870 2221 986 2262 quippe
999 2220 1105 2251 tardus
1114 2224 1287 2249 senectute.
1320 2219 1400 2248 Cava
1411 2218 1536 2248 omnino

870 2270 1016 2300 dicuntur
1031 2274 1170 2309 tempora
1186 2267 1346 2298 hominum
1369 2273 1401 2298 et
1421 2268 1535 2298 bestia-

869 2329 949 2349 rum.

914 2367 987 2397 314.
1011 2366 1182 2395 Marcentia
1194 2363 1360 2406 opponitur
1371 2363 1534 2401 viridibus,

870 2415 1000 2455 vegetis.
1040 2414 1154 2444 Fodere
1166 2420 1310 2454 guttura,
1326 2418 1357 2442 ut
1370 2413 1533 2449 Amorum,

872 2465 936 2494 ΙΙΙ.
948 2474 978 2493 ν.
990 2464 1041 2493 24.
1050 2463 1162 2504 fodere
1172 2469 1302 2501 pectora,
1313 2460 1367 2490 ubi
1381 2460 1443 2490 vid.
1455 2462 1534 2491 Bur-

871 2523 1014 2543 mannus.
1060 2511 1230 2545 Maculare,
1241 2516 1276 2540 ut
1291 2509 1421 2544 foedare,
1433 2508 1533 2539 solen-

871 2574 909 2593 ne
923 2562 961 2592 de
975 2560 1127 2602 sanguine
1139 2560 1273 2600 profuso.
1320 2558 1448 2598 lingua,
1459 2557 1532 2597 quia

872 2610 969 2642 effoeti
986 2621 1047 2640 non
1058 2608 1219 2639 abundant
1234 2606 1397 2648 sanguine.
1438 2606 1532 2636 Mem-

873 2663 926 2690 bra
948 2660 1049 2694 simul,
1065 2665 1128 2688 etc.
1176 2656 1365 2686 Pausanias:
1393 2655 1432 2685 τὰ
1456 2653 1529 2695 κρέα

874 2709 952 2749 ὁμοῖν
967 2706 1132 2749 φάρμακος
1147 2706 1182 2736 ἐν
1196 2705 1307 2746 λέβητι
1324 2703 1466 2745 ἥψησεν.

1005 2757 1022 2785 3
1042 2756 1066 2785 E
