1763 3181
413 184 1034 226 METAMORPHOSEON
1067 184 1186 225 LIB.
1220 184 1284 225 ΙΙ.

1436 186 1522 226 207

135 300 297 354 Quam
318 316 472 363 quum
493 300 705 363 spinosis
726 299 854 362 ignis
876 300 1171 364 supponitur
1185 299 1351 347 herbis
1370 318 1380 357 3
1423 303 1518 346 810

136 377 259 432 Quae
302 393 465 439 neque
507 377 627 424 dant
663 377 904 432 flammaS,
942 377 1142 439 lenique
1191 392 1370 440 vapore
1415 392 1518 423 cre-

333 461 543 501 mantur.

137 531 282 595 Saepe
307 531 428 578 mori
452 531 620 587 voluit,
648 547 710 579 ne
741 531 1016 594 quidquam
1042 532 1142 578 tale
1166 530 1383 578 videret:

137 608 299 671 Saepe,
325 609 462 655 velut
486 608 688 664 crimen,
718 608 874 670 rigido
900 624 1095 664 narrare
1120 608 1328 672 parenti.

136 685 368 747 Denique
392 685 441 731 in
467 686 671 732 adverso
696 685 976 732 venientem
1002 685 1170 732 limine
1196 684 1325 731 sedit

1426 680 1519 730 814

137 761 417 808 Exclusura
442 762 633 810 Deum:
675 762 753 809 cui
780 763 1134 819 blandimenta,
1161 778 1453 826 precesque,

135 838 401 902 Verbaque
419 839 629 901 jactanti
650 839 941 897 mitissima3
987 846 1015 863 “
1046 839 1282 895 Desinej'
1308 839 1462 895 dixit;

137 921 168 939 “
196 915 327 963 Hinc
352 932 444 978 ego
469 932 548 963 me
574 933 670 964 non
696 934 805 964 sum
831 918 924 964 nisi
950 924 1000 965 te
1026 926 1221 965 motura
1244 915 1493 981 repulso.''

138 999 168 1017 “
192 993 442 1050 Stemus‚”
461 993 545 1049 ait,
576 1000 607 1017 “
628 994 824 1058 pacto,'’
843 996 987 1042 velox
1012 995 1288 1059 Cyllenius,
1318 995 1460 1041 “isto
1479 992 1523 1040 :’⁷

139 1069 456 1133 Caelatasque
482 1070 609 1118 fores
634 1072 770 1133 virga
795 1072 1058 1135 patefecit:
1100 1079 1150 1119 at
1169 1072 1237 1119 illi

140 1147 353 1209 Surgere
378 1147 578 1194 conanti
603 1156 786 1211 partes,
815 1165 1143 1212 quascunque
1169 1147 1388 1195 sedendo
1429 1150 1523 1194 820

138 1225 423 1281 Flectimur,
451 1225 628 1287 ignava
651 1234 909 1289 nequeunt
933 1227 1173 1288 gravitate
1198 1225 1398 1272 moveri.

137 1301 232 1349 Illa
255 1302 458 1366 quidem
484 1309 617 1350 recto
642 1313 833 1366 pugnat
858 1320 911 1350 se
937 1304 1160 1350 attollere
1185 1310 1388 1349 trunco:

141 1379 242 1427 Sed
266 1395 483 1442 genuum
502 1380 737 1442 junctura
761 1380 903 1443 riget,
930 1380 1185 1443 frigusque
1210 1395 1299 1444 per
1324 1384 1458 1426 artus

140 1455 372 1514 Labitur3
414 1463 465 1504 et
487 1457 676 1520 pallent
697 1457 878 1504 amisso
905 1457 1145 1519 sanguine
1169 1473 1322 1504 venae.

139 1533 312 1597 thue
336 1534 520 1580 malum
540 1534 638 1581 late
664 1535 789 1581 solet
814 1534 1181 1582 immedicabile
1206 1548 1384 1581 cancer
1428 1536 1522 1580 825

181 1711 255 1741 810.
278 1710 407 1750 spinosis
422 1711 528 1748 herbis,
545 1711 641 1754 spinis
659 1712 797 1743 nondum

138 1759 242 1790 aridis.
291 1760 398 1799 Vupor,
414 1760 509 1791 calor.

181 1811 255 1841 811.
277 1810 374 1849 Vulg.
389 1811 450 1840 leni
466 1817 562 1850 tepore
578 1821 640 1841 non
655 1811 800 1842 convenit

138 1859 241 1895 rebus,
257 1868 326 1900 quae
342 1859 500 1901 supposito
515 1859 585 1900 igne
601 1866 789 1891 cremantur.

183 1910 258 1939 813.
281 1908 403 1950 Rigido,
426 1908 514 1939 duro.
559 1910 692 1940 Adversa
713 1921 800 1951 quae-

140 1968 264 2000 cunque
281 1957 369 1988 alteri
384 1958 526 2000 opposita
544 1965 627 1990 sunt.
665 1960 801 1996 Jactare,

142 2006 256 2043 dicere,
271 2007 314 2038 ix.
330 2008 384 2037 23.

185 2057 259 2087 819.
284 2056 585 2098 Ca’latasquefores.]
626 2057 676 2088 De
693 2059 802 2088 caelatis

130 2105 265 2146 foribus,
281 2104 351 2136 vide
375 2105 414 2136 ad
436 2116 500 2136 ver.
517 2106 547 2136 4.
598 2106 692 2148 Virga
716 2112 802 2148 pate-

141 2154 214 2186 fecit
235 2155 323 2190 fores,
338 2160 373 2185 ut
394 2154 552 2191 Minerva,
573 2156 648 2185 767.
665 2161 804 2187 extrema

142 2203 284 2246 cuspide.
345 2204 543 2244 Quascunque
578 2205 738 2245 flectimur
764 2216 802 2236 ex

143 2258 214 2284 noto
249 2258 279 2283 et
315 2252 414 2294 poetis
451 2252 595 2284 familiari
631 2253 802 2294 graecismo,

143 2313 236 2344 quem
273 2302 424 2344 exemplis
460 2302 595 2334 illustrat
641 2303 801 2334 Heinsius.

145 2352 270 2393 Pugnat
285 2362 313 2382 se
327 2351 480 2388 attollere,
496 2357 530 2382 ut
544 2352 564 2382 i.
581 2353 660 2383 685:
683 2360 804 2394 pugnat

143 2411 276 2431 evincere
290 2411 409 2430 somnos.

188 2451 264 2480 823.
290 2450 350 2480 Per
372 2455 458 2480 artas
476 2460 531 2491 pro
549 2461 602 2490 per
624 2462 751 2492 ungues,
767 2462 805 2481 ex

144 2499 286 2541 pluribus
306 2498 429 2530 Ciofani
449 2504 480 2530 et
502 2499 623 2530 Heinsii
644 2501 737 2531 MSS.
756 2511 804 2530 re-

145 2548 234 2590 cepi;
270 2559 385 2590 ungues
414 2549 496 2579 enim
526 2559 582 2579 nec
612 2548 717 2590 frigus,
748 2560 804 2580 nec

146 2597 280 2628 calorem
299 2597 446 2628 sentiunt.
484 2598 563 2629 Vult
580 2604 679 2628 totum
695 2609 806 2640 corpus

146 2646 261 2683 dicere,
273 2646 305 2677 id
319 2652 423 2677 autem
438 2653 521 2678 recte
536 2658 591 2689 per
600 2654 686 2677 artus
701 2648 806 2689 (junc-

149 2700 232 2726 turas
244 2697 463 2732 membrorum,
477 2696 551 2727 item
569 2697 708 2727 membra
722 2696 806 2739 ipsa)

149 2751 181 2774 et
199 2755 287 2775 venas
306 2744 460 2785 exprimit.
508 2746 548 2776 Et
570 2747 684 2788 passim
699 2747 808 2788 frigus

866 1718 920 1743 aut
949 1720 1073 1743 tremore
1103 1718 1189 1742 artus
1217 1722 1362 1752 occupare
1393 1710 1526 1742 dicitur:

867 1761 930 1792 vid.
947 1761 1029 1792 Cios.

911 1813 984 1842 825.
1005 1812 1102 1852 thue
1117 1810 1327 1850 malzmz,etc.]
1351 1808 1528 1840 Similitudo

869 1861 1007 1903 apprime
1024 1860 1223 1891 claudicans:
1240 1859 1356 1891 etenim
1371 1858 1452 1900 lapis
1465 1859 1528 1889 fac-

869 1916 919 1941 tus
937 1922 1008 1941 cum
1027 1921 1121 1942 carne
1141 1920 1252 1941 cancro
1268 1910 1433 1950 absumpta
1448 1909 1530 1939 male

869 1965 1088 2002 comparatum
1126 1966 1191 1990 tum
1217 1969 1328 1989 cancer
1358 1958 1529 1989 lentissime

869 2010 976 2051 serpit,
1001 2020 1102 2051 neque
1126 2014 1226 2039 totum
1251 2019 1362 2050 corpus
1386 2014 1529 2049 occupat.

870 2060 995 2090 Frustra
1011 2058 1144 2100 subjecit
1156 2059 1318 2098 paulatim,
1336 2062 1370 2088 ut
1385 2056 1530 2087 similitu-

870 2108 975 2139 dinem
1000 2108 1159 2150 quandam
1182 2107 1370 2138 ostenderet.
1416 2106 1531 2143 Hiems,

870 2157 976 2198 frigus,
1002 2158 1085 2199 justo
1115 2156 1221 2187 durius
1249 2155 1290 2185 de
1320 2165 1444 2196 corpore
1474 2154 1531 2185 hu-

870 2217 972 2238 mano.
1022 2207 1132 2237 Vitales
1156 2208 1229 2241 vias,
1256 2204 1393 2240 canales,
1418 2204 1532 2245 quibus

870 2256 1056 2297 respiramus
1077 2254 1200 2295 aliaque
1222 2263 1351 2284 munera
1375 2252 1414 2282 ad
1434 2251 1530 2282 vitam

870 2305 1107 2335 sustentandam
1129 2303 1277 2334 facimus:
1302 2303 1378 2332 vocis
1397 2303 1466 2337 iter,
1484 2311 1531 2331 ar-

871 2354 949 2384 teria
969 2364 1077 2396 aspera
1095 2358 1126 2384 et
1146 2363 1199 2390 os3
1222 2352 1263 2382 vi.
1280 2352 1353 2382 355.
1375 2353 1423 2381 υἰα
1445 2352 1533 2381 vocis.

870 2403 993 2433 Lucret.
1007 2402 1047 2433 iv.
1063 2403 1146 2434 514:
1169 2403 1237 2437 iter,
1247 2413 1306 2441 qua
1322 2412 1374 2430 vor
1386 2402 1410 2430 it
1428 2402 1457 2430 in
1476 2411 1530 2429 au-

871 2463 932 2483 ras.
982 2452 1067 2481 Colla
1089 2452 1217 2487 tenebat,
1239 2454 1447 2491 occupaverat
1468 2449 1531 2479 col-

873 2501 948 2537 lum,
965 2506 999 2531 ut
1015 2502 1090 2531 376.
1137 2500 1304 2542 Lifecerat,
1322 2499 1462 2529 maculas
1478 2503 1533 2528 aut

873 2549 993 2591 nigrum
1010 2549 1038 2580 ei
1058 2549 1192 2580 colorem
1212 2552 1418 2578 contraxerat.
1462 2547 1532 2577 Ser-

872 2604 945 2629 vant
960 2599 1099 2629 homines
1112 2597 1223 2628 mutati
1238 2596 1358 2638 aliquid
1372 2607 1388 2625 e
1404 2595 1532 2637 pristina

872 2654 994 2683 natura,
1011 2649 1136 2688 Lycaon
1152 2646 1316 2682 feritatem,
1333 2645 1469 2685 Daphne
1486 2643 1532 2675 ni-

873 2704 981 2733 torem,
996 2703 1057 2728 etc.
