1729 3207
454 464 498 515 P
558 462 819 516 OVIDII
859 462 1204 548 NASONIS

265 617 1384 680 METAMORPHOSEON

491 770 713 811 LIBER
753 769 1158 811 SECUNDUS.

696 919 954 952 --*-—··

749 1048 856 1079 FAB.
880 1049 908 1079 Ι.

140 1149 377 1208 REGIA
410 1161 538 1208 Solis
564 1167 669 1208 erat
692 1159 987 1207 sublimibus
1014 1158 1113 1204 alta
1137 1154 1398 1211 columnis,

141 1239 289 1286 Clara
311 1239 524 1286 micante
546 1254 681 1294 auro,
702 1238 1027 1300 flammasque
1050 1234 1276 1282 imitante
1295 1248 1484 1296 pyropo
1503 1250 1513 1287 ;

141 1315 299 1379 Cujus
324 1316 445 1364 ebur
469 1315 680 1363 nitidum
705 1315 903 1379 fastigia
927 1328 1119 1362 summa
1150 1311 1381 1367 tenebat3

183 1479 297 1511 1—18.
315 1479 411 1521 Regia
423 1479 527 1519 Solis]
553 1479 592 1510 In
605 1490 668 1521 qua
679 1480 794 1511 descri-

134 1528 239 1560 benda
261 1528 394 1560 Ovidius
415 1539 473 1560 nec
496 1529 608 1560 veteris
632 1530 795 1572 cujusdam

136 1584 236 1619 poetae
265 1578 336 1609 loca
364 1577 499 1620 respexit
528 1578 726 1620 (quanquam
763 1584 794 1610 et

135 1627 220 1669 apud
235 1628 361 1658 Homer.
376 1627 439 1658 Od.
454 1631 490 1659 Δ.
507 1629 559 1660 72.
573 1632 616 1659 Η.
634 1630 684 1660 87.
701 1629 793 1670 regiae

134 1681 300 1707 occurrunt
321 1687 405 1713 auro,
421 1682 560 1718 argento,
577 1678 668 1708 ebore
692 1679 794 1720 splen-

135 1724 276 1765 dentes‚)
288 1735 345 1756 nec
359 1725 459 1756 obiter
473 1725 628 1768 Apollinis
643 1727 795 1768 templum

137 1774 176 1804 ab
193 1775 337 1815 Augusto
358 1774 391 1804 in
409 1774 530 1805 Palatio
545 1774 723 1805 dedicatum
739 1776 795 1815 (de

135 1834 198 1865 quo
220 1823 283 1854 ΙΙΙ.
297 1823 390 1854 Trist.
403 1823 425 1854 i.
441 1824 481 1854 58
505 1834 574 1865 sqq.
597 1824 736 1866 Propert.
751 1825 796 1857 ΙΙ.

135 1872 238 1912 xxiii.)
261 1873 390 1904 laudare
405 1873 519 1911 voluit3
544 1873 598 1903 sed
620 1884 637 1903 e
657 1874 797 1915 partibus

132 1922 319 1963 templorum
333 1921 509 1963 praecipuis,
527 1924 682 1958 columnis,
695 1923 793 1964 fasti-

130 1973 192 2012 giis
196 1971 373 2013 foribusque
388 1973 510 2007 coelatz's,
526 1982 595 2002 eam
610 1972 794 2013 composuit,

134 2020 240 2051 addito
264 2020 378 2062 insigni
402 2026 524 2057 ornatu,
552 2020 616 2062 qui,
641 2032 737 2062 quum
761 2021 794 2052 in

134 2070 302 2100 Romanor.
322 2069 441 2100 aedibus
465 2080 585 2106 aurum,
604 2070 690 2106 ebur,
712 2081 791 2102 mar-

134 2129 200 2149 mor
222 2119 377 2154 reniteret,
393 2118 530 2150 divinam
546 2119 663 2161 regiam
683 2120 715 2150 in
730 2120 791 2162 pri-

134 2167 193 2198 mis
213 2168 324 2199 decere
349 2168 526 2199 videbatur.
572 2169 665 2206 Quod
689 2174 792 2211 poste-

134 2217 196 2248 rius
205 2217 332 2248 minime
344 2217 527 2260 approbavit
537 2218 647 2249 Senec.
656 2219 715 2260 Ep.
723 2229 792 2250 cxv.

135 2265 199 2308 qui,
215 2266 311 2297 allata
326 2266 384 2297 hac
403 2266 470 2307 ipsa
481 2266 572 2308 regiae
588 2272 620 2297 et
634 2277 705 2297 mox
722 2278 790 2297 cur-

134 2326 186 2346 rus
195 2315 302 2347 solaris
315 2315 532 2357 descriptione,
544 2322 662 2352 mouet,
676 2316 793 2348 talibus

134 2365 241 2406 augeri
256 2375 376 2396 sacram
391 2365 456 2395 auri
472 2365 584 2396 famem
598 2365 678 2396 inter
693 2365 790 2396 homi-

134 2424 200 2445 nes.
253 2414 413 2450 Columnae,
442 2414 590 2456 porticus,
618 2415 651 2445 in
679 2415 792 2455 quibus

135 2462 219 2504 apud
243 2463 373 2493 Veteres
395 2462 532 2493 maxima
554 2473 626 2505 pars
650 2463 792 2504 magnifi-

135 2510 244 2542 centiae
255 2511 450 2553 templorum.
495 2512 533 2542 In
548 2511 655 2553 primis
668 2522 793 2553 operam

136 2560 264 2596 dabant,
278 2566 313 2591 ut
328 2566 431 2591 essent
445 2562 591 2597 subtimes,
608 2561 696 2591 altae:
722 2561 793 2592 vide

136 2609 258 2639 Ernesti
282 2609 437 2640 Archaeol.
460 2609 524 2641 viii.
552 2611 602 2641 10.
647 2612 720 2640 Alta
747 2622 793 2640 co-

137 2659 256 2693 lumnis,
279 2664 402 2699 propter
423 2659 595 2694 columnas,
623 2664 657 2689 ut
684 2659 794 2700 Virgil.

138 2705 266 2737 AEneid.
281 2706 331 2737 vii.
350 2708 419 2738 170.

179 2755 211 2785 2.
249 2754 368 2795 Clam]
414 2755 601 2798 Splendens.

179 2804 281 2834 VOL.
296 2803 360 2835 ΙΙΙ.

659 2756 695 2785 M
697 2757 795 2787 icante

861 1490 946 1511 auro,
990 1479 1123 1514 Micare,
1141 1487 1195 1519 per
1215 1475 1380 1508 intervalla
1401 1475 1518 1509 lucere,

861 1535 892 1559 et
922 1539 953 1559 se
982 1538 1115 1559 movere.
1162 1527 1257 1556 Auro.
1300 1525 1383 1566 Lege
1412 1524 1521 1555 Senec.

861 1577 917 1608 hos
954 1588 1061 1608 versus
1103 1576 1266 1610 citantem,
1305 1573 1406 1615 Epist.
1447 1574 1520 1603 115.

864 1628 991 1667 Pyr-opo.
1037 1626 1171 1657 Gemma
1185 1624 1327 1655 radiante
1342 1623 1438 1653 instar
1454 1632 1521 1652 car-

861 1676 1000 1707 bunculi.
1046 1676 1158 1716 Neque
1173 1673 1257 1704 enim
1272 1673 1378 1714 placet
1400 1671 1439 1702 de
1462 1681 1522 1701 aere

861 1725 1034 1756 coronario:
1074 1723 1157 1766 quod
1180 1723 1261 1753 Plin.
1285 1722 1340 1753 lib.
1363 1720 1468 1752 xxxiv.
1492 1722 1522 1751 8.

862 1774 969 1805 scribit
1002 1776 1072 1804 auri
1101 1774 1190 1803 certis
1221 1772 1370 1810 scrupulis
1399 1773 1523 1800 minum

859 1824 1007 1864 praetenui
1015 1824 1121 1863 pyropi
1136 1823 1254 1852 bractea
1267 1822 1424 1861 ignescere.

906 1874 936 1904 3.
974 1872 1138 1912 Fastigia]
1178 1869 1294 1905 Ἀετοὶ,
1333 1868 1519 1909 αἐτώματα,

863 1921 988 1963 propria.
1003 1926 1091 1952 erant
1104 1919 1289 1962 templorum
1304 1917 1521 1959 regiarumque

861 1970 1050 2006 divinarum,
1081 1979 1184 2010 neque
1215 1968 1247 1998 in
1280 1966 1349 1998 aliis
1384 1965 1523 1996 aedificiis

861 2019 1047 2050 serebantur.
1092 2018 1189 2048 Erant
1212 2022 1316 2047 autem
1342 2015 1520 2057 pinnacula,

861 2068 984 2109 quibus,
996 2067 1156 2108 dignitatis
1172 2076 1278 2101 causa,
1291 2070 1374 2095 tecta
1390 2064 1520 2105 templo-

860 2128 927 2148 rum
944 2117 1073 2148 elatiora
1089 2116 1295 2158 (privatarum
1308 2114 1388 2144 enim
1406 2112 1521 2142 aedium

860 2171 943 2197 tecta
964 2166 1059 2207 plana
1079 2164 1183 2204 erant)
1199 2164 1231 2194 in
1250 2162 1411 2194 cacumine
1434 2172 1521 2191 exor-

860 2215 1026 2245 nabantur.
1073 2214 1209 2254 Fastigz'a
1236 2224 1359 2247 summa,
1389 2211 1410 2241 i.
1433 2220 1460 2241 e.
1490 2209 1521 2240 in

861 2274 980 2295 summo
1003 2268 1103 2293 tecto:
1128 2262 1199 2293 vide
1215 2259 1337 2291 Ernesti
1353 2258 1520 2290 Clav.Cie.

860 2312 890 2344 h.
901 2324 932 2343 v.
962 2311 1099 2352 Fastigia
1112 2311 1297 2352 plerumque
1312 2315 1423 2339 onusta
1435 2314 1522 2338 erant

861 2361 975 2403 signis:
1000 2360 1071 2391 vide
1095 2361 1233 2390 Pausan.
1253 2358 1380 2400 passim,
1404 2357 1437 2388 in
1458 2358 1521 2400 pri-

859 2410 917 2441 mis
940 2410 995 2441 lib.
1017 2421 1047 2440 v.
1068 2420 1099 2450 p.
1121 2409 1182 2439 399
1204 2419 1228 2439 s.
1278 2407 1328 2438 Sic
1352 2406 1384 2436 in
1414 2405 1521 2447 templi

864 2458 1028 2500 Apollinis,
1047 2458 1085 2488 ab
1105 2456 1248 2497 Augusto
1269 2455 1416 2490 dedicati,
1435 2454 1519 2485 fasti-

860 2508 910 2548 gio
928 2513 993 2538 erat
1008 2517 1118 2538 aureus
1133 2505 1212 2537 Solis
1227 2516 1344 2536 currus.
1382 2505 1522 2545 Propert-

860 2558 904 2588 II.
917 2556 1002 2587 xxiii.
1016 2557 1064 2587 11.
1094 2556 1205 2597 Itaque
1222 2560 1254 2585 et
1268 2554 1299 2584 h.
1314 2554 1336 2585 l.
1352 2555 1423 2584 ebur
1439 2551 1521 2583 acci-

861 2606 912 2648 pio
927 2605 965 2635 de
980 2605 1077 2646 signis
1093 2604 1235 2635 eburneis
1245 2603 1276 2633 in
1289 2602 1413 2643 fastigio
1425 2601 1519 2631 collo-

861 2655 956 2685 catis:
995 2656 1136 2689 nitidum,
1174 2651 1352 2683 candidum.
1414 2650 1523 2680 Tenere

861 2704 964 2735 locum
987 2703 1146 2738 dicuntur,
1162 2713 1231 2743 quae
1255 2702 1287 2731 in
1310 2711 1346 2730 eo
1369 2699 1523 2730 collocata

862 2759 952 2784 sunt:
977 2752 1047 2783 vide
1068 2752 1176 2783 Heins.
1199 2751 1239 2782 ad
1262 2750 1325 2781 ΙΙΙ.
1343 2750 1425 2780 Fast.
1447 2748 1521 2779 219.

994 2802 1030 2831 M
