<?xml version="1.0" encoding="UTF-8"?>
<!DOCTYPE html PUBLIC "-//W3C//DTD XHTML 1.0 Transitional//EN"
    "http://www.w3.org/TR/xhtml1/DTD/xhtml1-transitional.dtd">
<html xmlns="http://www.w3.org/1999/xhtml" xml:lang="en" lang="en">
 <head>
  <title>
</title>
<meta http-equiv="Content-Type" content="text/html;charset=utf-8" />
  <meta name='ocr-system' content='tesseract 3.04.00' />
  <meta name='ocr-capabilities' content='ocr_page ocr_carea ocr_par ocr_line ocrx_word'/>
</head>
<body>
  <div class='ocr_page' id='page_1' title='image "./povidiinasonisop03oviduoft_0230.png"; bbox 0 0 1763 3181; ppageno 0'>
   <div class='ocr_carea' id='block_1_1' title="bbox 212 195 297 237">
    <p class='ocr_par' dir='ltr' id='par_1_1' title="bbox 212 195 297 237">
     <span class='ocr_line' id='line_1_1' title="bbox 212 195 297 237; baseline 0 0"><span class='ocrx_word' id='word_1_1' title='bbox 212 195 297 237; x_wconf 79' lang='lat'>220</span> 
     </span>
    </p>
   </div>
   <div class='ocr_carea' id='block_1_2' title="bbox 599 194 1211 236">
    <p class='ocr_par' dir='ltr' id='par_1_2' title="bbox 599 194 1211 236">
     <span class='ocr_line' id='line_1_2' title="bbox 599 194 1211 236; baseline 0.002 -1"><span class='ocrx_word' id='word_1_2' title='bbox 599 195 649 235; x_wconf 93' lang='lat' dir='ltr'>P.</span> <span class='ocrx_word' id='word_1_3' title='bbox 684 195 896 236; x_wconf 93' lang='lat' dir='ltr'>OVIDII</span> <span class='ocrx_word' id='word_1_4' title='bbox 933 194 1211 236; x_wconf 93' lang='lat' dir='ltr'>NASONIS</span> 
     </span>
    </p>
   </div>
   <div class='ocr_carea' id='block_1_3' title="bbox 205 310 1594 1608">
    <p class='ocr_par' dir='ltr' id='par_1_3' title="bbox 205 310 1594 1608">
     <span class='ocr_line' id='line_1_3' title="bbox 211 310 1503 374; baseline -0.001 -16"><span class='ocrx_word' id='word_1_5' title='bbox 211 310 328 374; x_wconf 91' lang='lat' dir='ltr'>Ipse</span> <span class='ocrx_word' id='word_1_6' title='bbox 353 311 500 357; x_wconf 93' lang='lat' dir='ltr'>modo</span> <span class='ocrx_word' id='word_1_7' title='bbox 523 310 818 357; x_wconf 89' lang='lat' dir='ltr'>immensum</span> <span class='ocrx_word' id='word_1_8' title='bbox 844 310 989 373; x_wconf 89' lang='lat' dir='ltr'>spiris</span> <span class='ocrx_word' id='word_1_9' title='bbox 1014 310 1310 358; x_wconf 80' lang='lat' dir='ltr'><strong>facientibus</strong></span> <span class='ocrx_word' id='word_1_10' title='bbox 1335 312 1503 359; x_wconf 90' lang='lat' dir='ltr'>orbem</span> 
     </span>
     <span class='ocr_line' id='line_1_4' title="bbox 211 387 1446 450; baseline 0 -15"><span class='ocrx_word' id='word_1_11' title='bbox 211 388 471 450; x_wconf 84' lang='lat' dir='ltr'>Cingitur:</span> <span class='ocrx_word' id='word_1_12' title='bbox 511 387 758 436; x_wconf 89' lang='lat' dir='ltr'>interdum</span> <span class='ocrx_word' id='word_1_13' title='bbox 785 388 934 450; x_wconf 89' lang='lat' dir='ltr'>longa</span> <span class='ocrx_word' id='word_1_14' title='bbox 957 388 1096 435; x_wconf 92' lang='lat' dir='ltr'>trabe</span> <span class='ocrx_word' id='word_1_15' title='bbox 1123 387 1301 434; x_wconf 89' lang='lat' dir='ltr'>rectior</span> <span class='ocrx_word' id='word_1_16' title='bbox 1325 387 1446 435; x_wconf 88' lang='lat' dir='ltr'>exit.</span> 
     </span>
     <span class='ocr_line' id='line_1_5' title="bbox 209 464 1568 528; baseline 0.001 -17"><span class='ocrx_word' id='word_1_17' title='bbox 209 464 405 528; x_wconf 89' lang='lat' dir='ltr'>Impete</span> <span class='ocrx_word' id='word_1_18' title='bbox 432 480 562 512; x_wconf 89' lang='lat' dir='ltr'>nunc</span> <span class='ocrx_word' id='word_1_19' title='bbox 586 471 742 521; x_wconf 91' lang='lat' dir='ltr'>vasto,</span> <span class='ocrx_word' id='word_1_20' title='bbox 770 481 862 512; x_wconf 90' lang='lat' dir='ltr'>ceu</span> <span class='ocrx_word' id='word_1_21' title='bbox 888 465 1110 514; x_wconf 90' lang='lat' dir='ltr'>concitus</span> <span class='ocrx_word' id='word_1_22' title='bbox 1137 465 1374 512; x_wconf 85' lang='lat' dir='ltr'>imbribus</span> <span class='ocrx_word' id='word_1_23' title='bbox 1395 465 1568 521; x_wconf 91' lang='lat' dir='ltr'>amnis,</span> 
     </span>
     <span class='ocr_line' id='line_1_6' title="bbox 211 541 1594 605; baseline 0.001 -17"><span class='ocrx_word' id='word_1_24' title='bbox 211 541 403 598; x_wconf 84' lang='lat' dir='ltr'><strong>Fertur,</strong></span> <span class='ocrx_word' id='word_1_25' title='bbox 431 548 482 589; x_wconf 91' lang='lat' dir='ltr'>et</span> <span class='ocrx_word' id='word_1_26' title='bbox 507 542 761 589; x_wconf 81' lang='lat' dir='ltr'>obstantes</span> <span class='ocrx_word' id='word_1_27' title='bbox 788 542 1046 605; x_wconf 84' lang='lat' dir='ltr'>proturbat</span> <span class='ocrx_word' id='word_1_28' title='bbox 1070 549 1273 605; x_wconf 81' lang='lat' dir='ltr'>pectore</span> <span class='ocrx_word' id='word_1_29' title='bbox 1294 542 1458 590; x_wconf 88' lang='lat' dir='ltr'>silvas.</span> <span class='ocrx_word' id='word_1_30' title='bbox 1531 545 1594 590; x_wconf 82' lang='lat'>80</span> 
     </span>
     <span class='ocr_line' id='line_1_7' title="bbox 210 618 1432 683; baseline 0 -17"><span class='ocrx_word' id='word_1_31' title='bbox 210 618 362 666; x_wconf 86' lang='lat' dir='ltr'>Cedit</span> <span class='ocrx_word' id='word_1_32' title='bbox 386 618 693 681; x_wconf 82' lang='lat' dir='ltr'>Agenorides</span> <span class='ocrx_word' id='word_1_33' title='bbox 719 618 950 682; x_wconf 91' lang='lat' dir='ltr'>paulum;</span> <span class='ocrx_word' id='word_1_34' title='bbox 991 619 1250 683; x_wconf 93' lang='lat' dir='ltr'>spolioque</span> <span class='ocrx_word' id='word_1_35' title='bbox 1275 620 1432 667; x_wconf 90' lang='lat' dir='ltr'>leonis</span> 
     </span>
     <span class='ocr_line' id='line_1_8' title="bbox 211 695 1447 759; baseline 0.002 -17"><span class='ocrx_word' id='word_1_36' title='bbox 211 695 435 743; x_wconf 86' lang='lat' dir='ltr'>Sustinet</span> <span class='ocrx_word' id='word_1_37' title='bbox 458 695 684 742; x_wconf 88' lang='lat' dir='ltr'>incursus</span> <span class='ocrx_word' id='word_1_38' title='bbox 704 714 714 753; x_wconf 91' lang='lat'>;</span> <span class='ocrx_word' id='word_1_39' title='bbox 756 695 1095 759; x_wconf 90' lang='lat' dir='ltr'>instantiaque</span> <span class='ocrx_word' id='word_1_40' title='bbox 1119 712 1205 743; x_wconf 90' lang='lat' dir='ltr'>ora</span> <span class='ocrx_word' id='word_1_41' title='bbox 1229 697 1447 744; x_wconf 92' lang='lat' dir='ltr'>retardat</span> 
     </span>
     <span class='ocr_line' id='line_1_9' title="bbox 208 772 1425 836; baseline 0.001 -17"><span class='ocrx_word' id='word_1_42' title='bbox 208 772 433 836; x_wconf 89' lang='lat' dir='ltr'>Cuspide</span> <span class='ocrx_word' id='word_1_43' title='bbox 459 779 728 836; x_wconf 81' lang='lat' dir='ltr'>praetenta:</span> <span class='ocrx_word' id='word_1_44' title='bbox 768 772 891 820; x_wconf 88' lang='lat' dir='ltr'>furit</span> <span class='ocrx_word' id='word_1_45' title='bbox 915 774 1013 829; x_wconf 92' lang='lat' dir='ltr'>ille,</span> <span class='ocrx_word' id='word_1_46' title='bbox 1041 780 1093 821; x_wconf 95' lang='lat' dir='ltr'>et</span> <span class='ocrx_word' id='word_1_47' title='bbox 1116 773 1280 821; x_wconf 87' lang='lat' dir='ltr'>inania</span> <span class='ocrx_word' id='word_1_48' title='bbox 1303 774 1425 821; x_wconf 92' lang='lat' dir='ltr'>duro</span> 
     </span>
     <span class='ocr_line' id='line_1_10' title="bbox 206 848 1573 913; baseline 0.003 -18"><span class='ocrx_word' id='word_1_49' title='bbox 206 849 425 896; x_wconf 88' lang='lat' dir='ltr'>Vulnera</span> <span class='ocrx_word' id='word_1_50' title='bbox 448 850 534 896; x_wconf 92' lang='lat' dir='ltr'>dat</span> <span class='ocrx_word' id='word_1_51' title='bbox 552 849 706 906; x_wconf 87' lang='lat' dir='ltr'>ferro;</span> <span class='ocrx_word' id='word_1_52' title='bbox 747 848 1030 913; x_wconf 83' lang='lat' dir='ltr'>frangitque</span> <span class='ocrx_word' id='word_1_53' title='bbox 1054 851 1103 897; x_wconf 91' lang='lat' dir='ltr'>in</span> <span class='ocrx_word' id='word_1_54' title='bbox 1129 851 1356 898; x_wconf 86' lang='lat' dir='ltr'>acumine</span> <span class='ocrx_word' id='word_1_55' title='bbox 1380 851 1573 899; x_wconf 78' lang='lat' dir='ltr'>dentes,</span> 
     </span>
     <span class='ocr_line' id='line_1_11' title="bbox 206 925 1592 991; baseline 0.003 -19"><span class='ocrx_word' id='word_1_56' title='bbox 206 925 424 988; x_wconf 86' lang='lat' dir='ltr'>Jamque</span> <span class='ocrx_word' id='word_1_57' title='bbox 448 925 729 973; x_wconf 90' lang='lat' dir='ltr'>venenifero</span> <span class='ocrx_word' id='word_1_58' title='bbox 756 927 958 989; x_wconf 88' lang='lat' dir='ltr'>sanguis</span> <span class='ocrx_word' id='word_1_59' title='bbox 985 942 1184 975; x_wconf 86' lang='lat' dir='ltr'>manare</span> <span class='ocrx_word' id='word_1_60' title='bbox 1209 928 1373 991; x_wconf 90' lang='lat' dir='ltr'>palato</span> <span class='ocrx_word' id='word_1_61' title='bbox 1531 931 1592 976; x_wconf 81' lang='lat'>85</span> 
     </span>
     <span class='ocr_line' id='line_1_12' title="bbox 209 1002 1522 1067; baseline 0.002 -18"><span class='ocrx_word' id='word_1_62' title='bbox 209 1002 472 1067; x_wconf 83' lang='lat' dir='ltr'>Coeperat3</span> <span class='ocrx_word' id='word_1_63' title='bbox 513 1009 564 1049; x_wconf 92' lang='lat' dir='ltr'>et</span> <span class='ocrx_word' id='word_1_64' title='bbox 583 1002 764 1050; x_wconf 91' lang='lat' dir='ltr'>virides</span> <span class='ocrx_word' id='word_1_65' title='bbox 790 1003 1050 1067; x_wconf 89' lang='lat' dir='ltr'>aspergine</span> <span class='ocrx_word' id='word_1_66' title='bbox 1076 1004 1292 1052; x_wconf 86' lang='lat' dir='ltr'>tinxerat</span> <span class='ocrx_word' id='word_1_67' title='bbox 1315 1005 1522 1060; x_wconf 89' lang='lat' dir='ltr'>herbas;</span> 
     </span>
     <span class='ocr_line' id='line_1_13' title="bbox 210 1079 1550 1142; baseline 0.002 -16"><span class='ocrx_word' id='word_1_68' title='bbox 210 1079 311 1127; x_wconf 88' lang='lat' dir='ltr'>Sed</span> <span class='ocrx_word' id='word_1_69' title='bbox 336 1080 443 1127; x_wconf 88' lang='lat' dir='ltr'>leve</span> <span class='ocrx_word' id='word_1_70' title='bbox 467 1080 645 1126; x_wconf 90' lang='lat' dir='ltr'>vulnus</span> <span class='ocrx_word' id='word_1_71' title='bbox 671 1086 791 1136; x_wconf 90' lang='lat' dir='ltr'>erat,</span> <span class='ocrx_word' id='word_1_72' title='bbox 819 1079 937 1142; x_wconf 92' lang='lat' dir='ltr'>quia</span> <span class='ocrx_word' id='word_1_73' title='bbox 961 1096 1014 1127; x_wconf 95' lang='lat' dir='ltr'>se</span> <span class='ocrx_word' id='word_1_74' title='bbox 1039 1081 1322 1128; x_wconf 90' lang='lat' dir='ltr'>retrahebat</span> <span class='ocrx_word' id='word_1_75' title='bbox 1347 1082 1408 1128; x_wconf 93' lang='lat' dir='ltr'>ab</span> <span class='ocrx_word' id='word_1_76' title='bbox 1433 1081 1550 1138; x_wconf 89' lang='lat' dir='ltr'>ictu,</span> 
     </span>
     <span class='ocr_line' id='line_1_14' title="bbox 209 1155 1476 1221; baseline 0.002 -18"><span class='ocrx_word' id='word_1_77' title='bbox 209 1155 452 1219; x_wconf 88' lang='lat' dir='ltr'>Laesaque</span> <span class='ocrx_word' id='word_1_78' title='bbox 477 1156 606 1203; x_wconf 89' lang='lat' dir='ltr'>colla</span> <span class='ocrx_word' id='word_1_79' title='bbox 629 1156 781 1203; x_wconf 89' lang='lat' dir='ltr'>dabat</span> <span class='ocrx_word' id='word_1_80' title='bbox 805 1162 953 1209; x_wconf 90' lang='lat' dir='ltr'>retro,</span> <span class='ocrx_word' id='word_1_81' title='bbox 980 1157 1282 1221; x_wconf 88' lang='lat' dir='ltr'>plagamque</span> <span class='ocrx_word' id='word_1_82' title='bbox 1304 1159 1476 1206; x_wconf 89' lang='lat' dir='ltr'>sedere</span> 
     </span>
     <span class='ocr_line' id='line_1_15' title="bbox 209 1233 1592 1296; baseline 0.002 -16"><span class='ocrx_word' id='word_1_83' title='bbox 209 1233 450 1281; x_wconf 91' lang='lat' dir='ltr'>Cedendo</span> <span class='ocrx_word' id='word_1_84' title='bbox 475 1235 694 1291; x_wconf 89' lang='lat' dir='ltr'>arcebat,</span> <span class='ocrx_word' id='word_1_85' title='bbox 723 1249 815 1281; x_wconf 84' lang='lat' dir='ltr'>nec</span> <span class='ocrx_word' id='word_1_86' title='bbox 840 1234 1034 1296; x_wconf 91' lang='lat' dir='ltr'>longius</span> <span class='ocrx_word' id='word_1_87' title='bbox 1060 1235 1129 1282; x_wconf 88' lang='lat' dir='ltr'>ire</span> <span class='ocrx_word' id='word_1_88' title='bbox 1155 1234 1377 1282; x_wconf 88' lang='lat' dir='ltr'>sinebat:</span> <span class='ocrx_word' id='word_1_89' title='bbox 1531 1238 1592 1283; x_wconf 81' lang='lat'>89</span> 
     </span>
     <span class='ocr_line' id='line_1_16' title="bbox 208 1310 1533 1374; baseline 0.001 -16"><span class='ocrx_word' id='word_1_90' title='bbox 208 1311 382 1359; x_wconf 89' lang='lat' dir='ltr'>Donec</span> <span class='ocrx_word' id='word_1_91' title='bbox 408 1310 717 1374; x_wconf 91' lang='lat' dir='ltr'>Agenorides</span> <span class='ocrx_word' id='word_1_92' title='bbox 743 1312 1025 1374; x_wconf 85' lang='lat' dir='ltr'>conjectum</span> <span class='ocrx_word' id='word_1_93' title='bbox 1051 1311 1101 1358; x_wconf 93' lang='lat' dir='ltr'>in</span> <span class='ocrx_word' id='word_1_94' title='bbox 1127 1319 1324 1374; x_wconf 89' lang='lat' dir='ltr'>gutture</span> <span class='ocrx_word' id='word_1_95' title='bbox 1350 1311 1533 1360; x_wconf 90' lang='lat' dir='ltr'>ferrum</span> 
     </span>
     <span class='ocr_line' id='line_1_17' title="bbox 208 1388 1554 1453; baseline 0.001 -18"><span class='ocrx_word' id='word_1_96' title='bbox 208 1388 384 1452; x_wconf 90' lang='lat' dir='ltr'>Usque</span> <span class='ocrx_word' id='word_1_97' title='bbox 410 1405 627 1452; x_wconf 88' lang='lat' dir='ltr'>sequens</span> <span class='ocrx_word' id='word_1_98' title='bbox 653 1389 850 1453; x_wconf 80' lang='lat' dir='ltr'>pressit,</span> <span class='ocrx_word' id='word_1_99' title='bbox 878 1390 995 1436; x_wconf 89' lang='lat' dir='ltr'>dum</span> <span class='ocrx_word' id='word_1_100' title='bbox 1022 1396 1150 1436; x_wconf 92' lang='lat' dir='ltr'>retro</span> <span class='ocrx_word' id='word_1_101' title='bbox 1177 1405 1391 1452; x_wconf 88' lang='lat' dir='ltr'>quercus</span> <span class='ocrx_word' id='word_1_102' title='bbox 1418 1389 1554 1437; x_wconf 90' lang='lat' dir='ltr'>eunti</span> 
     </span>
     <span class='ocr_line' id='line_1_18' title="bbox 207 1465 1509 1531; baseline 0.002 -19"><span class='ocrx_word' id='word_1_103' title='bbox 207 1465 445 1525; x_wconf 82' lang='lat' dir='ltr'>Obstitit3</span> <span class='ocrx_word' id='word_1_104' title='bbox 487 1474 537 1514; x_wconf 92' lang='lat' dir='ltr'>et</span> <span class='ocrx_word' id='word_1_105' title='bbox 560 1467 661 1514; x_wconf 85' lang='lat' dir='ltr'>fixa</span> <span class='ocrx_word' id='word_1_106' title='bbox 681 1474 758 1515; x_wconf 92' lang='lat' dir='ltr'>est</span> <span class='ocrx_word' id='word_1_107' title='bbox 781 1467 965 1531; x_wconf 90' lang='lat' dir='ltr'>pariter</span> <span class='ocrx_word' id='word_1_108' title='bbox 989 1483 1102 1514; x_wconf 91' lang='lat' dir='ltr'>cum</span> <span class='ocrx_word' id='word_1_109' title='bbox 1128 1467 1300 1514; x_wconf 89' lang='lat' dir='ltr'>robore</span> <span class='ocrx_word' id='word_1_110' title='bbox 1326 1467 1509 1514; x_wconf 86' lang='lat' dir='ltr'>cervix.</span> 
     </span>
     <span class='ocr_line' id='line_1_19' title="bbox 205 1543 1426 1608; baseline 0.001 -18"><span class='ocrx_word' id='word_1_111' title='bbox 205 1543 436 1592; x_wconf 91' lang='lat' dir='ltr'>Pondere</span> <span class='ocrx_word' id='word_1_112' title='bbox 460 1544 703 1608; x_wconf 90' lang='lat' dir='ltr'>serpentis</span> <span class='ocrx_word' id='word_1_113' title='bbox 730 1551 934 1592; x_wconf 91' lang='lat' dir='ltr'>curvata</span> <span class='ocrx_word' id='word_1_114' title='bbox 953 1551 1031 1592; x_wconf 88' lang='lat' dir='ltr'>est</span> <span class='ocrx_word' id='word_1_115' title='bbox 1055 1545 1213 1601; x_wconf 87' lang='lat' dir='ltr'>arbor,</span> <span class='ocrx_word' id='word_1_116' title='bbox 1242 1551 1292 1593; x_wconf 92' lang='lat' dir='ltr'>et</span> <span class='ocrx_word' id='word_1_117' title='bbox 1315 1544 1426 1591; x_wconf 89' lang='lat' dir='ltr'>imae</span> 
     </span>
    </p>
   </div>
   <div class='ocr_carea' id='block_1_4' title="bbox 196 1677 864 2799">
    <p class='ocr_par' dir='ltr' id='par_1_4' title="bbox 201 1677 863 1758">
     <span class='ocr_line' id='line_1_20' title="bbox 201 1677 863 1720; baseline 0.005 -14"><span class='ocrx_word' id='word_1_118' title='bbox 201 1682 318 1713; x_wconf 89' lang='lat' dir='ltr'>monet,</span> <span class='ocrx_word' id='word_1_119' title='bbox 332 1678 434 1708; x_wconf 85' lang='lat' dir='ltr'>herbas</span> <span class='ocrx_word' id='word_1_120' title='bbox 446 1677 533 1708; x_wconf 85' lang='lat' dir='ltr'>sanie</span> <span class='ocrx_word' id='word_1_121' title='bbox 549 1677 662 1720; x_wconf 79' lang='lat' dir='ltr'>potiuS‚</span> <span class='ocrx_word' id='word_1_122' title='bbox 680 1678 779 1710; x_wconf 86' lang='lat' dir='ltr'>halitu</span> <span class='ocrx_word' id='word_1_123' title='bbox 791 1689 863 1709; x_wconf 87' lang='lat' dir='ltr'>vero</span> 
     </span>
     <span class='ocr_line' id='line_1_21' title="bbox 202 1726 404 1758; baseline 0.01 -2"><span class='ocrx_word' id='word_1_124' title='bbox 202 1738 294 1757; x_wconf 78' lang='lat' dir='ltr'>auras</span> <span class='ocrx_word' id='word_1_125' title='bbox 308 1726 404 1758; x_wconf 87' lang='lat' dir='ltr'>infici.</span> 
     </span>
    </p>

    <p class='ocr_par' dir='ltr' id='par_1_5' title="bbox 196 1776 864 2737">
     <span class='ocr_line' id='line_1_22' title="bbox 245 1776 862 1814; baseline 0.003 -8"><span class='ocrx_word' id='word_1_126' title='bbox 245 1776 298 1807; x_wconf 87' lang='lat'>78.</span> <span class='ocrx_word' id='word_1_127' title='bbox 324 1776 428 1813; x_wconf 78' lang='lat' dir='ltr'>Trabe,</span> <span class='ocrx_word' id='word_1_128' title='bbox 455 1777 576 1807; x_wconf 87' lang='lat' dir='ltr'>arbore.</span> <span class='ocrx_word' id='word_1_129' title='bbox 625 1777 706 1813; x_wconf 72' lang='lat' dir='ltr'>En&#39;t,</span> <span class='ocrx_word' id='word_1_130' title='bbox 736 1777 862 1814; x_wconf 90' lang='lat' dir='ltr'>eminet,</span> 
     </span>
     <span class='ocr_line' id='line_1_23' title="bbox 200 1825 864 1868; baseline 0.003 -13"><span class='ocrx_word' id='word_1_131' title='bbox 200 1825 305 1856; x_wconf 86' lang='lat' dir='ltr'>confer</span> <span class='ocrx_word' id='word_1_132' title='bbox 333 1825 472 1861; x_wconf 77' lang='lat' dir='ltr'>Senecae,</span> <span class='ocrx_word' id='word_1_133' title='bbox 503 1825 610 1868; x_wconf 90' lang='lat' dir='ltr'>OEdip.</span> <span class='ocrx_word' id='word_1_134' title='bbox 640 1837 762 1857; x_wconf 88' lang='lat' dir='ltr'>versum</span> <span class='ocrx_word' id='word_1_135' title='bbox 791 1827 864 1858; x_wconf 86' lang='lat'>726.</span> 
     </span>
     <span class='ocr_line' id='line_1_24' title="bbox 200 1874 864 1917; baseline 0.002 -12"><span class='ocrx_word' id='word_1_136' title='bbox 200 1874 306 1905; x_wconf 88' lang='lat' dir='ltr'>Nostri</span> <span class='ocrx_word' id='word_1_137' title='bbox 323 1874 360 1905; x_wconf 92' lang='lat' dir='ltr'>C.</span> <span class='ocrx_word' id='word_1_138' title='bbox 371 1874 412 1905; x_wconf 90' lang='lat' dir='ltr'>R.</span> <span class='ocrx_word' id='word_1_139' title='bbox 428 1874 504 1905; x_wconf 90' lang='lat' dir='ltr'>dant</span> <span class='ocrx_word' id='word_1_140' title='bbox 519 1881 619 1912; x_wconf 79' lang='lat' dir='ltr'>astat;</span> <span class='ocrx_word' id='word_1_141' title='bbox 635 1881 784 1917; x_wconf 83' lang='lat' dir='ltr'>praestans</span> <span class='ocrx_word' id='word_1_142' title='bbox 800 1876 864 1907; x_wconf 91' lang='lat' dir='ltr'>lec-</span> 
     </span>
     <span class='ocr_line' id='line_1_25' title="bbox 200 1923 863 1966; baseline 0.003 -13"><span class='ocrx_word' id='word_1_143' title='bbox 200 1923 242 1954; x_wconf 87' lang='lat' dir='ltr'>tio</span> <span class='ocrx_word' id='word_1_144' title='bbox 258 1934 327 1964; x_wconf 83' lang='lat' dir='ltr'>quae</span> <span class='ocrx_word' id='word_1_145' title='bbox 351 1923 452 1965; x_wconf 87' lang='lat' dir='ltr'>pingit</span> <span class='ocrx_word' id='word_1_146' title='bbox 467 1923 600 1954; x_wconf 87' lang='lat' dir='ltr'>vividius</span> <span class='ocrx_word' id='word_1_147' title='bbox 623 1930 796 1966; x_wconf 85' lang='lat' dir='ltr'>serpentem</span> <span class='ocrx_word' id='word_1_148' title='bbox 815 1935 863 1955; x_wconf 85' lang='lat' dir='ltr'>se-</span> 
     </span>
     <span class='ocr_line' id='line_1_26' title="bbox 200 1971 861 2014; baseline 0.003 -12"><span class='ocrx_word' id='word_1_149' title='bbox 200 1971 385 2003; x_wconf 88' lang='lat' dir='ltr'>mianimum</span> <span class='ocrx_word' id='word_1_150' title='bbox 428 1972 592 2004; x_wconf 85' lang='lat' dir='ltr'>minaciter</span> <span class='ocrx_word' id='word_1_151' title='bbox 635 1979 861 2014; x_wconf 82' lang='lat' dir='ltr'>assurgentem.</span> 
     </span>
     <span class='ocr_line' id='line_1_27' title="bbox 202 2021 862 2063; baseline 0.002 -12"><span class='ocrx_word' id='word_1_152' title='bbox 202 2021 292 2051; x_wconf 63' lang='lat' dir='ltr'>RIocla</span> <span class='ocrx_word' id='word_1_153' title='bbox 307 2024 444 2063; x_wconf 76' lang='lat' dir='ltr'>cingitur</span> <span class='ocrx_word' id='word_1_154' title='bbox 455 2023 562 2060; x_wconf 76' lang='lat' dir='ltr'>spiris5</span> <span class='ocrx_word' id='word_1_155' title='bbox 585 2021 617 2052; x_wconf 90' lang='lat' dir='ltr'>id</span> <span class='ocrx_word' id='word_1_156' title='bbox 632 2028 688 2058; x_wconf 87' lang='lat' dir='ltr'>est,</span> <span class='ocrx_word' id='word_1_157' title='bbox 704 2022 735 2052; x_wconf 90' lang='lat' dir='ltr'>in</span> <span class='ocrx_word' id='word_1_158' title='bbox 751 2028 862 2053; x_wconf 89' lang='lat' dir='ltr'>terram</span> 
     </span>
     <span class='ocr_line' id='line_1_28' title="bbox 200 2070 860 2113; baseline 0.003 -13"><span class='ocrx_word' id='word_1_159' title='bbox 200 2081 328 2112; x_wconf 89' lang='lat' dir='ltr'>pronus,</span> <span class='ocrx_word' id='word_1_160' title='bbox 360 2070 451 2101; x_wconf 90' lang='lat' dir='ltr'>modo</span> <span class='ocrx_word' id='word_1_161' title='bbox 480 2076 600 2102; x_wconf 88' lang='lat' dir='ltr'>erectus</span> <span class='ocrx_word' id='word_1_162' title='bbox 630 2071 738 2113; x_wconf 88' lang='lat' dir='ltr'>surgit,</span> <span class='ocrx_word' id='word_1_163' title='bbox 770 2078 860 2102; x_wconf 80' lang='lat' dir='ltr'>astat.</span> 
     </span>
     <span class='ocr_line' id='line_1_29' title="bbox 201 2118 861 2161; baseline 0.003 -12"><span class='ocrx_word' id='word_1_164' title='bbox 201 2118 312 2159; x_wconf 80' lang='lat' dir='ltr'>Impete</span> <span class='ocrx_word' id='word_1_165' title='bbox 327 2119 454 2160; x_wconf 88' lang='lat' dir='ltr'>antique</span> <span class='ocrx_word' id='word_1_166' title='bbox 470 2130 538 2161; x_wconf 89' lang='lat' dir='ltr'>pro,</span> <span class='ocrx_word' id='word_1_167' title='bbox 556 2121 678 2160; x_wconf 78' lang='lat' dir='ltr'>impetn.</span> <span class='ocrx_word' id='word_1_168' title='bbox 694 2119 744 2150; x_wconf 86' lang='lat' dir='ltr'>Sic</span> <span class='ocrx_word' id='word_1_169' title='bbox 757 2126 788 2150; x_wconf 90' lang='lat' dir='ltr'>et</span> <span class='ocrx_word' id='word_1_170' title='bbox 798 2120 861 2151; x_wconf 85' lang='lat' dir='ltr'>viii.</span> 
     </span>
     <span class='ocr_line' id='line_1_30' title="bbox 199 2168 860 2210; baseline 0.002 -12"><span class='ocrx_word' id='word_1_171' title='bbox 199 2169 272 2199; x_wconf 87' lang='grc'><strong>359.</strong></span> <span class='ocrx_word' id='word_1_172' title='bbox 320 2168 471 2204; x_wconf 78' lang='lat' dir='ltr'>concitas,</span> <span class='ocrx_word' id='word_1_173' title='bbox 493 2168 626 2210; x_wconf 78' lang='lat' dir='ltr'>rapidior</span> <span class='ocrx_word' id='word_1_174' title='bbox 650 2168 762 2200; x_wconf 83' lang='lat' dir='ltr'>factus.</span> <span class='ocrx_word' id='word_1_175' title='bbox 806 2169 860 2199; x_wconf 87' lang='lat' dir='ltr'>So-</span> 
     </span>
     <span class='ocr_line' id='line_1_31' title="bbox 198 2216 860 2260; baseline 0.002 -12"><span class='ocrx_word' id='word_1_176' title='bbox 198 2217 291 2248; x_wconf 88' lang='lat' dir='ltr'>lenne</span> <span class='ocrx_word' id='word_1_177' title='bbox 307 2218 416 2260; x_wconf 86' lang='lat' dir='ltr'>poetis,</span> <span class='ocrx_word' id='word_1_178' title='bbox 432 2223 592 2259; x_wconf 87' lang='lat' dir='ltr'>praeeunte</span> <span class='ocrx_word' id='word_1_179' title='bbox 608 2218 754 2255; x_wconf 89' lang='lat' dir='ltr'>Homero,</span> <span class='ocrx_word' id='word_1_180' title='bbox 769 2216 808 2249; x_wconf 91' lang='lat' dir='ltr'>Il.</span> <span class='ocrx_word' id='word_1_181' title='bbox 825 2223 860 2250; x_wconf 91' lang='grc' dir='ltr'>Δ.</span> 
     </span>
     <span class='ocr_line' id='line_1_32' title="bbox 200 2266 860 2308; baseline 0.002 -12"><span class='ocrx_word' id='word_1_182' title='bbox 200 2267 262 2297; x_wconf 83' lang='lat'>452</span> <span class='ocrx_word' id='word_1_183' title='bbox 277 2277 345 2308; x_wconf 89' lang='lat' dir='ltr'>sqq.</span> <span class='ocrx_word' id='word_1_184' title='bbox 362 2272 393 2297; x_wconf 86' lang='lat' dir='ltr'>et</span> <span class='ocrx_word' id='word_1_185' title='bbox 416 2270 454 2297; x_wconf 88' lang='lat' dir='ltr'>E.</span> <span class='ocrx_word' id='word_1_186' title='bbox 479 2267 519 2297; x_wconf 89' lang='lat'>87</span> <span class='ocrx_word' id='word_1_187' title='bbox 537 2277 608 2308; x_wconf 86' lang='lat' dir='ltr'>sqq.</span> <span class='ocrx_word' id='word_1_188' title='bbox 626 2272 657 2297; x_wconf 87' lang='lat' dir='ltr'>et</span> <span class='ocrx_word' id='word_1_189' title='bbox 678 2266 763 2302; x_wconf 87' lang='lat' dir='ltr'>alibi,</span> <span class='ocrx_word' id='word_1_190' title='bbox 780 2267 860 2297; x_wconf 86' lang='lat' dir='ltr'>mili-</span> 
     </span>
     <span class='ocr_line' id='line_1_33' title="bbox 199 2315 862 2352; baseline 0 -6"><span class='ocrx_word' id='word_1_191' title='bbox 199 2320 277 2352; x_wconf 90' lang='lat' dir='ltr'>tum,</span> <span class='ocrx_word' id='word_1_192' title='bbox 293 2315 365 2346; x_wconf 88' lang='lat' dir='ltr'>hinc</span> <span class='ocrx_word' id='word_1_193' title='bbox 384 2321 416 2347; x_wconf 91' lang='lat' dir='ltr'>et</span> <span class='ocrx_word' id='word_1_194' title='bbox 435 2326 586 2346; x_wconf 86' lang='lat' dir='ltr'>saevarum</span> <span class='ocrx_word' id='word_1_195' title='bbox 609 2315 789 2352; x_wconf 86' lang='lat' dir='ltr'>bestiarum,</span> <span class='ocrx_word' id='word_1_196' title='bbox 805 2315 862 2346; x_wconf 87' lang='lat' dir='ltr'>im-</span> 
     </span>
     <span class='ocr_line' id='line_1_34' title="bbox 198 2367 861 2407; baseline 0 -11"><span class='ocrx_word' id='word_1_197' title='bbox 198 2370 306 2407; x_wconf 91' lang='lat' dir='ltr'>petum</span> <span class='ocrx_word' id='word_1_198' title='bbox 332 2375 404 2396; x_wconf 90' lang='lat' dir='ltr'>cum</span> <span class='ocrx_word' id='word_1_199' title='bbox 430 2376 517 2395; x_wconf 87' lang='lat' dir='ltr'>amne</span> <span class='ocrx_word' id='word_1_200' title='bbox 542 2367 657 2395; x_wconf 80' lang='lat' dir='ltr'>concito</span> <span class='ocrx_word' id='word_1_201' title='bbox 683 2371 738 2396; x_wconf 86' lang='lat' dir='ltr'>aut</span> <span class='ocrx_word' id='word_1_202' title='bbox 761 2376 861 2396; x_wconf 84' lang='lat' dir='ltr'>exun-</span> 
     </span>
     <span class='ocr_line' id='line_1_35' title="bbox 198 2414 858 2456; baseline -0.002 -11"><span class='ocrx_word' id='word_1_203' title='bbox 198 2414 292 2445; x_wconf 86' lang='lat' dir='ltr'>dante</span> <span class='ocrx_word' id='word_1_204' title='bbox 317 2424 506 2455; x_wconf 86' lang='lat' dir='ltr'>comparare.</span> <span class='ocrx_word' id='word_1_205' title='bbox 530 2414 645 2445; x_wconf 88' lang='lat' dir='ltr'>Confer</span> <span class='ocrx_word' id='word_1_206' title='bbox 668 2414 781 2456; x_wconf 82' lang='lat' dir='ltr'>virgil.</span> <span class='ocrx_word' id='word_1_207' title='bbox 800 2416 858 2445; x_wconf 81' lang='lat' dir='ltr'>AE-</span> 
     </span>
     <span class='ocr_line' id='line_1_36' title="bbox 198 2463 858 2501; baseline 0 -7"><span class='ocrx_word' id='word_1_208' title='bbox 198 2463 282 2494; x_wconf 92' lang='lat' dir='ltr'>neid.</span> <span class='ocrx_word' id='word_1_209' title='bbox 296 2463 329 2494; x_wconf 85' lang='lat' dir='ltr'>ii.</span> <span class='ocrx_word' id='word_1_210' title='bbox 345 2464 407 2494; x_wconf 86' lang='lat'>496</span> <span class='ocrx_word' id='word_1_211' title='bbox 421 2475 429 2501; x_wconf 88' lang='lat'>;</span> <span class='ocrx_word' id='word_1_212' title='bbox 454 2474 483 2493; x_wconf 88' lang='lat' dir='ltr'>x.</span> <span class='ocrx_word' id='word_1_213' title='bbox 499 2464 572 2494; x_wconf 90' lang='lat'><strong>603.</strong></span> <span class='ocrx_word' id='word_1_214' title='bbox 613 2464 778 2500; x_wconf 81' lang='lat' dir='ltr'>Obstantes,</span> <span class='ocrx_word' id='word_1_215' title='bbox 796 2469 858 2495; x_wconf 91' lang='lat' dir='ltr'>etc.</span> 
     </span>
     <span class='ocr_line' id='line_1_37' title="bbox 196 2512 859 2555; baseline 0.002 -12"><span class='ocrx_word' id='word_1_216' title='bbox 196 2512 346 2544; x_wconf 87' lang='lat' dir='ltr'>Similiter</span> <span class='ocrx_word' id='word_1_217' title='bbox 360 2513 443 2554; x_wconf 90' lang='lat' dir='ltr'>apud</span> <span class='ocrx_word' id='word_1_218' title='bbox 460 2512 528 2543; x_wconf 88' lang='lat' dir='ltr'>Liv.</span> <span class='ocrx_word' id='word_1_219' title='bbox 540 2513 603 2543; x_wconf 83' lang='lat' dir='ltr'>xxi.</span> <span class='ocrx_word' id='word_1_220' title='bbox 617 2514 671 2543; x_wconf 77' lang='lat'>22.</span> <span class='ocrx_word' id='word_1_221' title='bbox 689 2524 814 2555; x_wconf 89' lang='lat' dir='ltr'>serpens</span> <span class='ocrx_word' id='word_1_222' title='bbox 828 2513 859 2544; x_wconf 88' lang='lat' dir='ltr'>in</span> 
     </span>
     <span class='ocr_line' id='line_1_38' title="bbox 198 2561 859 2604; baseline 0 -13"><span class='ocrx_word' id='word_1_223' title='bbox 198 2561 300 2603; x_wconf 89' lang='lat' dir='ltr'>quiete</span> <span class='ocrx_word' id='word_1_224' title='bbox 321 2561 494 2592; x_wconf 83' lang='lat' dir='ltr'>Hannibali</span> <span class='ocrx_word' id='word_1_225' title='bbox 515 2561 638 2592; x_wconf 89' lang='lat' dir='ltr'>oblatus</span> <span class='ocrx_word' id='word_1_226' title='bbox 653 2572 722 2591; x_wconf 80' lang='lat' dir='ltr'>cnm</span> <span class='ocrx_word' id='word_1_227' title='bbox 743 2563 859 2604; x_wconf 75' lang='lat' dir='ltr'>ingenti</span> 
     </span>
     <span class='ocr_line' id='line_1_39' title="bbox 196 2610 858 2652; baseline 0.002 -12"><span class='ocrx_word' id='word_1_228' title='bbox 196 2611 336 2641; x_wconf 78' lang='lat' dir='ltr'>arborum</span> <span class='ocrx_word' id='word_1_229' title='bbox 352 2616 379 2640; x_wconf 80' lang='lat' dir='ltr'>et</span> <span class='ocrx_word' id='word_1_230' title='bbox 399 2611 602 2650; x_wconf 71' lang='lat' dir='ltr'>virgultorum</span> <span class='ocrx_word' id='word_1_231' title='bbox 623 2617 723 2652; x_wconf 77' lang='lat' dir='ltr'>strage</span> <span class='ocrx_word' id='word_1_232' title='bbox 735 2610 858 2652; x_wconf 62' lang='lat' dir='ltr'>jereba-</span> 
     </span>
     <span class='ocr_line' id='line_1_40' title="bbox 198 2659 860 2700; baseline 0.003 -12"><span class='ocrx_word' id='word_1_233' title='bbox 198 2665 260 2690; x_wconf 76' lang='grc' dir='ltr'>την.</span> <span class='ocrx_word' id='word_1_234' title='bbox 293 2660 488 2695; x_wconf 82' lang='lat' dir='ltr'>Proturbare,</span> <span class='ocrx_word' id='word_1_235' title='bbox 504 2665 705 2700; x_wconf 86' lang='lat' dir='ltr'>prosternere.</span> <span class='ocrx_word' id='word_1_236' title='bbox 730 2659 780 2691; x_wconf 89' lang='lat' dir='ltr'>Cf.</span> <span class='ocrx_word' id='word_1_237' title='bbox 796 2659 860 2690; x_wconf 85' lang='lat' dir='ltr'>viii.</span> 
     </span>
     <span class='ocr_line' id='line_1_41' title="bbox 199 2707 274 2737; baseline 0 0"><span class='ocrx_word' id='word_1_238' title='bbox 199 2707 274 2737; x_wconf 84' lang='lat'>340.</span> 
     </span>
    </p>

    <p class='ocr_par' dir='ltr' id='par_1_6' title="bbox 240 2755 860 2799">
     <span class='ocr_line' id='line_1_42' title="bbox 240 2755 860 2799; baseline 0.005 -14"><span class='ocrx_word' id='word_1_239' title='bbox 240 2756 293 2786; x_wconf 84' lang='lat'>81.</span> <span class='ocrx_word' id='word_1_240' title='bbox 316 2755 424 2795; x_wconf 73' lang='lat' dir='ltr'>Spolia,</span> <span class='ocrx_word' id='word_1_241' title='bbox 438 2755 518 2798; x_wconf 83' lang='lat' dir='ltr'>pelle</span> <span class='ocrx_word' id='word_1_242' title='bbox 534 2756 682 2799; x_wconf 83' lang='lat' dir='ltr'>dercpta3</span> <span class='ocrx_word' id='word_1_243' title='bbox 708 2767 779 2788; x_wconf 87' lang='lat' dir='ltr'>nam</span> <span class='ocrx_word' id='word_1_244' title='bbox 795 2768 860 2797; x_wconf 73' lang='lat' dir='ltr'>spo·-</span> 
     </span>
    </p>
   </div>
   <div class='ocr_carea' id='block_1_5' title="bbox 926 1676 1595 2742">
    <p class='ocr_par' dir='ltr' id='par_1_7' title="bbox 928 1676 1595 2308">
     <span class='ocr_line' id='line_1_43' title="bbox 931 1676 1594 1720; baseline -0.002 -11"><span class='ocrx_word' id='word_1_245' title='bbox 931 1680 1006 1709; x_wconf 86' lang='lat' dir='ltr'>liare</span> <span class='ocrx_word' id='word_1_246' title='bbox 1021 1678 1144 1710; x_wconf 86' lang='lat' dir='ltr'>omnino</span> <span class='ocrx_word' id='word_1_247' title='bbox 1158 1678 1328 1709; x_wconf 86' lang='lat' dir='ltr'>detrahere.</span> <span class='ocrx_word' id='word_1_248' title='bbox 1364 1676 1504 1720; x_wconf 89' lang='lat' dir='ltr'>Spolium</span> <span class='ocrx_word' id='word_1_249' title='bbox 1515 1677 1594 1709; x_wconf 87' lang='lat' dir='ltr'>illud</span> 
     </span>
     <span class='ocr_line' id='line_1_44' title="bbox 931 1726 1592 1768; baseline -0.002 -10"><span class='ocrx_word' id='word_1_250' title='bbox 931 1727 1011 1758; x_wconf 90' lang='lat' dir='ltr'>scuti</span> <span class='ocrx_word' id='word_1_251' title='bbox 1027 1728 1089 1758; x_wconf 87' lang='lat' dir='ltr'>vim</span> <span class='ocrx_word' id='word_1_252' title='bbox 1104 1727 1253 1758; x_wconf 86' lang='lat' dir='ltr'>habebat.</span> <span class='ocrx_word' id='word_1_253' title='bbox 1299 1727 1349 1757; x_wconf 88' lang='lat' dir='ltr'>Sic</span> <span class='ocrx_word' id='word_1_254' title='bbox 1366 1738 1493 1768; x_wconf 89' lang='lat' dir='ltr'>quoque</span> <span class='ocrx_word' id='word_1_255' title='bbox 1507 1726 1592 1758; x_wconf 88' lang='lat' dir='ltr'>Cad-</span> 
     </span>
     <span class='ocr_line' id='line_1_45' title="bbox 930 1775 1595 1818; baseline -0.002 -11"><span class='ocrx_word' id='word_1_256' title='bbox 930 1787 1015 1807; x_wconf 89' lang='lat' dir='ltr'>mum</span> <span class='ocrx_word' id='word_1_257' title='bbox 1038 1787 1188 1818; x_wconf 86' lang='lat' dir='ltr'>magnum</span> <span class='ocrx_word' id='word_1_258' title='bbox 1212 1775 1315 1806; x_wconf 86' lang='lat' dir='ltr'>facere</span> <span class='ocrx_word' id='word_1_259' title='bbox 1340 1775 1436 1806; x_wconf 88' lang='lat' dir='ltr'>voluit</span> <span class='ocrx_word' id='word_1_260' title='bbox 1450 1787 1459 1814; x_wconf 79' lang='lat'>3</span> <span class='ocrx_word' id='word_1_261' title='bbox 1488 1786 1595 1806; x_wconf 84' lang='lat' dir='ltr'>vereor</span> 
     </span>
     <span class='ocr_line' id='line_1_46' title="bbox 930 1824 1593 1867; baseline -0.002 -11"><span class='ocrx_word' id='word_1_262' title='bbox 930 1833 1046 1862; x_wconf 87' lang='lat' dir='ltr'>tamen,</span> <span class='ocrx_word' id='word_1_263' title='bbox 1055 1835 1093 1856; x_wconf 88' lang='lat' dir='ltr'>ne</span> <span class='ocrx_word' id='word_1_264' title='bbox 1103 1824 1325 1867; x_wconf 85' lang='lat' dir='ltr'>prodigialiter.</span> <span class='ocrx_word' id='word_1_265' title='bbox 1340 1824 1458 1855; x_wconf 83' lang='lat' dir='ltr'>Instare</span> <span class='ocrx_word' id='word_1_266' title='bbox 1466 1825 1593 1856; x_wconf 84' lang='lat' dir='ltr'>verbum</span> 
     </span>
     <span class='ocr_line' id='line_1_47' title="bbox 930 1873 1595 1916; baseline 0 -12"><span class='ocrx_word' id='word_1_267' title='bbox 930 1874 1075 1906; x_wconf 87' lang='lat' dir='ltr'>militare.</span> <span class='ocrx_word' id='word_1_268' title='bbox 1100 1874 1240 1906; x_wconf 87' lang='lat' dir='ltr'>Cadmus</span> <span class='ocrx_word' id='word_1_269' title='bbox 1256 1873 1351 1909; x_wconf 88' lang='lat' dir='ltr'>cedit,</span> <span class='ocrx_word' id='word_1_270' title='bbox 1365 1884 1490 1916; x_wconf 88' lang='lat' dir='ltr'>serpens</span> <span class='ocrx_word' id='word_1_271' title='bbox 1502 1876 1595 1904; x_wconf 79' lang='lat' dir='ltr'>instat</span> 
     </span>
     <span class='ocr_line' id='line_1_48' title="bbox 931 1922 1594 1959; baseline -0.002 -5"><span class='ocrx_word' id='word_1_272' title='bbox 931 1923 1067 1954; x_wconf 89' lang='lat' dir='ltr'>cedenti.</span> <span class='ocrx_word' id='word_1_273' title='bbox 1114 1923 1315 1959; x_wconf 77' lang='lat' dir='ltr'>Praetendere,</span> <span class='ocrx_word' id='word_1_274' title='bbox 1332 1923 1461 1954; x_wconf 88' lang='lat' dir='ltr'>verbum</span> <span class='ocrx_word' id='word_1_275' title='bbox 1483 1922 1515 1953; x_wconf 89' lang='lat' dir='ltr'>in</span> <span class='ocrx_word' id='word_1_276' title='bbox 1534 1923 1594 1954; x_wconf 88' lang='lat' dir='ltr'>hac</span> 
     </span>
     <span class='ocr_line' id='line_1_49' title="bbox 930 1970 1594 2014; baseline 0 -11"><span class='ocrx_word' id='word_1_277' title='bbox 930 1982 961 2003; x_wconf 93' lang='lat' dir='ltr'>re</span> <span class='ocrx_word' id='word_1_278' title='bbox 976 1972 1134 2014; x_wconf 89' lang='lat' dir='ltr'>proprium</span> <span class='ocrx_word' id='word_1_279' title='bbox 1150 1985 1155 2002; x_wconf 93' lang='lat'>:</span> <span class='ocrx_word' id='word_1_280' title='bbox 1182 1970 1245 2003; x_wconf 90' lang='lat' dir='ltr'>vid.</span> <span class='ocrx_word' id='word_1_281' title='bbox 1262 1972 1301 2002; x_wconf 91' lang='lat' dir='ltr'>ad</span> <span class='ocrx_word' id='word_1_282' title='bbox 1315 1972 1357 2002; x_wconf 84' lang='lat' dir='ltr'>xi.</span> <span class='ocrx_word' id='word_1_283' title='bbox 1370 1973 1443 2003; x_wconf 87' lang='lat'>510.</span> <span class='ocrx_word' id='word_1_284' title='bbox 1480 1971 1594 2003; x_wconf 83' lang='lat' dir='ltr'>Inania</span> 
     </span>
     <span class='ocr_line' id='line_1_50' title="bbox 930 2020 1592 2057; baseline 0.002 -6"><span class='ocrx_word' id='word_1_285' title='bbox 930 2022 1068 2057; x_wconf 75' lang='lat' dir='ltr'>vulnera,</span> <span class='ocrx_word' id='word_1_286' title='bbox 1094 2032 1212 2052; x_wconf 86' lang='lat' dir='ltr'>morsus</span> <span class='ocrx_word' id='word_1_287' title='bbox 1234 2020 1356 2051; x_wconf 89' lang='lat' dir='ltr'>nullum</span> <span class='ocrx_word' id='word_1_288' title='bbox 1380 2021 1483 2052; x_wconf 88' lang='lat' dir='ltr'>dentis</span> <span class='ocrx_word' id='word_1_289' title='bbox 1498 2021 1592 2052; x_wconf 88' lang='lat' dir='ltr'>vesti-</span> 
     </span>
     <span class='ocr_line' id='line_1_51' title="bbox 929 2069 1594 2112; baseline 0.002 -11"><span class='ocrx_word' id='word_1_290' title='bbox 929 2070 1014 2111; x_wconf 84' lang='lat' dir='ltr'>gium</span> <span class='ocrx_word' id='word_1_291' title='bbox 1025 2069 1057 2100; x_wconf 90' lang='lat' dir='ltr'>in</span> <span class='ocrx_word' id='word_1_292' title='bbox 1065 2071 1143 2101; x_wconf 86' lang='lat' dir='ltr'>ferro</span> <span class='ocrx_word' id='word_1_293' title='bbox 1156 2069 1380 2112; x_wconf 58' lang='lat' dir='ltr'>relinquente&amp;</span> <span class='ocrx_word' id='word_1_294' title='bbox 1396 2070 1507 2112; x_wconf 74' lang='lat' dir='ltr'>Virgil.</span> <span class='ocrx_word' id='word_1_295' title='bbox 1518 2071 1594 2102; x_wconf 87' lang='lat' dir='ltr'>AEn.</span> 
     </span>
     <span class='ocr_line' id='line_1_52' title="bbox 930 2119 1592 2161; baseline 0.002 -12"><span class='ocrx_word' id='word_1_296' title='bbox 930 2119 1069 2151; x_wconf 82' lang='lat' dir='ltr'>xii.255.</span> <span class='ocrx_word' id='word_1_297' title='bbox 1084 2131 1196 2150; x_wconf 82' lang='lat' dir='ltr'>morsus</span> <span class='ocrx_word' id='word_1_298' title='bbox 1219 2121 1340 2156; x_wconf 72' lang='lat' dir='ltr'>inanis5</span> <span class='ocrx_word' id='word_1_299' title='bbox 1364 2125 1396 2150; x_wconf 91' lang='lat' dir='ltr'>et</span> <span class='ocrx_word' id='word_1_300' title='bbox 1421 2119 1503 2161; x_wconf 83' lang='lat' dir='ltr'>apud</span> <span class='ocrx_word' id='word_1_301' title='bbox 1525 2120 1592 2150; x_wconf 87' lang='lat' dir='ltr'>No-</span> 
     </span>
     <span class='ocr_line' id='line_1_53' title="bbox 928 2169 1593 2200; baseline 0 0"><span class='ocrx_word' id='word_1_302' title='bbox 928 2175 1026 2200; x_wconf 86' lang='lat' dir='ltr'>strum</span> <span class='ocrx_word' id='word_1_303' title='bbox 1055 2169 1107 2199; x_wconf 90' lang='lat' dir='ltr'>vii.</span> <span class='ocrx_word' id='word_1_304' title='bbox 1134 2170 1206 2200; x_wconf 87' lang='lat'><strong>786.</strong></span> <span class='ocrx_word' id='word_1_305' title='bbox 1234 2180 1346 2200; x_wconf 79' lang='lat' dir='ltr'>vacuus</span> <span class='ocrx_word' id='word_1_306' title='bbox 1374 2180 1495 2199; x_wconf 80' lang='lat' dir='ltr'>morsus.</span> <span class='ocrx_word' id='word_1_307' title='bbox 1541 2169 1593 2200; x_wconf 91' lang='lat' dir='ltr'>De</span> 
     </span>
     <span class='ocr_line' id='line_1_54' title="bbox 928 2217 1592 2254; baseline -0.002 -5"><span class='ocrx_word' id='word_1_308' title='bbox 928 2228 1031 2249; x_wconf 89' lang='lat' dir='ltr'>morsu</span> <span class='ocrx_word' id='word_1_309' title='bbox 1055 2218 1168 2249; x_wconf 90' lang='lat' dir='ltr'>vulnus</span> <span class='ocrx_word' id='word_1_310' title='bbox 1195 2218 1340 2254; x_wconf 83' lang='lat' dir='ltr'>faciente,</span> <span class='ocrx_word' id='word_1_311' title='bbox 1365 2219 1473 2248; x_wconf 70' lang='lat' dir='ltr'>vulnus</span> <span class='ocrx_word' id='word_1_312' title='bbox 1499 2217 1592 2248; x_wconf 84' lang='lat' dir='ltr'>etiam</span> 
     </span>
     <span class='ocr_line' id='line_1_55' title="bbox 930 2267 1211 2308; baseline 0.004 -11"><span class='ocrx_word' id='word_1_313' title='bbox 930 2267 983 2299; x_wconf 83' lang='lat' dir='ltr'>vii.</span> <span class='ocrx_word' id='word_1_314' title='bbox 999 2268 1072 2298; x_wconf 84' lang='lat'>782.</span> <span class='ocrx_word' id='word_1_315' title='bbox 1088 2267 1211 2308; x_wconf 85' lang='lat' dir='ltr'>legitur.</span> 
     </span>
    </p>

    <p class='ocr_par' dir='ltr' id='par_1_8' title="bbox 926 2315 1593 2742">
     <span class='ocr_line' id='line_1_56' title="bbox 973 2315 1593 2357; baseline -0.002 -10"><span class='ocrx_word' id='word_1_316' title='bbox 973 2316 1025 2347; x_wconf 90' lang='lat'>87.</span> <span class='ocrx_word' id='word_1_317' title='bbox 1043 2316 1124 2351; x_wconf 74' lang='lat' dir='ltr'>Quia</span> <span class='ocrx_word' id='word_1_318' title='bbox 1137 2327 1165 2347; x_wconf 87' lang='lat' dir='ltr'>se</span> <span class='ocrx_word' id='word_1_319' title='bbox 1177 2317 1358 2353; x_wconf 76' lang='lat' dir='ltr'>retrahebat,</span> <span class='ocrx_word' id='word_1_320' title='bbox 1371 2316 1449 2356; x_wconf 86' lang='lat' dir='ltr'>etc.]</span> <span class='ocrx_word' id='word_1_321' title='bbox 1477 2315 1593 2357; x_wconf 88' lang='lat' dir='ltr'>Incipit</span> 
     </span>
     <span class='ocr_line' id='line_1_57' title="bbox 929 2365 1593 2407; baseline 0.002 -12"><span class='ocrx_word' id='word_1_322' title='bbox 929 2376 1032 2396; x_wconf 89' lang='lat' dir='ltr'>rursus</span> <span class='ocrx_word' id='word_1_323' title='bbox 1044 2366 1257 2407; x_wconf 79' lang='grc' dir='ltr'>ταυτολογεῖν</span> <span class='ocrx_word' id='word_1_324' title='bbox 1270 2378 1276 2395; x_wconf 89' lang='grc'>;</span> <span class='ocrx_word' id='word_1_325' title='bbox 1295 2365 1410 2397; x_wconf 86' lang='lat' dir='ltr'>etenim</span> <span class='ocrx_word' id='word_1_326' title='bbox 1421 2365 1504 2395; x_wconf 84' lang='lat' dir='ltr'>idem</span> <span class='ocrx_word' id='word_1_327' title='bbox 1516 2375 1593 2406; x_wconf 90' lang='lat' dir='ltr'>qua—</span> 
     </span>
     <span class='ocr_line' id='line_1_58' title="bbox 927 2414 1593 2450; baseline -0.002 -6"><span class='ocrx_word' id='word_1_328' title='bbox 927 2419 972 2445; x_wconf 88' lang='lat' dir='ltr'>ter</span> <span class='ocrx_word' id='word_1_329' title='bbox 986 2414 1073 2450; x_wconf 89' lang='lat' dir='ltr'>dicit,</span> <span class='ocrx_word' id='word_1_330' title='bbox 1089 2425 1117 2444; x_wconf 85' lang='lat' dir='ltr'>se</span> <span class='ocrx_word' id='word_1_331' title='bbox 1142 2415 1322 2450; x_wconf 79' lang='lat' dir='ltr'>retrahebat,</span> <span class='ocrx_word' id='word_1_332' title='bbox 1339 2415 1415 2444; x_wconf 85' lang='lat' dir='ltr'>colla</span> <span class='ocrx_word' id='word_1_333' title='bbox 1435 2415 1526 2444; x_wconf 82' lang='lat' dir='ltr'>dabat</span> <span class='ocrx_word' id='word_1_334' title='bbox 1545 2425 1593 2444; x_wconf 83' lang='lat' dir='ltr'>re-</span> 
     </span>
     <span class='ocr_line' id='line_1_59' title="bbox 927 2463 1592 2505; baseline 0 -12"><span class='ocrx_word' id='word_1_335' title='bbox 927 2469 983 2499; x_wconf 80' lang='lat' dir='ltr'>tro,</span> <span class='ocrx_word' id='word_1_336' title='bbox 999 2469 1061 2494; x_wconf 90' lang='lat' dir='ltr'>etc.</span> <span class='ocrx_word' id='word_1_337' title='bbox 1100 2464 1226 2505; x_wconf 85' lang='lat' dir='ltr'>Proprie</span> <span class='ocrx_word' id='word_1_338' title='bbox 1243 2464 1304 2494; x_wconf 86' lang='lat' dir='ltr'>tela</span> <span class='ocrx_word' id='word_1_339' title='bbox 1320 2463 1468 2494; x_wconf 85' lang='lat' dir='ltr'>dicuntur</span> <span class='ocrx_word' id='word_1_340' title='bbox 1482 2464 1592 2501; x_wconf 84' lang='lat' dir='ltr'>sedere,</span> 
     </span>
     <span class='ocr_line' id='line_1_60' title="bbox 927 2511 1578 2553; baseline 0 -10"><span class='ocrx_word' id='word_1_341' title='bbox 927 2523 1023 2553; x_wconf 90' lang='lat' dir='ltr'>quum</span> <span class='ocrx_word' id='word_1_342' title='bbox 1052 2511 1195 2544; x_wconf 91' lang='lat' dir='ltr'>incidunt</span> <span class='ocrx_word' id='word_1_343' title='bbox 1226 2519 1257 2543; x_wconf 88' lang='lat' dir='ltr'>et</span> <span class='ocrx_word' id='word_1_344' title='bbox 1285 2513 1404 2544; x_wconf 85' lang='lat' dir='ltr'>haerent</span> <span class='ocrx_word' id='word_1_345' title='bbox 1432 2513 1463 2543; x_wconf 90' lang='lat' dir='ltr'>in</span> <span class='ocrx_word' id='word_1_346' title='bbox 1490 2519 1578 2543; x_wconf 87' lang='lat' dir='ltr'>scuto</span> 
     </span>
     <span class='ocr_line' id='line_1_61' title="bbox 927 2561 1590 2603; baseline -0.002 -11"><span class='ocrx_word' id='word_1_347' title='bbox 927 2561 1010 2592; x_wconf 86' lang='lat' dir='ltr'>Flor.</span> <span class='ocrx_word' id='word_1_348' title='bbox 1032 2562 1094 2592; x_wconf 87' lang='lat' dir='ltr'>IV.</span> <span class='ocrx_word' id='word_1_349' title='bbox 1120 2561 1154 2593; x_wconf 87' lang='lat' dir='ltr'>ii.</span> <span class='ocrx_word' id='word_1_350' title='bbox 1177 2563 1228 2592; x_wconf 89' lang='grc'>40.</span> <span class='ocrx_word' id='word_1_351' title='bbox 1274 2561 1356 2592; x_wconf 88' lang='lat' dir='ltr'>Hinc</span> <span class='ocrx_word' id='word_1_352' title='bbox 1380 2561 1475 2592; x_wconf 88' lang='lat' dir='ltr'>etiam</span> <span class='ocrx_word' id='word_1_353' title='bbox 1499 2563 1590 2603; x_wconf 81' lang='lat' dir='ltr'>plaga</span> 
     </span>
     <span class='ocr_line' id='line_1_62' title="bbox 926 2609 1589 2652; baseline -0.002 -11"><span class='ocrx_word' id='word_1_354' title='bbox 926 2613 1016 2647; x_wconf 81' lang='lat' dir='ltr'>sedet,</span> <span class='ocrx_word' id='word_1_355' title='bbox 1049 2609 1143 2641; x_wconf 85' lang='lat' dir='ltr'>altius</span> <span class='ocrx_word' id='word_1_356' title='bbox 1182 2610 1347 2642; x_wconf 85' lang='lat' dir='ltr'>descendit</span> <span class='ocrx_word' id='word_1_357' title='bbox 1374 2615 1406 2641; x_wconf 84' lang='lat' dir='ltr'>et</span> <span class='ocrx_word' id='word_1_358' title='bbox 1435 2616 1589 2652; x_wconf 84' lang='lat' dir='ltr'>penetrat.</span> 
     </span>
     <span class='ocr_line' id='line_1_63' title="bbox 929 2659 1591 2702; baseline 0 -12"><span class='ocrx_word' id='word_1_359' title='bbox 929 2660 1046 2700; x_wconf 81' lang='lat' dir='ltr'>Conjici</span> <span class='ocrx_word' id='word_1_360' title='bbox 1068 2659 1181 2691; x_wconf 88' lang='lat' dir='ltr'>dicitur</span> <span class='ocrx_word' id='word_1_361' title='bbox 1203 2660 1313 2696; x_wconf 86' lang='lat' dir='ltr'>culter,</span> <span class='ocrx_word' id='word_1_362' title='bbox 1336 2670 1433 2702; x_wconf 90' lang='lat' dir='ltr'>quum</span> <span class='ocrx_word' id='word_1_363' title='bbox 1456 2659 1591 2700; x_wconf 83' lang='lat' dir='ltr'>adigitur</span> 
     </span>
     <span class='ocr_line' id='line_1_64' title="bbox 927 2708 1588 2742; baseline 0 -2"><span class='ocrx_word' id='word_1_364' title='bbox 927 2721 977 2741; x_wconf 86' lang='lat' dir='ltr'>xv.</span> <span class='ocrx_word' id='word_1_365' title='bbox 999 2711 1073 2741; x_wconf 88' lang='lat'>735.</span> <span class='ocrx_word' id='word_1_366' title='bbox 1096 2709 1165 2741; x_wconf 86' lang='lat' dir='ltr'>}1.l.</span> <span class='ocrx_word' id='word_1_367' title='bbox 1187 2710 1316 2742; x_wconf 82' lang='lat' dir='ltr'>lancea:</span> <span class='ocrx_word' id='word_1_368' title='bbox 1348 2709 1418 2741; x_wconf 88' lang='lat' dir='ltr'>vide</span> <span class='ocrx_word' id='word_1_369' title='bbox 1439 2708 1588 2741; x_wconf 87' lang='lat' dir='ltr'>Gronovii</span> 
     </span>
    </p>
   </div>
   <div class='ocr_carea' id='block_1_6' title="bbox 879 2749 1158 2801">
    <p class='ocr_par' dir='ltr' id='par_1_9' title="bbox 879 2749 1158 2801">
     <span class='ocr_line' id='line_1_65' title="bbox 879 2749 1158 2801; baseline 0.004 -12"><span class='ocrx_word' id='word_1_370' title='bbox 879 2749 882 2753; x_wconf 87' lang='lat'>&#39;</span> <span class='ocrx_word' id='word_1_371' title='bbox 927 2759 1004 2790; x_wconf 88' lang='lat' dir='ltr'>Obs.</span> <span class='ocrx_word' id='word_1_372' title='bbox 1021 2759 1042 2790; x_wconf 86' lang='lat' dir='ltr'>i.</span> <span class='ocrx_word' id='word_1_373' title='bbox 1058 2770 1089 2801; x_wconf 83' lang='lat' dir='ltr'>p.</span> <span class='ocrx_word' id='word_1_374' title='bbox 1107 2760 1158 2791; x_wconf 87' lang='lat'>87.</span> 
     </span>
    </p>
   </div>
  </div>
 </body>
</html>
