<?xml version="1.0" encoding="UTF-8"?>
<!DOCTYPE html PUBLIC "-//W3C//DTD XHTML 1.0 Transitional//EN"
    "http://www.w3.org/TR/xhtml1/DTD/xhtml1-transitional.dtd">
<html xmlns="http://www.w3.org/1999/xhtml" xml:lang="en" lang="en">
 <head>
  <title>
</title>
<meta http-equiv="Content-Type" content="text/html;charset=utf-8" />
  <meta name='ocr-system' content='tesseract 3.04.00' />
  <meta name='ocr-capabilities' content='ocr_page ocr_carea ocr_par ocr_line ocrx_word'/>
</head>
<body>
  <div class='ocr_page' id='page_1' title='image "./povidiinasonisop03oviduoft_0237.png"; bbox 0 0 1763 3181; ppageno 0'>
   <div class='ocr_carea' id='block_1_1' title="bbox 385 203 1281 247">
    <p class='ocr_par' dir='ltr' id='par_1_1' title="bbox 385 203 1281 247">
     <span class='ocr_line' id='line_1_1' title="bbox 385 203 1281 247; baseline 0.001 -1"><span class='ocrx_word' id='word_1_1' title='bbox 385 203 1006 247; x_wconf 88' lang='lat' dir='ltr'><strong>METAMORPHOSEON</strong></span> <span class='ocrx_word' id='word_1_2' title='bbox 1038 204 1156 247; x_wconf 89' lang='lat' dir='ltr'>LIB.</span> <span class='ocrx_word' id='word_1_3' title='bbox 1190 205 1281 247; x_wconf 94' lang='lat' dir='ltr'>III.</span> 
     </span>
    </p>
   </div>
   <div class='ocr_carea' id='block_1_2' title="bbox 1439 206 1522 248">
    <p class='ocr_par' dir='ltr' id='par_1_2' title="bbox 1439 206 1522 248">
     <span class='ocr_line' id='line_1_2' title="bbox 1439 206 1522 248; baseline 0.012 -1"><span class='ocrx_word' id='word_1_4' title='bbox 1439 206 1522 248; x_wconf 75' lang='lat'>227</span> 
     </span>
    </p>
   </div>
   <div class='ocr_carea' id='block_1_3' title="bbox 144 319 1295 460">
    <p class='ocr_par' dir='ltr' id='par_1_3' title="bbox 144 319 1295 460">
     <span class='ocr_line' id='line_1_3' title="bbox 144 319 1295 368; baseline 0.001 -2"><span class='ocrx_word' id='word_1_5' title='bbox 144 319 267 367; x_wconf 90' lang='lat' dir='ltr'>Arte</span> <span class='ocrx_word' id='word_1_6' title='bbox 291 319 568 367; x_wconf 89' lang='lat' dir='ltr'>laboratum</span> <span class='ocrx_word' id='word_1_7' title='bbox 592 319 726 367; x_wconf 91' lang='lat' dir='ltr'>nulla</span> <span class='ocrx_word' id='word_1_8' title='bbox 747 336 756 366; x_wconf 92' lang='lat'>:</span> <span class='ocrx_word' id='word_1_9' title='bbox 798 319 1115 368; x_wconf 82' lang='lat' dir='ltr'>simulaverat</span> <span class='ocrx_word' id='word_1_10' title='bbox 1139 326 1295 368; x_wconf 87' lang='lat' dir='ltr'>artem</span> 
     </span>
     <span class='ocr_line' id='line_1_4' title="bbox 146 395 1218 460; baseline 0.002 -18"><span class='ocrx_word' id='word_1_11' title='bbox 146 395 352 459; x_wconf 83' lang='lat' dir='ltr'>Ingenio</span> <span class='ocrx_word' id='word_1_12' title='bbox 376 402 553 444; x_wconf 84' lang='lat' dir='ltr'>natura</span> <span class='ocrx_word' id='word_1_13' title='bbox 577 412 693 453; x_wconf 92' lang='lat' dir='ltr'>suo;</span> <span class='ocrx_word' id='word_1_14' title='bbox 732 412 847 443; x_wconf 91' lang='lat' dir='ltr'>nam</span> <span class='ocrx_word' id='word_1_15' title='bbox 872 396 1070 460; x_wconf 82' lang='lat' dir='ltr'>pumice</span> <span class='ocrx_word' id='word_1_16' title='bbox 1094 396 1218 453; x_wconf 87' lang='lat' dir='ltr'>vivo,</span> 
     </span>
    </p>
   </div>
   <div class='ocr_carea' id='block_1_4' title="bbox 146 473 1304 538">
    <p class='ocr_par' dir='ltr' id='par_1_4' title="bbox 146 473 1304 538">
     <span class='ocr_line' id='line_1_5' title="bbox 146 473 1304 538; baseline 0 -17"><span class='ocrx_word' id='word_1_17' title='bbox 146 473 213 521; x_wconf 91' lang='lat' dir='ltr'>Et</span> <span class='ocrx_word' id='word_1_18' title='bbox 234 474 423 522; x_wconf 87' lang='lat' dir='ltr'>levibus</span> <span class='ocrx_word' id='word_1_19' title='bbox 449 474 616 538; x_wconf 89' lang='lat' dir='ltr'>tophis</span> <span class='ocrx_word' id='word_1_20' title='bbox 641 474 862 521; x_wconf 87' lang='lat' dir='ltr'>nativum</span> <span class='ocrx_word' id='word_1_21' title='bbox 886 474 1097 521; x_wconf 86' lang='lat' dir='ltr'>duxerat</span> <span class='ocrx_word' id='word_1_22' title='bbox 1120 489 1304 521; x_wconf 89' lang='lat' dir='ltr'>arcum.</span> 
     </span>
    </p>
   </div>
   <div class='ocr_carea' id='block_1_5' title="bbox 1434 478 1525 522">
    <p class='ocr_par' dir='ltr' id='par_1_5' title="bbox 1434 478 1525 522">
     <span class='ocr_line' id='line_1_6' title="bbox 1434 478 1525 522; baseline 0.011 -1"><span class='ocrx_word' id='word_1_23' title='bbox 1434 478 1525 522; x_wconf 87' lang='lat'>160</span> 
     </span>
    </p>
   </div>
   <div class='ocr_carea' id='block_1_6' title="bbox 144 551 1523 1000">
    <p class='ocr_par' dir='ltr' id='par_1_6' title="bbox 146 551 1360 692">
     <span class='ocr_line' id='line_1_7' title="bbox 147 551 1360 616; baseline 0 -18"><span class='ocrx_word' id='word_1_24' title='bbox 147 551 276 599; x_wconf 90' lang='lat' dir='ltr'>Fons</span> <span class='ocrx_word' id='word_1_25' title='bbox 303 559 446 600; x_wconf 87' lang='lat' dir='ltr'>sonat</span> <span class='ocrx_word' id='word_1_26' title='bbox 470 569 499 600; x_wconf 88' lang='lat' dir='ltr'>a</span> <span class='ocrx_word' id='word_1_27' title='bbox 522 552 714 608; x_wconf 84' lang='lat' dir='ltr'>dextra,</span> <span class='ocrx_word' id='word_1_28' title='bbox 742 552 879 600; x_wconf 88' lang='lat' dir='ltr'>tenui</span> <span class='ocrx_word' id='word_1_29' title='bbox 903 551 1188 616; x_wconf 90' lang='lat' dir='ltr'>perlucidus</span> <span class='ocrx_word' id='word_1_30' title='bbox 1212 551 1360 607; x_wconf 89' lang='lat' dir='ltr'>unda,</span> 
     </span>
     <span class='ocr_line' id='line_1_8' title="bbox 146 626 1344 692; baseline 0.001 -18"><span class='ocrx_word' id='word_1_31' title='bbox 146 626 373 690; x_wconf 83' lang='lat' dir='ltr'>Margine</span> <span class='ocrx_word' id='word_1_32' title='bbox 398 628 649 691; x_wconf 86' lang='lat' dir='ltr'>gramineo</span> <span class='ocrx_word' id='word_1_33' title='bbox 675 629 872 692; x_wconf 89' lang='lat' dir='ltr'>patulos</span> <span class='ocrx_word' id='word_1_34' title='bbox 898 628 1142 675; x_wconf 82' lang='lat' dir='ltr'>incinctus</span> <span class='ocrx_word' id='word_1_35' title='bbox 1163 628 1344 675; x_wconf 70' lang='lat' dir='ltr'>hiatus</span> 
     </span>
    </p>

    <p class='ocr_par' dir='ltr' id='par_1_7' title="bbox 144 703 1249 846">
     <span class='ocr_line' id='line_1_9' title="bbox 145 703 1245 761; baseline 0.002 -11"><span class='ocrx_word' id='word_1_36' title='bbox 145 703 243 751; x_wconf 91' lang='lat' dir='ltr'>Hic</span> <span class='ocrx_word' id='word_1_37' title='bbox 270 704 380 752; x_wconf 92' lang='lat' dir='ltr'>Dea</span> <span class='ocrx_word' id='word_1_38' title='bbox 404 705 635 752; x_wconf 87' lang='lat' dir='ltr'>silvarum</span> <span class='ocrx_word' id='word_1_39' title='bbox 658 711 840 752; x_wconf 83' lang='lat' dir='ltr'>venatu</span> <span class='ocrx_word' id='word_1_40' title='bbox 864 704 1010 761; x_wconf 85' lang='lat' dir='ltr'>fessa,</span> <span class='ocrx_word' id='word_1_41' title='bbox 1037 705 1245 752; x_wconf 79' lang='lat' dir='ltr'><strong>solebat.</strong></span> 
     </span>
     <span class='ocr_line' id='line_1_10' title="bbox 144 780 1249 846; baseline 0.003 -20"><span class='ocrx_word' id='word_1_42' title='bbox 144 780 405 843; x_wconf 82' lang='lat' dir='ltr'>Virgineos</span> <span class='ocrx_word' id='word_1_43' title='bbox 432 787 565 829; x_wconf 89' lang='lat' dir='ltr'>artus</span> <span class='ocrx_word' id='word_1_44' title='bbox 589 782 779 845; x_wconf 91' lang='lat' dir='ltr'>liquido</span> <span class='ocrx_word' id='word_1_45' title='bbox 805 781 1100 846; x_wconf 88' lang='lat' dir='ltr'>perfundere</span> <span class='ocrx_word' id='word_1_46' title='bbox 1126 798 1249 829; x_wconf 86' lang='lat' dir='ltr'>rore.</span> 
     </span>
    </p>

    <p class='ocr_par' dir='ltr' id='par_1_8' title="bbox 144 856 1523 1000">
     <span class='ocr_line' id='line_1_11' title="bbox 146 856 1522 923; baseline 0.001 -18"><span class='ocrx_word' id='word_1_47' title='bbox 146 856 258 911; x_wconf 83' lang='lat' dir='ltr'>Quo</span> <span class='ocrx_word' id='word_1_48' title='bbox 273 866 539 922; x_wconf 82' lang='lat' dir='ltr'><strong>postquam</strong></span> <span class='ocrx_word' id='word_1_49' title='bbox 560 860 726 916; x_wconf 86' lang='lat' dir='ltr'>subiit,</span> <span class='ocrx_word' id='word_1_50' title='bbox 742 859 1090 923; x_wconf 83' lang='lat' dir='ltr'>Nympharum</span> <span class='ocrx_word' id='word_1_51' title='bbox 1105 859 1308 906; x_wconf 81' lang='lat' dir='ltr'>tradidit</span> <span class='ocrx_word' id='word_1_52' title='bbox 1323 860 1406 906; x_wconf 90' lang='lat' dir='ltr'>uni</span> <span class='ocrx_word' id='word_1_53' title='bbox 1432 863 1522 908; x_wconf 87' lang='grc'>165</span> 
     </span>
     <span class='ocr_line' id='line_1_12' title="bbox 144 933 1523 1000; baseline 0.004 -20"><span class='ocrx_word' id='word_1_54' title='bbox 144 933 415 998; x_wconf 86' lang='lat' dir='ltr'>Armigerae</span> <span class='ocrx_word' id='word_1_55' title='bbox 424 936 663 999; x_wconf 84' lang='lat' dir='ltr'>jaculum,</span> <span class='ocrx_word' id='word_1_56' title='bbox 680 936 1079 1000; x_wconf 80' lang='lat' dir='ltr'>pharetramque,</span> <span class='ocrx_word' id='word_1_57' title='bbox 1098 952 1344 1000; x_wconf 87' lang='lat' dir='ltr'>arcusque</span> <span class='ocrx_word' id='word_1_58' title='bbox 1362 944 1523 985; x_wconf 90' lang='lat' dir='ltr'>reten-</span> 
     </span>
    </p>
   </div>
   <div class='ocr_carea' id='block_1_7' title="bbox 144 1009 1230 1076">
    <p class='ocr_par' dir='ltr' id='par_1_9' title="bbox 144 1009 1230 1076">
     <span class='ocr_line' id='line_1_13' title="bbox 144 1009 1230 1076; baseline 0.003 -19"><span class='ocrx_word' id='word_1_59' title='bbox 144 1009 317 1060; x_wconf 89' lang='lat' dir='ltr'>Altera</span> <span class='ocrx_word' id='word_1_60' title='bbox 340 1010 579 1076; x_wconf 78' lang='lat' dir='ltr'>depositae</span> <span class='ocrx_word' id='word_1_61' title='bbox 605 1013 819 1076; x_wconf 87' lang='lat' dir='ltr'>subjecit</span> <span class='ocrx_word' id='word_1_62' title='bbox 842 1013 1045 1060; x_wconf 86' lang='lat' dir='ltr'>brachia</span> <span class='ocrx_word' id='word_1_63' title='bbox 1068 1014 1230 1076; x_wconf 77' lang='lat' dir='ltr'>pallae.</span> 
     </span>
    </p>
   </div>
   <div class='ocr_carea' id='block_1_8' title="bbox 142 1187 804 2710">
    <p class='ocr_par' dir='ltr' id='par_1_10' title="bbox 142 1187 804 2710">
     <span class='ocr_line' id='line_1_14' title="bbox 145 1187 803 1231; baseline 0.005 -13"><span class='ocrx_word' id='word_1_64' title='bbox 145 1187 298 1219; x_wconf 85' lang='lat' dir='ltr'>Simulata</span> <span class='ocrx_word' id='word_1_65' title='bbox 322 1189 406 1231; x_wconf 87' lang='lat' dir='ltr'>apud</span> <span class='ocrx_word' id='word_1_66' title='bbox 432 1188 536 1220; x_wconf 85' lang='lat' dir='ltr'>Cicer.</span> <span class='ocrx_word' id='word_1_67' title='bbox 562 1190 607 1220; x_wconf 87' lang='lat' dir='ltr'>N.</span> <span class='ocrx_word' id='word_1_68' title='bbox 630 1189 673 1220; x_wconf 93' lang='lat' dir='ltr'>D.</span> <span class='ocrx_word' id='word_1_69' title='bbox 693 1189 726 1220; x_wconf 90' lang='lat' dir='ltr'>ii.</span> <span class='ocrx_word' id='word_1_70' title='bbox 751 1191 803 1222; x_wconf 87' lang='lat'>35.</span> 
     </span>
     <span class='ocr_line' id='line_1_15' title="bbox 145 1237 804 1281; baseline 0.003 -13"><span class='ocrx_word' id='word_1_71' title='bbox 145 1247 216 1278; x_wconf 89' lang='lat' dir='ltr'>quae</span> <span class='ocrx_word' id='word_1_72' title='bbox 244 1237 285 1268; x_wconf 87' lang='lat' dir='ltr'>ad</span> <span class='ocrx_word' id='word_1_73' title='bbox 313 1238 490 1280; x_wconf 84' lang='lat' dir='ltr'>exemplum</span> <span class='ocrx_word' id='word_1_74' title='bbox 516 1244 633 1269; x_wconf 89' lang='lat' dir='ltr'>naturae</span> <span class='ocrx_word' id='word_1_75' title='bbox 658 1249 804 1281; x_wconf 87' lang='lat' dir='ltr'>expressa</span> 
     </span>
     <span class='ocr_line' id='line_1_16' title="bbox 144 1287 804 1329; baseline 0.005 -13"><span class='ocrx_word' id='word_1_76' title='bbox 144 1292 226 1317; x_wconf 84' lang='lat' dir='ltr'>sunt.</span> <span class='ocrx_word' id='word_1_77' title='bbox 272 1287 435 1329; x_wconf 77' lang='lat' dir='ltr'>Ingenium</span> <span class='ocrx_word' id='word_1_78' title='bbox 460 1289 537 1318; x_wconf 85' lang='lat' dir='ltr'>bene</span> <span class='ocrx_word' id='word_1_79' title='bbox 567 1288 712 1319; x_wconf 84' lang='lat' dir='ltr'>tribuitur</span> <span class='ocrx_word' id='word_1_80' title='bbox 736 1289 804 1319; x_wconf 88' lang='lat' dir='ltr'>Na-</span> 
     </span>
     <span class='ocr_line' id='line_1_17' title="bbox 145 1336 804 1380; baseline 0.005 -14"><span class='ocrx_word' id='word_1_81' title='bbox 145 1340 221 1366; x_wconf 86' lang='lat' dir='ltr'>turae</span> <span class='ocrx_word' id='word_1_82' title='bbox 243 1336 375 1368; x_wconf 90' lang='lat' dir='ltr'>ludenti.</span> <span class='ocrx_word' id='word_1_83' title='bbox 423 1337 549 1374; x_wconf 65' lang='lat' dir='ltr'>Puram,</span> <span class='ocrx_word' id='word_1_84' title='bbox 567 1338 646 1380; x_wconf 87' lang='lat' dir='ltr'>lapis</span> <span class='ocrx_word' id='word_1_85' title='bbox 663 1347 758 1369; x_wconf 88' lang='lat' dir='ltr'>cavus</span> <span class='ocrx_word' id='word_1_86' title='bbox 772 1344 804 1369; x_wconf 89' lang='lat' dir='ltr'>et</span> 
     </span>
     <span class='ocr_line' id='line_1_18' title="bbox 144 1384 803 1427; baseline 0.005 -12"><span class='ocrx_word' id='word_1_87' title='bbox 144 1384 296 1426; x_wconf 85' lang='lat' dir='ltr'>pendens,</span> <span class='ocrx_word' id='word_1_88' title='bbox 317 1385 371 1427; x_wconf 90' lang='lat' dir='ltr'>qui</span> <span class='ocrx_word' id='word_1_89' title='bbox 396 1385 489 1417; x_wconf 84' lang='lat' dir='ltr'>facile</span> <span class='ocrx_word' id='word_1_90' title='bbox 513 1386 652 1417; x_wconf 82' lang='lat' dir='ltr'>imitatur</span> <span class='ocrx_word' id='word_1_91' title='bbox 674 1387 803 1418; x_wconf 85' lang='lat' dir='ltr'>formam</span> 
     </span>
     <span class='ocr_line' id='line_1_19' title="bbox 145 1437 803 1478; baseline 0.006 -14"><span class='ocrx_word' id='word_1_92' title='bbox 145 1439 302 1465; x_wconf 89' lang='lat' dir='ltr'>antrorum</span> <span class='ocrx_word' id='word_1_93' title='bbox 325 1440 357 1466; x_wconf 93' lang='lat' dir='ltr'>et</span> <span class='ocrx_word' id='word_1_94' title='bbox 380 1445 519 1467; x_wconf 88' lang='lat' dir='ltr'>arcuum.</span> <span class='ocrx_word' id='word_1_95' title='bbox 561 1437 663 1472; x_wconf 80' lang='lat' dir='ltr'>Vivus,</span> <span class='ocrx_word' id='word_1_96' title='bbox 680 1447 716 1467; x_wconf 86' lang='lat' dir='ltr'>eo</span> <span class='ocrx_word' id='word_1_97' title='bbox 737 1437 803 1478; x_wconf 86' lang='lat' dir='ltr'>ipso</span> 
     </span>
     <span class='ocr_line' id='line_1_20' title="bbox 145 1483 803 1527; baseline 0.003 -13"><span class='ocrx_word' id='word_1_98' title='bbox 145 1483 213 1514; x_wconf 88' lang='lat' dir='ltr'>loco</span> <span class='ocrx_word' id='word_1_99' title='bbox 242 1490 344 1515; x_wconf 87' lang='lat' dir='ltr'>natus.</span> <span class='ocrx_word' id='word_1_100' title='bbox 391 1484 507 1524; x_wconf 84' lang='lat' dir='ltr'>Tophus</span> <span class='ocrx_word' id='word_1_101' title='bbox 530 1485 625 1516; x_wconf 89' lang='lat' dir='ltr'>oritur</span> <span class='ocrx_word' id='word_1_102' title='bbox 648 1496 686 1516; x_wconf 89' lang='lat' dir='ltr'>ex</span> <span class='ocrx_word' id='word_1_103' title='bbox 714 1486 803 1527; x_wconf 87' lang='lat' dir='ltr'>aquis</span> 
     </span>
     <span class='ocr_line' id='line_1_21' title="bbox 145 1532 803 1567; baseline 0.005 -4"><span class='ocrx_word' id='word_1_104' title='bbox 145 1543 216 1564; x_wconf 90' lang='lat' dir='ltr'>cum</span> <span class='ocrx_word' id='word_1_105' title='bbox 245 1532 332 1564; x_wconf 88' lang='lat' dir='ltr'>calce</span> <span class='ocrx_word' id='word_1_106' title='bbox 368 1533 474 1564; x_wconf 86' lang='lat' dir='ltr'>mixtis</span> <span class='ocrx_word' id='word_1_107' title='bbox 502 1540 533 1565; x_wconf 89' lang='lat' dir='ltr'>et</span> <span class='ocrx_word' id='word_1_108' title='bbox 561 1535 803 1567; x_wconf 83' lang='lat' dir='ltr'>destillantibus.</span> 
     </span>
     <span class='ocr_line' id='line_1_22' title="bbox 143 1583 802 1627; baseline 0.005 -14"><span class='ocrx_word' id='word_1_109' title='bbox 143 1583 278 1613; x_wconf 83' lang='lat' dir='ltr'>Simulat</span> <span class='ocrx_word' id='word_1_110' title='bbox 297 1589 402 1614; x_wconf 86' lang='lat' dir='ltr'>autem</span> <span class='ocrx_word' id='word_1_111' title='bbox 422 1583 471 1614; x_wconf 86' lang='lat' dir='ltr'>hic</span> <span class='ocrx_word' id='word_1_112' title='bbox 491 1584 571 1626; x_wconf 86' lang='lat' dir='ltr'>lapis</span> <span class='ocrx_word' id='word_1_113' title='bbox 592 1585 685 1615; x_wconf 87' lang='lat' dir='ltr'>miras</span> <span class='ocrx_word' id='word_1_114' title='bbox 705 1596 802 1627; x_wconf 64' lang='lat' dir='ltr'>saepe-</span> 
     </span>
     <span class='ocr_line' id='line_1_23' title="bbox 145 1632 803 1674; baseline 0.005 -12"><span class='ocrx_word' id='word_1_115' title='bbox 145 1643 272 1663; x_wconf 85' lang='lat' dir='ltr'>numero</span> <span class='ocrx_word' id='word_1_116' title='bbox 294 1632 419 1674; x_wconf 85' lang='lat' dir='ltr'>figuras,</span> <span class='ocrx_word' id='word_1_117' title='bbox 434 1639 469 1664; x_wconf 92' lang='lat' dir='ltr'>ut</span> <span class='ocrx_word' id='word_1_118' title='bbox 484 1634 534 1664; x_wconf 92' lang='lat' dir='ltr'>vel</span> <span class='ocrx_word' id='word_1_119' title='bbox 561 1634 803 1665; x_wconf 83' lang='lat' dir='ltr'>Baumanniana</span> 
     </span>
     <span class='ocr_line' id='line_1_24' title="bbox 143 1682 802 1725; baseline 0.003 -13"><span class='ocrx_word' id='word_1_120' title='bbox 143 1682 290 1724; x_wconf 86' lang='lat' dir='ltr'>spelunca</span> <span class='ocrx_word' id='word_1_121' title='bbox 302 1693 456 1724; x_wconf 85' lang='lat' dir='ltr'>quemque</span> <span class='ocrx_word' id='word_1_122' title='bbox 469 1682 579 1714; x_wconf 90' lang='lat' dir='ltr'>docere</span> <span class='ocrx_word' id='word_1_123' title='bbox 590 1689 701 1725; x_wconf 87' lang='lat' dir='ltr'>potest.</span> <span class='ocrx_word' id='word_1_124' title='bbox 722 1684 802 1714; x_wconf 90' lang='lat' dir='ltr'>Tum</span> 
     </span>
     <span class='ocr_line' id='line_1_25' title="bbox 143 1732 800 1772; baseline 0.005 -11"><span class='ocrx_word' id='word_1_125' title='bbox 143 1733 274 1771; x_wconf 86' lang='lat' dir='ltr'>pumices</span> <span class='ocrx_word' id='word_1_126' title='bbox 301 1737 333 1762; x_wconf 87' lang='lat' dir='ltr'>et</span> <span class='ocrx_word' id='word_1_127' title='bbox 362 1733 440 1772; x_wconf 76' lang='lat' dir='ltr'>tophi</span> <span class='ocrx_word' id='word_1_128' title='bbox 467 1732 592 1763; x_wconf 89' lang='lat' dir='ltr'>omnino</span> <span class='ocrx_word' id='word_1_129' title='bbox 619 1738 691 1763; x_wconf 90' lang='lat' dir='ltr'>sunt</span> <span class='ocrx_word' id='word_1_130' title='bbox 713 1744 800 1770; x_wconf 85' lang='lat' dir='ltr'>saxa,</span> 
     </span>
     <span class='ocr_line' id='line_1_26' title="bbox 145 1780 803 1823; baseline 0.003 -12"><span class='ocrx_word' id='word_1_131' title='bbox 145 1780 259 1822; x_wconf 88' lang='lat' dir='ltr'>quibus</span> <span class='ocrx_word' id='word_1_132' title='bbox 282 1781 421 1812; x_wconf 89' lang='lat' dir='ltr'>Dearum</span> <span class='ocrx_word' id='word_1_133' title='bbox 446 1781 726 1823; x_wconf 85' lang='lat' dir='ltr'>Nympharumque</span> <span class='ocrx_word' id='word_1_134' title='bbox 749 1793 803 1813; x_wconf 90' lang='lat' dir='ltr'>an-</span> 
     </span>
     <span class='ocr_line' id='line_1_27' title="bbox 145 1831 802 1872; baseline 0.003 -12"><span class='ocrx_word' id='word_1_135' title='bbox 145 1835 192 1861; x_wconf 86' lang='lat' dir='ltr'>tra</span> <span class='ocrx_word' id='word_1_136' title='bbox 218 1834 396 1861; x_wconf 83' lang='lat' dir='ltr'>constructa</span> <span class='ocrx_word' id='word_1_137' title='bbox 418 1831 627 1872; x_wconf 79' lang='lat' dir='ltr'>fingebantur.</span> <span class='ocrx_word' id='word_1_138' title='bbox 650 1831 714 1861; x_wconf 82' lang='lat' dir='ltr'>viii.</span> <span class='ocrx_word' id='word_1_139' title='bbox 740 1833 802 1870; x_wconf 80' lang='lat'>563</span> 
     </span>
     <span class='ocr_line' id='line_1_28' title="bbox 145 1879 802 1912; baseline 0.003 -2"><span class='ocrx_word' id='word_1_140' title='bbox 145 1890 176 1911; x_wconf 84' lang='lat' dir='ltr'>x.</span> <span class='ocrx_word' id='word_1_141' title='bbox 201 1880 275 1910; x_wconf 81' lang='lat'>692.</span> <span class='ocrx_word' id='word_1_142' title='bbox 306 1879 352 1910; x_wconf 87' lang='lat' dir='ltr'>II.</span> <span class='ocrx_word' id='word_1_143' title='bbox 378 1880 463 1911; x_wconf 83' lang='lat' dir='ltr'>Fast.</span> <span class='ocrx_word' id='word_1_144' title='bbox 485 1881 567 1912; x_wconf 87' lang='lat'>315:</span> <span class='ocrx_word' id='word_1_145' title='bbox 595 1881 695 1911; x_wconf 67' lang='lat' dir='ltr'>Antra</span> <span class='ocrx_word' id='word_1_146' title='bbox 724 1883 802 1912; x_wconf 80' lang='lat' dir='ltr'>subit</span> 
     </span>
     <span class='ocr_line' id='line_1_29' title="bbox 146 1930 802 1970; baseline 0.003 -11"><span class='ocrx_word' id='word_1_147' title='bbox 146 1930 239 1969; x_wconf 82' lang='lat' dir='ltr'>tophis</span> <span class='ocrx_word' id='word_1_148' title='bbox 265 1930 459 1970; x_wconf 77' lang='lat' dir='ltr'>laqueataque</span> <span class='ocrx_word' id='word_1_149' title='bbox 480 1931 596 1969; x_wconf 80' lang='lat' dir='ltr'>pumice</span> <span class='ocrx_word' id='word_1_150' title='bbox 616 1931 690 1960; x_wconf 83' lang='lat' dir='ltr'>vivo.</span> <span class='ocrx_word' id='word_1_151' title='bbox 719 1930 802 1962; x_wconf 87' lang='lat' dir='ltr'>Plin.</span> 
     </span>
     <span class='ocr_line' id='line_1_30' title="bbox 146 1978 802 2019; baseline 0.002 -9"><span class='ocrx_word' id='word_1_152' title='bbox 146 1978 252 2010; x_wconf 85' lang='lat' dir='ltr'>xxxvi.</span> <span class='ocrx_word' id='word_1_153' title='bbox 267 1979 306 2009; x_wconf 83' lang='lat'>21</span> <span class='ocrx_word' id='word_1_154' title='bbox 320 1990 326 2008; x_wconf 92' lang='lat'>:</span> <span class='ocrx_word' id='word_1_155' title='bbox 355 1979 424 2009; x_wconf 74' lang='lat' dir='ltr'>Nou</span> <span class='ocrx_word' id='word_1_156' title='bbox 441 1981 698 2019; x_wconf 79' lang='lat' dir='ltr'>praetermitteuda</span> <span class='ocrx_word' id='word_1_157' title='bbox 719 1986 760 2011; x_wconf 81' lang='lat' dir='ltr'>est</span> <span class='ocrx_word' id='word_1_158' title='bbox 774 1987 802 2011; x_wconf 83' lang='lat' dir='ltr'>et</span> 
     </span>
     <span class='ocr_line' id='line_1_31' title="bbox 142 2029 803 2070; baseline 0.003 -12"><span class='ocrx_word' id='word_1_159' title='bbox 142 2029 295 2067; x_wconf 80' lang='lat' dir='ltr'>pumicum</span> <span class='ocrx_word' id='word_1_160' title='bbox 310 2034 434 2058; x_wconf 80' lang='lat' dir='ltr'>natura.</span> <span class='ocrx_word' id='word_1_161' title='bbox 470 2029 672 2068; x_wconf 79' lang='lat' dir='ltr'>Appellantur</span> <span class='ocrx_word' id='word_1_162' title='bbox 687 2032 803 2070; x_wconf 81' lang='lat' dir='ltr'>quidem</span> 
     </span>
     <span class='ocr_line' id='line_1_32' title="bbox 145 2078 804 2119; baseline 0.003 -12"><span class='ocrx_word' id='word_1_163' title='bbox 145 2079 190 2108; x_wconf 83' lang='lat' dir='ltr'>ita</span> <span class='ocrx_word' id='word_1_164' title='bbox 212 2083 240 2107; x_wconf 87' lang='lat' dir='ltr'>et</span> <span class='ocrx_word' id='word_1_165' title='bbox 260 2088 341 2108; x_wconf 81' lang='lat' dir='ltr'>erosa</span> <span class='ocrx_word' id='word_1_166' title='bbox 361 2088 432 2108; x_wconf 69' lang='lat' dir='ltr'>saia</span> <span class='ocrx_word' id='word_1_167' title='bbox 448 2079 480 2108; x_wconf 84' lang='lat' dir='ltr'>in</span> <span class='ocrx_word' id='word_1_168' title='bbox 495 2078 638 2118; x_wconf 65' lang='lat' dir='ltr'>adificiis,</span> <span class='ocrx_word' id='word_1_169' title='bbox 656 2091 718 2119; x_wconf 82' lang='lat' dir='ltr'>quae</span> <span class='ocrx_word' id='word_1_170' title='bbox 738 2090 804 2109; x_wconf 87' lang='lat' dir='ltr'>mu-</span> 
     </span>
     <span class='ocr_line' id='line_1_33' title="bbox 145 2129 804 2169; baseline 0.003 -12"><span class='ocrx_word' id='word_1_171' title='bbox 145 2138 193 2158; x_wconf 87' lang='lat' dir='ltr'>sea</span> <span class='ocrx_word' id='word_1_172' title='bbox 215 2133 332 2163; x_wconf 81' lang='lat' dir='ltr'>vocant,</span> <span class='ocrx_word' id='word_1_173' title='bbox 354 2129 563 2166; x_wconf 78' lang='lat' dir='ltr'>dependentia,</span> <span class='ocrx_word' id='word_1_174' title='bbox 581 2130 619 2158; x_wconf 83' lang='lat' dir='ltr'>ad</span> <span class='ocrx_word' id='word_1_175' title='bbox 645 2129 804 2169; x_wconf 77' lang='lat' dir='ltr'>imaginem</span> 
     </span>
     <span class='ocr_line' id='line_1_34' title="bbox 145 2176 801 2216; baseline 0.003 -10"><span class='ocrx_word' id='word_1_176' title='bbox 145 2187 247 2216; x_wconf 82' lang='lat' dir='ltr'>specus</span> <span class='ocrx_word' id='word_1_177' title='bbox 270 2183 336 2206; x_wconf 82' lang='lat' dir='ltr'>arte</span> <span class='ocrx_word' id='word_1_178' title='bbox 360 2177 554 2207; x_wconf 77' lang='lat' dir='ltr'>reddendam.</span> <span class='ocrx_word' id='word_1_179' title='bbox 591 2176 751 2213; x_wconf 80' lang='lat' dir='ltr'>Nutivum,</span> <span class='ocrx_word' id='word_1_180' title='bbox 783 2188 801 2208; x_wconf 90' lang='lat' dir='ltr'>a</span> 
     </span>
     <span class='ocr_line' id='line_1_35' title="bbox 146 2224 801 2267; baseline 0.003 -12"><span class='ocrx_word' id='word_1_181' title='bbox 146 2231 256 2255; x_wconf 88' lang='lat' dir='ltr'>natura</span> <span class='ocrx_word' id='word_1_182' title='bbox 271 2224 399 2256; x_wconf 85' lang='lat' dir='ltr'>factum.</span> <span class='ocrx_word' id='word_1_183' title='bbox 437 2225 514 2255; x_wconf 79' lang='lat' dir='ltr'>Fons</span> <span class='ocrx_word' id='word_1_184' title='bbox 530 2225 588 2256; x_wconf 84' lang='lat' dir='ltr'>fuit</span> <span class='ocrx_word' id='word_1_185' title='bbox 609 2225 641 2256; x_wconf 90' lang='lat' dir='ltr'>in</span> <span class='ocrx_word' id='word_1_186' title='bbox 660 2225 725 2267; x_wconf 90' lang='lat' dir='ltr'>ipso</span> <span class='ocrx_word' id='word_1_187' title='bbox 745 2237 801 2257; x_wconf 90' lang='lat' dir='ltr'>an-</span> 
     </span>
     <span class='ocr_line' id='line_1_36' title="bbox 147 2274 799 2316; baseline 0 -11"><span class='ocrx_word' id='word_1_188' title='bbox 147 2279 204 2310; x_wconf 88' lang='lat' dir='ltr'>tro,</span> <span class='ocrx_word' id='word_1_189' title='bbox 220 2285 284 2305; x_wconf 90' lang='lat' dir='ltr'>ver.</span> <span class='ocrx_word' id='word_1_190' title='bbox 306 2275 377 2305; x_wconf 91' lang='lat'>177.</span> <span class='ocrx_word' id='word_1_191' title='bbox 401 2274 519 2316; x_wconf 87' lang='lat' dir='ltr'>Hygin.</span> <span class='ocrx_word' id='word_1_192' title='bbox 546 2275 610 2305; x_wconf 87' lang='lat' dir='ltr'>fab.</span> <span class='ocrx_word' id='word_1_193' title='bbox 634 2276 706 2306; x_wconf 85' lang='lat'>181.</span> <span class='ocrx_word' id='word_1_194' title='bbox 730 2286 799 2306; x_wconf 92' lang='lat' dir='ltr'>eum</span> 
     </span>
     <span class='ocr_line' id='line_1_37' title="bbox 146 2323 801 2355; baseline 0.002 -1"><span class='ocrx_word' id='word_1_195' title='bbox 146 2329 238 2354; x_wconf 88' lang='lat' dir='ltr'>vocat</span> <span class='ocrx_word' id='word_1_196' title='bbox 254 2323 465 2354; x_wconf 76' lang='lat' dir='ltr'>Parthenium.</span> <span class='ocrx_word' id='word_1_197' title='bbox 489 2323 624 2355; x_wconf 87' lang='lat' dir='ltr'>Pausan.</span> <span class='ocrx_word' id='word_1_198' title='bbox 646 2324 678 2354; x_wconf 91' lang='lat' dir='ltr'>in</span> <span class='ocrx_word' id='word_1_199' title='bbox 698 2325 801 2355; x_wconf 87' lang='lat' dir='ltr'>Boeot.</span> 
     </span>
     <span class='ocr_line' id='line_1_38' title="bbox 146 2373 801 2416; baseline 0.002 -13"><span class='ocrx_word' id='word_1_200' title='bbox 146 2383 176 2414; x_wconf 85' lang='lat' dir='ltr'>p.</span> <span class='ocrx_word' id='word_1_201' title='bbox 192 2373 265 2404; x_wconf 89' lang='lat'>714.</span> <span class='ocrx_word' id='word_1_202' title='bbox 288 2378 402 2409; x_wconf 86' lang='lat' dir='ltr'>narrat,</span> <span class='ocrx_word' id='word_1_203' title='bbox 417 2373 557 2414; x_wconf 84' lang='lat' dir='ltr'>Megaris</span> <span class='ocrx_word' id='word_1_204' title='bbox 583 2373 717 2404; x_wconf 86' lang='lat' dir='ltr'>Plataeas</span> <span class='ocrx_word' id='word_1_205' title='bbox 733 2385 801 2416; x_wconf 88' lang='lat' dir='ltr'>pro-</span> 
     </span>
     <span class='ocr_line' id='line_1_39' title="bbox 145 2420 801 2454; baseline 0.003 -3"><span class='ocrx_word' id='word_1_206' title='bbox 145 2420 356 2453; x_wconf 89' lang='lat' dir='ltr'>ficiscentibus</span> <span class='ocrx_word' id='word_1_207' title='bbox 375 2422 415 2453; x_wconf 86' lang='lat' dir='ltr'>ad</span> <span class='ocrx_word' id='word_1_208' title='bbox 434 2422 575 2453; x_wconf 83' lang='lat' dir='ltr'>dextram</span> <span class='ocrx_word' id='word_1_209' title='bbox 597 2433 664 2453; x_wconf 87' lang='lat' dir='ltr'>esse</span> <span class='ocrx_word' id='word_1_210' title='bbox 686 2423 801 2454; x_wconf 90' lang='lat' dir='ltr'>fontem</span> 
     </span>
     <span class='ocr_line' id='line_1_40' title="bbox 146 2471 801 2512; baseline 0.005 -12"><span class='ocrx_word' id='word_1_211' title='bbox 146 2475 178 2501; x_wconf 90' lang='lat' dir='ltr'>et</span> <span class='ocrx_word' id='word_1_212' title='bbox 197 2480 319 2507; x_wconf 83' lang='lat' dir='ltr'>saxum,</span> <span class='ocrx_word' id='word_1_213' title='bbox 336 2471 420 2512; x_wconf 90' lang='lat' dir='ltr'>quod</span> <span class='ocrx_word' id='word_1_214' title='bbox 440 2471 597 2502; x_wconf 87' lang='lat' dir='ltr'>Actaeonis</span> <span class='ocrx_word' id='word_1_215' title='bbox 622 2482 732 2502; x_wconf 85' lang='lat' dir='ltr'>saxum</span> <span class='ocrx_word' id='word_1_216' title='bbox 754 2472 801 2503; x_wconf 89' lang='lat' dir='ltr'>di-</span> 
     </span>
     <span class='ocr_line' id='line_1_41' title="bbox 146 2519 803 2561; baseline 0.005 -12"><span class='ocrx_word' id='word_1_217' title='bbox 146 2524 247 2556; x_wconf 86' lang='lat' dir='ltr'>catur,</span> <span class='ocrx_word' id='word_1_218' title='bbox 262 2519 295 2550; x_wconf 91' lang='lat' dir='ltr'>in</span> <span class='ocrx_word' id='word_1_219' title='bbox 315 2531 376 2561; x_wconf 93' lang='lat' dir='ltr'>quo</span> <span class='ocrx_word' id='word_1_220' title='bbox 395 2520 528 2551; x_wconf 85' lang='lat' dir='ltr'>Actaeon</span> <span class='ocrx_word' id='word_1_221' title='bbox 544 2531 560 2551; x_wconf 91' lang='lat' dir='ltr'>e</span> <span class='ocrx_word' id='word_1_222' title='bbox 575 2525 690 2552; x_wconf 85' lang='lat' dir='ltr'>venatu</span> <span class='ocrx_word' id='word_1_223' title='bbox 706 2521 803 2552; x_wconf 85' lang='lat' dir='ltr'>fessus</span> 
     </span>
     <span class='ocr_line' id='line_1_42' title="bbox 145 2568 802 2612; baseline 0.005 -14"><span class='ocrx_word' id='word_1_224' title='bbox 145 2568 260 2599; x_wconf 84' lang='lat' dir='ltr'>cubare</span> <span class='ocrx_word' id='word_1_225' title='bbox 274 2568 381 2600; x_wconf 85' lang='lat' dir='ltr'>solitus</span> <span class='ocrx_word' id='word_1_226' title='bbox 395 2569 498 2605; x_wconf 86' lang='lat' dir='ltr'>fuerit,</span> <span class='ocrx_word' id='word_1_227' title='bbox 513 2575 544 2601; x_wconf 86' lang='lat' dir='ltr'>et</span> <span class='ocrx_word' id='word_1_228' title='bbox 560 2570 642 2601; x_wconf 87' lang='lat' dir='ltr'>unde</span> <span class='ocrx_word' id='word_1_229' title='bbox 656 2581 802 2612; x_wconf 86' lang='lat' dir='ltr'>prospex-</span> 
     </span>
     <span class='ocr_line' id='line_1_43' title="bbox 146 2616 802 2660; baseline 0.005 -13"><span class='ocrx_word' id='word_1_230' title='bbox 146 2617 204 2648; x_wconf 88' lang='lat' dir='ltr'>erit</span> <span class='ocrx_word' id='word_1_231' title='bbox 221 2616 358 2648; x_wconf 88' lang='lat' dir='ltr'>Dianam</span> <span class='ocrx_word' id='word_1_232' title='bbox 381 2618 414 2649; x_wconf 90' lang='lat' dir='ltr'>in</span> <span class='ocrx_word' id='word_1_233' title='bbox 432 2618 570 2660; x_wconf 87' lang='lat' dir='ltr'>proximo</span> <span class='ocrx_word' id='word_1_234' title='bbox 593 2619 676 2650; x_wconf 84' lang='lat' dir='ltr'>fonte</span> <span class='ocrx_word' id='word_1_235' title='bbox 694 2619 802 2650; x_wconf 86' lang='lat' dir='ltr'>lavan-</span> 
     </span>
     <span class='ocr_line' id='line_1_44' title="bbox 146 2667 801 2710; baseline 0.003 -13"><span class='ocrx_word' id='word_1_236' title='bbox 146 2671 222 2697; x_wconf 89' lang='lat' dir='ltr'>tem.</span> <span class='ocrx_word' id='word_1_237' title='bbox 261 2667 380 2704; x_wconf 81' lang='lat' dir='ltr'>Tenuis,</span> <span class='ocrx_word' id='word_1_238' title='bbox 404 2678 465 2698; x_wconf 92' lang='lat' dir='ltr'>non</span> <span class='ocrx_word' id='word_1_239' title='bbox 489 2668 652 2710; x_wconf 86' lang='lat' dir='ltr'>profunda,</span> <span class='ocrx_word' id='word_1_240' title='bbox 677 2674 712 2699; x_wconf 90' lang='lat' dir='ltr'>ut</span> <span class='ocrx_word' id='word_1_241' title='bbox 733 2668 801 2700; x_wconf 87' lang='lat' dir='ltr'>Liv.</span> 
     </span>
    </p>
   </div>
   <div class='ocr_carea' id='block_1_9' title="bbox 147 2713 802 2806">
    <p class='ocr_par' dir='ltr' id='par_1_11' title="bbox 147 2713 802 2806">
     <span class='ocr_line' id='line_1_45' title="bbox 147 2713 802 2759; baseline 0.005 -14"><span class='ocrx_word' id='word_1_242' title='bbox 147 2713 168 2746; x_wconf 86' lang='lat' dir='ltr'>i.</span> <span class='ocrx_word' id='word_1_243' title='bbox 185 2716 215 2746; x_wconf 90' lang='grc'>4.</span> <span class='ocrx_word' id='word_1_244' title='bbox 253 2715 376 2752; x_wconf 78' lang='lat' dir='ltr'>Hiatus,</span> <span class='ocrx_word' id='word_1_245' title='bbox 391 2716 457 2748; x_wconf 86' lang='lat' dir='ltr'>sine</span> <span class='ocrx_word' id='word_1_246' title='bbox 477 2716 572 2747; x_wconf 92' lang='lat' dir='ltr'>dubio</span> <span class='ocrx_word' id='word_1_247' title='bbox 587 2718 673 2748; x_wconf 84' lang='lat' dir='ltr'>lacus</span> <span class='ocrx_word' id='word_1_248' title='bbox 688 2728 802 2759; x_wconf 88' lang='lat' dir='ltr'>aquam</span> 
     </span>
     <span class='ocr_line' id='line_1_46' title="bbox 149 2763 801 2806; baseline 0.003 -12"><span class='ocrx_word' id='word_1_249' title='bbox 149 2763 311 2806; x_wconf 88' lang='lat' dir='ltr'>colligens.</span> <span class='ocrx_word' id='word_1_250' title='bbox 346 2764 432 2797; x_wconf 87' lang='lat' dir='ltr'>Plin.</span> <span class='ocrx_word' id='word_1_251' title='bbox 449 2765 542 2797; x_wconf 89' lang='lat' dir='ltr'>VIII.</span> <span class='ocrx_word' id='word_1_252' title='bbox 559 2766 620 2806; x_wconf 90' lang='lat' dir='ltr'>Ep.</span> <span class='ocrx_word' id='word_1_253' title='bbox 637 2765 700 2797; x_wconf 92' lang='lat' dir='ltr'>viii.</span> <span class='ocrx_word' id='word_1_254' title='bbox 716 2767 747 2797; x_wconf 80' lang='lat'>2.</span> <span class='ocrx_word' id='word_1_255' title='bbox 762 2766 801 2796; x_wconf 88' lang='lat' dir='ltr'>de</span> 
     </span>
    </p>
   </div>
   <div class='ocr_carea' id='block_1_10' title="bbox 1404 1015 1520 1075">
    <p class='ocr_par' dir='ltr' id='par_1_12' title="bbox 1404 1015 1520 1075">
     <span class='ocr_line' id='line_1_47' title="bbox 1404 1015 1520 1075; baseline 0 -14"><span class='ocrx_word' id='word_1_256' title='bbox 1404 1015 1520 1075; x_wconf 90' lang='lat' dir='ltr'>[tos.</span> 
     </span>
    </p>
   </div>
   <div class='ocr_carea' id='block_1_11' title="bbox 866 1189 1528 2804">
    <p class='ocr_par' dir='ltr' id='par_1_13' title="bbox 868 1189 1527 1579">
     <span class='ocr_line' id='line_1_48' title="bbox 871 1189 1525 1233; baseline -0.002 -11"><span class='ocrx_word' id='word_1_257' title='bbox 871 1189 1043 1226; x_wconf 88' lang='lat' dir='ltr'>Clitumno,</span> <span class='ocrx_word' id='word_1_258' title='bbox 1075 1192 1225 1221; x_wconf 80' lang='lat' dir='ltr'>eluctatus</span> <span class='ocrx_word' id='word_1_259' title='bbox 1249 1192 1335 1231; x_wconf 65' lang='lat' dir='ltr'>fiir-it</span> <span class='ocrx_word' id='word_1_260' title='bbox 1362 1192 1525 1233; x_wconf 80' lang='lat' dir='ltr'>gurgitem,</span> 
     </span>
     <span class='ocr_line' id='line_1_49' title="bbox 870 1242 1526 1282; baseline 0.003 -12"><span class='ocrx_word' id='word_1_261' title='bbox 870 1243 921 1281; x_wconf 86' lang='lat' dir='ltr'>qui</span> <span class='ocrx_word' id='word_1_262' title='bbox 950 1242 1009 1271; x_wconf 77' lang='lat' dir='ltr'>lato</span> <span class='ocrx_word' id='word_1_263' title='bbox 1030 1242 1143 1282; x_wconf 83' lang='lat' dir='ltr'>gremio</span> <span class='ocrx_word' id='word_1_264' title='bbox 1166 1243 1292 1280; x_wconf 78' lang='lat' dir='ltr'>patescit</span> <span class='ocrx_word' id='word_1_265' title='bbox 1312 1252 1408 1281; x_wconf 78' lang='lat' dir='ltr'>purus</span> <span class='ocrx_word' id='word_1_266' title='bbox 1430 1248 1458 1272; x_wconf 88' lang='lat' dir='ltr'>et</span> <span class='ocrx_word' id='word_1_267' title='bbox 1482 1244 1526 1272; x_wconf 88' lang='lat' dir='ltr'>vi-</span> 
     </span>
     <span class='ocr_line' id='line_1_50' title="bbox 872 1290 1526 1333; baseline 0 -12"><span class='ocrx_word' id='word_1_268' title='bbox 872 1297 962 1322; x_wconf 84' lang='lat' dir='ltr'>treus.</span> <span class='ocrx_word' id='word_1_269' title='bbox 988 1291 1114 1320; x_wconf 81' lang='lat' dir='ltr'>Patulos</span> <span class='ocrx_word' id='word_1_270' title='bbox 1126 1291 1237 1321; x_wconf 79' lang='lat' dir='ltr'>hiatus.</span> <span class='ocrx_word' id='word_1_271' title='bbox 1261 1292 1411 1321; x_wconf 79' lang='lat' dir='ltr'>Patentes</span> <span class='ocrx_word' id='word_1_272' title='bbox 1426 1290 1526 1333; x_wconf 84' lang='lat' dir='ltr'>ripas3</span> 
     </span>
     <span class='ocr_line' id='line_1_51' title="bbox 871 1338 1527 1381; baseline 0 -11"><span class='ocrx_word' id='word_1_273' title='bbox 871 1340 955 1370; x_wconf 81' lang='lat' dir='ltr'>hiare</span> <span class='ocrx_word' id='word_1_274' title='bbox 975 1340 1058 1370; x_wconf 85' lang='lat' dir='ltr'>enim</span> <span class='ocrx_word' id='word_1_275' title='bbox 1073 1339 1217 1370; x_wconf 89' lang='lat' dir='ltr'>videntur</span> <span class='ocrx_word' id='word_1_276' title='bbox 1232 1338 1307 1381; x_wconf 85' lang='lat' dir='ltr'>ripae</span> <span class='ocrx_word' id='word_1_277' title='bbox 1323 1345 1357 1370; x_wconf 91' lang='lat' dir='ltr'>ut</span> <span class='ocrx_word' id='word_1_278' title='bbox 1375 1339 1460 1370; x_wconf 86' lang='lat' dir='ltr'>fluvii</span> <span class='ocrx_word' id='word_1_279' title='bbox 1482 1340 1527 1370; x_wconf 87' lang='lat' dir='ltr'>al-</span> 
     </span>
     <span class='ocr_line' id='line_1_52' title="bbox 869 1389 1527 1430; baseline 0 -11"><span class='ocrx_word' id='word_1_280' title='bbox 869 1399 961 1419; x_wconf 91' lang='lat' dir='ltr'>veum</span> <span class='ocrx_word' id='word_1_281' title='bbox 983 1389 1111 1419; x_wconf 86' lang='lat' dir='ltr'>saciant.</span> <span class='ocrx_word' id='word_1_282' title='bbox 1149 1389 1240 1424; x_wconf 77' lang='lat' dir='ltr'>Rore,</span> <span class='ocrx_word' id='word_1_283' title='bbox 1257 1399 1351 1430; x_wconf 83' lang='lat' dir='ltr'>aqua,</span> <span class='ocrx_word' id='word_1_284' title='bbox 1373 1399 1436 1430; x_wconf 85' lang='lat' dir='ltr'>qua</span> <span class='ocrx_word' id='word_1_285' title='bbox 1457 1389 1527 1430; x_wconf 90' lang='lat' dir='ltr'>quis</span> 
     </span>
     <span class='ocr_line' id='line_1_53' title="bbox 868 1438 1526 1480; baseline 0 -11"><span class='ocrx_word' id='word_1_286' title='bbox 868 1438 1077 1480; x_wconf 84' lang='lat' dir='ltr'>perfunditur.</span> <span class='ocrx_word' id='word_1_287' title='bbox 1097 1438 1120 1468; x_wconf 89' lang='lat' dir='ltr'>i.</span> <span class='ocrx_word' id='word_1_288' title='bbox 1144 1439 1217 1469; x_wconf 84' lang='lat'>371.</span> <span class='ocrx_word' id='word_1_289' title='bbox 1240 1440 1362 1478; x_wconf 77' lang='lat' dir='ltr'>liquido,</span> <span class='ocrx_word' id='word_1_290' title='bbox 1386 1438 1526 1480; x_wconf 90' lang='lat' dir='ltr'>limpido.</span> 
     </span>
     <span class='ocr_line' id='line_1_54' title="bbox 871 1488 1526 1530; baseline 0.002 -12"><span class='ocrx_word' id='word_1_291' title='bbox 871 1488 1071 1530; x_wconf 69' lang='lat' dir='ltr'>Perfumlere,</span> <span class='ocrx_word' id='word_1_292' title='bbox 1088 1498 1200 1529; x_wconf 86' lang='lat' dir='ltr'>nempe</span> <span class='ocrx_word' id='word_1_293' title='bbox 1213 1498 1250 1518; x_wconf 84' lang='lat' dir='ltr'>ex</span> <span class='ocrx_word' id='word_1_294' title='bbox 1267 1498 1355 1525; x_wconf 88' lang='lat' dir='ltr'>urna,</span> <span class='ocrx_word' id='word_1_295' title='bbox 1371 1497 1436 1518; x_wconf 87' lang='lat' dir='ltr'>ver.</span> <span class='ocrx_word' id='word_1_296' title='bbox 1455 1489 1526 1519; x_wconf 85' lang='lat'>172.</span> 
     </span>
     <span class='ocr_line' id='line_1_55' title="bbox 869 1537 1295 1579; baseline 0.002 -12"><span class='ocrx_word' id='word_1_297' title='bbox 869 1537 943 1568; x_wconf 90' lang='lat' dir='ltr'>Non</span> <span class='ocrx_word' id='word_1_298' title='bbox 957 1537 1162 1578; x_wconf 80' lang='lat' dir='ltr'>immergebat</span> <span class='ocrx_word' id='word_1_299' title='bbox 1174 1548 1295 1579; x_wconf 74' lang='lat' dir='ltr'>corpus-</span> 
     </span>
    </p>

    <p class='ocr_par' dir='ltr' id='par_1_14' title="bbox 869 1586 1528 1875">
     <span class='ocr_line' id='line_1_56' title="bbox 915 1586 1527 1626; baseline 0 -9"><span class='ocrx_word' id='word_1_300' title='bbox 915 1588 985 1617; x_wconf 89' lang='grc'>165.</span> <span class='ocrx_word' id='word_1_301' title='bbox 1015 1586 1143 1626; x_wconf 48' lang='lat' dir='ltr'>Subita]</span> <span class='ocrx_word' id='word_1_302' title='bbox 1182 1586 1287 1617; x_wconf 74' lang='lat' dir='ltr'>subire</span> <span class='ocrx_word' id='word_1_303' title='bbox 1314 1591 1346 1616; x_wconf 89' lang='lat' dir='ltr'>et</span> <span class='ocrx_word' id='word_1_304' title='bbox 1373 1588 1527 1617; x_wconf 71' lang='lat' dir='ltr'>succedere</span> 
     </span>
     <span class='ocr_line' id='line_1_57' title="bbox 870 1634 1528 1677; baseline 0.002 -12"><span class='ocrx_word' id='word_1_305' title='bbox 870 1635 933 1666; x_wconf 88' lang='lat' dir='ltr'>vim</span> <span class='ocrx_word' id='word_1_306' title='bbox 971 1634 1241 1677; x_wconf 82' lang='lat' dir='ltr'>appropinquandi</span> <span class='ocrx_word' id='word_1_307' title='bbox 1277 1634 1404 1665; x_wconf 88' lang='lat' dir='ltr'>habent.</span> <span class='ocrx_word' id='word_1_308' title='bbox 1451 1635 1528 1669; x_wconf 83' lang='lat' dir='ltr'>Quo.</span> 
     </span>
     <span class='ocr_line' id='line_1_58' title="bbox 870 1683 1527 1724; baseline 0 -10"><span class='ocrx_word' id='word_1_309' title='bbox 870 1684 956 1714; x_wconf 91' lang='lat' dir='ltr'>Num</span> <span class='ocrx_word' id='word_1_310' title='bbox 985 1685 1083 1724; x_wconf 81' lang='lat' dir='ltr'>quod?</span> <span class='ocrx_word' id='word_1_311' title='bbox 1128 1684 1178 1714; x_wconf 86' lang='lat' dir='ltr'>De</span> <span class='ocrx_word' id='word_1_312' title='bbox 1215 1683 1360 1724; x_wconf 86' lang='lat' dir='ltr'>nymphis</span> <span class='ocrx_word' id='word_1_313' title='bbox 1388 1683 1527 1714; x_wconf 83' lang='lat' dir='ltr'>Dianam</span> 
     </span>
     <span class='ocr_line' id='line_1_59' title="bbox 870 1731 1527 1773; baseline 0 -9"><span class='ocrx_word' id='word_1_314' title='bbox 870 1734 1102 1769; x_wconf 84' lang='lat' dir='ltr'>comitantibus,</span> <span class='ocrx_word' id='word_1_315' title='bbox 1127 1732 1310 1773; x_wconf 82' lang='lat' dir='ltr'>variumque</span> <span class='ocrx_word' id='word_1_316' title='bbox 1335 1731 1363 1762; x_wconf 85' lang='lat' dir='ltr'>ei</span> <span class='ocrx_word' id='word_1_317' title='bbox 1388 1732 1527 1764; x_wconf 88' lang='lat' dir='ltr'>ministe-</span> 
     </span>
     <span class='ocr_line' id='line_1_60' title="bbox 869 1781 1526 1824; baseline 0 -12"><span class='ocrx_word' id='word_1_318' title='bbox 869 1783 948 1813; x_wconf 85' lang='lat' dir='ltr'>rium</span> <span class='ocrx_word' id='word_1_319' title='bbox 979 1781 1211 1824; x_wconf 78' lang='lat' dir='ltr'>praestantibus,</span> <span class='ocrx_word' id='word_1_320' title='bbox 1240 1781 1310 1811; x_wconf 88' lang='lat' dir='ltr'>vide</span> <span class='ocrx_word' id='word_1_321' title='bbox 1339 1781 1526 1812; x_wconf 88' lang='lat' dir='ltr'>Callimachi</span> 
     </span>
     <span class='ocr_line' id='line_1_61' title="bbox 870 1831 1404 1875; baseline -0.004 -13"><span class='ocrx_word' id='word_1_322' title='bbox 870 1832 1020 1875; x_wconf 85' lang='lat' dir='ltr'>hymnum</span> <span class='ocrx_word' id='word_1_323' title='bbox 1036 1831 1075 1862; x_wconf 86' lang='lat' dir='ltr'>ad</span> <span class='ocrx_word' id='word_1_324' title='bbox 1091 1831 1187 1862; x_wconf 88' lang='lat' dir='ltr'>Dian.</span> <span class='ocrx_word' id='word_1_325' title='bbox 1199 1842 1263 1861; x_wconf 89' lang='lat' dir='ltr'>ver.</span> <span class='ocrx_word' id='word_1_326' title='bbox 1281 1831 1319 1860; x_wconf 84' lang='lat'>13</span> <span class='ocrx_word' id='word_1_327' title='bbox 1335 1842 1404 1872; x_wconf 87' lang='lat' dir='ltr'>sqq.</span> 
     </span>
    </p>

    <p class='ocr_par' dir='ltr' id='par_1_15' title="bbox 866 1879 1527 2804">
     <span class='ocr_line' id='line_1_62' title="bbox 914 1879 1527 1921; baseline -0.002 -11"><span class='ocrx_word' id='word_1_328' title='bbox 914 1881 987 1912; x_wconf 87' lang='grc'><strong>167.</strong></span> <span class='ocrx_word' id='word_1_329' title='bbox 1005 1881 1135 1921; x_wconf 70' lang='lat' dir='ltr'>Suly&#39;ecit</span> <span class='ocrx_word' id='word_1_330' title='bbox 1157 1880 1308 1920; x_wconf 62' lang='lat' dir='ltr'>brachia]</span> <span class='ocrx_word' id='word_1_331' title='bbox 1334 1879 1527 1920; x_wconf 82' lang='lat' dir='ltr'>Exquisitius</span> 
     </span>
     <span class='ocr_line' id='line_1_63' title="bbox 869 1929 1525 1972; baseline -0.005 -10"><span class='ocrx_word' id='word_1_332' title='bbox 869 1941 974 1972; x_wconf 85' lang='lat' dir='ltr'>quam,</span> <span class='ocrx_word' id='word_1_333' title='bbox 990 1929 1127 1971; x_wconf 82' lang='lat' dir='ltr'>suscepit</span> <span class='ocrx_word' id='word_1_334' title='bbox 1141 1930 1276 1971; x_wconf 84' lang='lat' dir='ltr'>pallam3</span> <span class='ocrx_word' id='word_1_335' title='bbox 1301 1929 1426 1959; x_wconf 87' lang='lat' dir='ltr'>modum</span> <span class='ocrx_word' id='word_1_336' title='bbox 1443 1929 1525 1959; x_wconf 87' lang='lat' dir='ltr'>enim</span> 
     </span>
     <span class='ocr_line' id='line_1_64' title="bbox 869 1978 1524 2020; baseline -0.002 -10"><span class='ocrx_word' id='word_1_337' title='bbox 869 1980 912 2010; x_wconf 86' lang='lat' dir='ltr'>rei</span> <span class='ocrx_word' id='word_1_338' title='bbox 949 1979 1101 2010; x_wconf 87' lang='lat' dir='ltr'>faeiendae</span> <span class='ocrx_word' id='word_1_339' title='bbox 1130 1978 1288 2020; x_wconf 84' lang='lat' dir='ltr'>exprimit.</span> <span class='ocrx_word' id='word_1_340' title='bbox 1333 1978 1439 2009; x_wconf 73' lang='lat' dir='ltr'>Vincla</span> <span class='ocrx_word' id='word_1_341' title='bbox 1474 1990 1524 2018; x_wconf 77' lang='lat' dir='ltr'>pe-</span> 
     </span>
     <span class='ocr_line' id='line_1_65' title="bbox 869 2027 1524 2068; baseline 0 -9"><span class='ocrx_word' id='word_1_342' title='bbox 869 2031 951 2065; x_wconf 81' lang='lat' dir='ltr'>dum,</span> <span class='ocrx_word' id='word_1_343' title='bbox 973 2038 1169 2068; x_wconf 80' lang='lat' dir='ltr'>quaecunque</span> <span class='ocrx_word' id='word_1_344' title='bbox 1191 2027 1416 2058; x_wconf 85' lang='lat' dir='ltr'>calceamenta.</span> <span class='ocrx_word' id='word_1_345' title='bbox 1454 2028 1524 2060; x_wconf 90' lang='lat' dir='ltr'>Vir-</span> 
     </span>
     <span class='ocr_line' id='line_1_66' title="bbox 869 2076 1525 2119; baseline 0 -11"><span class='ocrx_word' id='word_1_346' title='bbox 869 2079 924 2119; x_wconf 87' lang='lat' dir='ltr'>gil.</span> <span class='ocrx_word' id='word_1_347' title='bbox 954 2076 1083 2108; x_wconf 80' lang='lat' dir='ltr'>AEneid.</span> <span class='ocrx_word' id='word_1_348' title='bbox 1111 2078 1170 2107; x_wconf 88' lang='lat' dir='ltr'>IV.</span> <span class='ocrx_word' id='word_1_349' title='bbox 1194 2088 1224 2107; x_wconf 87' lang='lat' dir='ltr'>V.</span> <span class='ocrx_word' id='word_1_350' title='bbox 1247 2078 1277 2106; x_wconf 88' lang='lat'>8.</span> <span class='ocrx_word' id='word_1_351' title='bbox 1312 2077 1412 2107; x_wconf 80' lang='lat' dir='ltr'>Unum</span> <span class='ocrx_word' id='word_1_352' title='bbox 1437 2085 1525 2108; x_wconf 71' lang='lat' dir='ltr'>eruta</span> 
     </span>
     <span class='ocr_line' id='line_1_67' title="bbox 868 2125 1523 2167; baseline -0.003 -8"><span class='ocrx_word' id='word_1_353' title='bbox 868 2130 969 2167; x_wconf 76' lang='lat' dir='ltr'>pedem</span> <span class='ocrx_word' id='word_1_354' title='bbox 987 2128 1113 2163; x_wconf 44' lang='lat' dir='ltr'>vi&#39;nclis5</span> <span class='ocrx_word' id='word_1_355' title='bbox 1137 2126 1201 2156; x_wconf 82' lang='lat' dir='ltr'>viii.</span> <span class='ocrx_word' id='word_1_356' title='bbox 1214 2126 1287 2156; x_wconf 83' lang='lat'>418.</span> <span class='ocrx_word' id='word_1_357' title='bbox 1306 2125 1460 2166; x_wconf 71' lang='lat' dir='ltr'>Tyrrhena</span> <span class='ocrx_word' id='word_1_358' title='bbox 1474 2139 1523 2166; x_wconf 86' lang='lat' dir='ltr'>pe-</span> 
     </span>
     <span class='ocr_line' id='line_1_68' title="bbox 867 2174 1525 2208; baseline -0.002 -1"><span class='ocrx_word' id='word_1_359' title='bbox 867 2179 938 2208; x_wconf 84' lang='lat' dir='ltr'>dum</span> <span class='ocrx_word' id='word_1_360' title='bbox 958 2178 1070 2206; x_wconf 75' lang='lat' dir='ltr'>vincta.</span> <span class='ocrx_word' id='word_1_361' title='bbox 1103 2174 1296 2206; x_wconf 88' lang='lat' dir='ltr'>Venantium</span> <span class='ocrx_word' id='word_1_362' title='bbox 1317 2175 1441 2205; x_wconf 85' lang='lat' dir='ltr'>calceus</span> <span class='ocrx_word' id='word_1_363' title='bbox 1460 2182 1525 2206; x_wconf 88' lang='lat' dir='ltr'>erat</span> 
     </span>
     <span class='ocr_line' id='line_1_69' title="bbox 866 2223 1525 2265; baseline -0.002 -9"><span class='ocrx_word' id='word_1_364' title='bbox 866 2226 1042 2260; x_wconf 77' lang='lat' dir='ltr'>cothurnus,</span> <span class='ocrx_word' id='word_1_365' title='bbox 1073 2223 1159 2265; x_wconf 85' lang='lat' dir='ltr'>quali</span> <span class='ocrx_word' id='word_1_366' title='bbox 1187 2223 1281 2253; x_wconf 88' lang='lat' dir='ltr'>etiam</span> <span class='ocrx_word' id='word_1_367' title='bbox 1310 2223 1400 2253; x_wconf 88' lang='lat' dir='ltr'>hodie</span> <span class='ocrx_word' id='word_1_368' title='bbox 1430 2235 1525 2255; x_wconf 86' lang='lat' dir='ltr'>vena-</span> 
     </span>
     <span class='ocr_line' id='line_1_70' title="bbox 866 2272 1525 2307; baseline -0.003 -2"><span class='ocrx_word' id='word_1_369' title='bbox 866 2281 947 2305; x_wconf 86' lang='lat' dir='ltr'>tores</span> <span class='ocrx_word' id='word_1_370' title='bbox 976 2272 1080 2303; x_wconf 80' lang='lat' dir='ltr'>Italiei</span> <span class='ocrx_word' id='word_1_371' title='bbox 1115 2277 1253 2307; x_wconf 87' lang='lat' dir='ltr'>utuntur,</span> <span class='ocrx_word' id='word_1_372' title='bbox 1284 2272 1455 2303; x_wconf 88' lang='lat' dir='ltr'>ascendens</span> <span class='ocrx_word' id='word_1_373' title='bbox 1485 2273 1525 2303; x_wconf 83' lang='lat' dir='ltr'>ad</span> 
     </span>
     <span class='ocr_line' id='line_1_71' title="bbox 867 2320 1525 2354; baseline -0.002 -1"><span class='ocrx_word' id='word_1_374' title='bbox 867 2322 1004 2354; x_wconf 82' lang='lat' dir='ltr'>mediam</span> <span class='ocrx_word' id='word_1_375' title='bbox 1032 2321 1152 2352; x_wconf 87' lang='lat' dir='ltr'>tibiam.</span> <span class='ocrx_word' id='word_1_376' title='bbox 1203 2320 1301 2351; x_wconf 89' lang='lat' dir='ltr'>Pellis</span> <span class='ocrx_word' id='word_1_377' title='bbox 1329 2320 1424 2351; x_wconf 84' lang='lat' dir='ltr'>scissa</span> <span class='ocrx_word' id='word_1_378' title='bbox 1459 2327 1525 2352; x_wconf 88' lang='lat' dir='ltr'>erat</span> 
     </span>
     <span class='ocr_line' id='line_1_72' title="bbox 867 2370 1525 2412; baseline -0.003 -9"><span class='ocrx_word' id='word_1_379' title='bbox 867 2372 972 2403; x_wconf 86' lang='lat' dir='ltr'>multis</span> <span class='ocrx_word' id='word_1_380' title='bbox 987 2370 1076 2406; x_wconf 88' lang='lat' dir='ltr'>locis,</span> <span class='ocrx_word' id='word_1_381' title='bbox 1093 2370 1291 2410; x_wconf 87' lang='lat' dir='ltr'>habebatque</span> <span class='ocrx_word' id='word_1_382' title='bbox 1306 2370 1456 2400; x_wconf 86' lang='lat' dir='ltr'>foramina</span> <span class='ocrx_word' id='word_1_383' title='bbox 1470 2381 1525 2412; x_wconf 90' lang='lat' dir='ltr'>per</span> 
     </span>
     <span class='ocr_line' id='line_1_73' title="bbox 869 2419 1525 2463; baseline 0 -11"><span class='ocrx_word' id='word_1_384' title='bbox 869 2432 938 2463; x_wconf 86' lang='lat' dir='ltr'>quae</span> <span class='ocrx_word' id='word_1_385' title='bbox 964 2421 1029 2451; x_wconf 88' lang='lat' dir='ltr'>lora</span> <span class='ocrx_word' id='word_1_386' title='bbox 1055 2419 1289 2461; x_wconf 83' lang='lat' dir='ltr'>trajicerentur:</span> <span class='ocrx_word' id='word_1_387' title='bbox 1314 2419 1384 2450; x_wconf 88' lang='lat' dir='ltr'>vide</span> <span class='ocrx_word' id='word_1_388' title='bbox 1407 2421 1525 2461; x_wconf 83' lang='lat' dir='ltr'>Spanh.</span> 
     </span>
     <span class='ocr_line' id='line_1_74' title="bbox 869 2467 1525 2503; baseline -0.002 -3"><span class='ocrx_word' id='word_1_389' title='bbox 869 2470 909 2500; x_wconf 88' lang='lat' dir='ltr'>ad</span> <span class='ocrx_word' id='word_1_390' title='bbox 935 2468 1063 2500; x_wconf 88' lang='lat' dir='ltr'>Callim.</span> <span class='ocrx_word' id='word_1_391' title='bbox 1088 2468 1119 2498; x_wconf 90' lang='lat' dir='ltr'>d.</span> <span class='ocrx_word' id='word_1_392' title='bbox 1138 2468 1159 2498; x_wconf 92' lang='lat' dir='ltr'>l.</span> <span class='ocrx_word' id='word_1_393' title='bbox 1178 2478 1242 2499; x_wconf 88' lang='lat' dir='ltr'>ver.</span> <span class='ocrx_word' id='word_1_394' title='bbox 1265 2468 1314 2498; x_wconf 90' lang='lat'>16.</span> <span class='ocrx_word' id='word_1_395' title='bbox 1343 2467 1396 2497; x_wconf 90' lang='lat' dir='ltr'>ubi</span> <span class='ocrx_word' id='word_1_396' title='bbox 1418 2468 1525 2503; x_wconf 73' lang='lat' dir='ltr'>Diana</span> 
     </span>
     <span class='ocr_line' id='line_1_75' title="bbox 870 2515 1523 2559; baseline -0.002 -10"><span class='ocrx_word' id='word_1_397' title='bbox 870 2517 988 2559; x_wconf 86' lang='lat' dir='ltr'>expetit</span> <span class='ocrx_word' id='word_1_398' title='bbox 1023 2516 1081 2547; x_wconf 86' lang='lat' dir='ltr'>sibi</span> <span class='ocrx_word' id='word_1_399' title='bbox 1113 2515 1223 2556; x_wconf 85' lang='lat' dir='ltr'>viginti</span> <span class='ocrx_word' id='word_1_400' title='bbox 1259 2515 1413 2557; x_wconf 87' lang='lat' dir='ltr'>nymphas</span> <span class='ocrx_word' id='word_1_401' title='bbox 1450 2517 1523 2548; x_wconf 85' lang='lat' dir='ltr'>Cre-</span> 
     </span>
     <span class='ocr_line' id='line_1_76' title="bbox 870 2566 1522 2607; baseline 0.003 -12"><span class='ocrx_word' id='word_1_402' title='bbox 870 2571 985 2602; x_wconf 87' lang='lat' dir='ltr'>tenses,</span> <span class='ocrx_word' id='word_1_403' title='bbox 1000 2566 1113 2607; x_wconf 89' lang='lat' dir='ltr'>quibus</span> <span class='ocrx_word' id='word_1_404' title='bbox 1128 2566 1303 2596; x_wconf 84' lang='lat' dir='ltr'>calceorum</span> <span class='ocrx_word' id='word_1_405' title='bbox 1318 2575 1424 2595; x_wconf 86' lang='lat' dir='ltr'>curam</span> <span class='ocrx_word' id='word_1_406' title='bbox 1439 2576 1522 2597; x_wconf 89' lang='lat' dir='ltr'>com-</span> 
     </span>
     <span class='ocr_line' id='line_1_77' title="bbox 869 2614 1522 2654; baseline 0.003 -10"><span class='ocrx_word' id='word_1_407' title='bbox 869 2614 993 2654; x_wconf 84' lang='lat' dir='ltr'>mittat;</span> <span class='ocrx_word' id='word_1_408' title='bbox 1023 2625 1095 2645; x_wconf 82' lang='lat' dir='ltr'>nam</span> <span class='ocrx_word' id='word_1_409' title='bbox 1119 2615 1200 2645; x_wconf 89' lang='lat' dir='ltr'>inter</span> <span class='ocrx_word' id='word_1_410' title='bbox 1228 2614 1393 2645; x_wconf 86' lang='lat' dir='ltr'>Cretenses</span> <span class='ocrx_word' id='word_1_411' title='bbox 1419 2620 1450 2645; x_wconf 85' lang='lat' dir='ltr'>et</span> <span class='ocrx_word' id='word_1_412' title='bbox 1473 2615 1522 2646; x_wconf 90' lang='lat' dir='ltr'>in-</span> 
     </span>
     <span class='ocr_line' id='line_1_78' title="bbox 870 2663 1521 2695; baseline 0.002 -1"><span class='ocrx_word' id='word_1_413' title='bbox 870 2664 953 2694; x_wconf 80' lang='lat' dir='ltr'>venti</span> <span class='ocrx_word' id='word_1_414' title='bbox 977 2670 1008 2695; x_wconf 83' lang='lat' dir='ltr'>et</span> <span class='ocrx_word' id='word_1_415' title='bbox 1030 2664 1165 2695; x_wconf 87' lang='lat' dir='ltr'>maxime</span> <span class='ocrx_word' id='word_1_416' title='bbox 1183 2664 1216 2693; x_wconf 88' lang='lat' dir='ltr'>in</span> <span class='ocrx_word' id='word_1_417' title='bbox 1237 2674 1295 2694; x_wconf 89' lang='lat' dir='ltr'>usu</span> <span class='ocrx_word' id='word_1_418' title='bbox 1313 2669 1401 2694; x_wconf 84' lang='lat' dir='ltr'>erant</span> <span class='ocrx_word' id='word_1_419' title='bbox 1419 2663 1521 2695; x_wconf 85' lang='lat' dir='ltr'>istius-</span> 
     </span>
     <span class='ocr_line' id='line_1_79' title="bbox 868 2711 1523 2754; baseline 0.003 -11"><span class='ocrx_word' id='word_1_420' title='bbox 868 2713 951 2743; x_wconf 90' lang='lat' dir='ltr'>modi</span> <span class='ocrx_word' id='word_1_421' title='bbox 970 2713 1080 2749; x_wconf 87' lang='lat' dir='ltr'>calcei,</span> <span class='ocrx_word' id='word_1_422' title='bbox 1097 2711 1216 2744; x_wconf 85' lang='lat' dir='ltr'>Graecis</span> <span class='ocrx_word' id='word_1_423' title='bbox 1234 2711 1416 2754; x_wconf 78' lang='grc' dir='ltr'>ὲνόρόμιδες</span> <span class='ocrx_word' id='word_1_424' title='bbox 1436 2713 1523 2745; x_wconf 86' lang='lat' dir='ltr'>dieti.</span> 
     </span>
     <span class='ocr_line' id='line_1_80' title="bbox 869 2760 1522 2804; baseline 0.002 -11"><span class='ocrx_word' id='word_1_425' title='bbox 869 2762 919 2793; x_wconf 89' lang='lat' dir='ltr'>Sic</span> <span class='ocrx_word' id='word_1_426' title='bbox 942 2762 1054 2794; x_wconf 84' lang='lat' dir='ltr'>muniti</span> <span class='ocrx_word' id='word_1_427' title='bbox 1075 2762 1171 2804; x_wconf 87' lang='lat' dir='ltr'>pedes</span> <span class='ocrx_word' id='word_1_428' title='bbox 1192 2760 1305 2792; x_wconf 85' lang='lat' dir='ltr'>Dianae</span> <span class='ocrx_word' id='word_1_429' title='bbox 1329 2761 1361 2791; x_wconf 90' lang='lat' dir='ltr'>in</span> <span class='ocrx_word' id='word_1_430' title='bbox 1384 2761 1522 2804; x_wconf 84' lang='lat' dir='ltr'>Lipperti</span> 
     </span>
    </p>
   </div>
  </div>
 </body>
</html>
