1763 3181
443 406 504 459 P.
546 405 807 459 OVIDII
848 406 1193 461 NASONIS

255 572 1375 664 METAMORPHOSEON

536 734 760 777 LIBER
800 735 1100 778 SEXTUS.

686 894 945 928 -φ

740 1033 847 1065 FAB.
871 1034 900 1065 Ῑ.

134 1142 598 1202 PRAEBUERAT
630 1154 776 1202 dictis
801 1154 1023 1205 Tritonia
1045 1155 1227 1203 talibus
1253 1172 1448 1216 aurem;

134 1232 468 1296 Carminaque
479 1232 746 1289 Aonidum,
760 1234 1048 1296 justamque
1063 1233 1354 1296 probaverat
1368 1235 1506 1283 iram.

132 1309 260 1357 Tum
285 1326 484 1358 secum:
527 1315 557 1334 “
581 1309 804 1358 Laudare
827 1326 1001 1374 parum
1035 1316 1139 1368 est3
1178 1311 1436 1359 laudemur
1460 1319 1512 1360 et

330 1387 451 1451 ipsae
468 1405 480 1445 ;

134 1463 354 1512 Numina
376 1481 468 1513 nec
494 1465 657 1529 sperni
683 1465 788 1513 sine
812 1481 959 1529 poena
982 1471 1149 1512 nostra
1173 1464 1391 1512 sinamus
1409 1466 1454 1513 :”

134 1540 464 1605 Maeoniaeque
489 1541 706 1589 animum
730 1541 844 1590 fatis
869 1541 1082 1589 intendit
1104 1540 1377 1598 Arachnes,
1481 1547 1510 1591 5

135 1617 297 1673 Quam
322 1619 414 1666 sibi
437 1618 647 1666 lanificae
672 1635 770 1667 non
796 1620 972 1667 cedere
996 1618 1228 1666 laudibus
1253 1619 1372 1666 artis

179 1762 316 1794 1—145.
330 1763 470 1794 Arachne
481 1770 510 1794 et
527 1763 699 1804 Minerva]
723 1764 791 1795 An·

136 1809 379 1853 tiquissimarum
397 1811 569 1851 nationum,
580 1812 620 1843 ad
635 1812 793 1844 meliorem

134 1865 247 1892 sortem
276 1861 491 1903 aspirantium,
514 1872 590 1893 cura
623 1861 706 1893 circa
724 1872 793 1893 ves-

138 1909 216 1941 tium
236 1909 269 1941 in
283 1909 390 1953 primis
405 1910 577 1953 elegantias
592 1909 693 1942 haesit.
729 1911 794 1942 Ita-

136 1969 197 2000 que
222 1959 327 1990 lanam
350 1958 464 1991 ducere
488 1965 521 1991 et
544 1960 675 2001 tingere,
698 1959 793 1991 telam

137 2012 254 2044 tenere,
269 2012 435 2050 vestesque
450 2008 587 2040 colorum
601 2014 634 2039 et
647 2008 746 2040 nitore
763 2015 795 2040 et

134 2056 284 2089 varietate
305 2056 442 2099 insignes
467 2057 619 2089 conficere
639 2058 707 2100 jam
732 2057 793 2089 Pa-

136 2106 341 2138 triarcharum
362 2107 554 2149 temporibus
567 2112 722 2149 repertum
737 2113 795 2139 est.

136 2155 211 2187 Post
239 2166 329 2187 casus
357 2155 445 2187 dedit
471 2155 573 2197 Tyriis
600 2166 794 2198 purpuram3

136 2214 209 2235 mox
224 2203 366 2236 additum
380 2203 519 2236 vestibus
534 2215 654 2236 aurum.
681 2205 795 2236 Vestes

137 2253 270 2295 egregiis
282 2253 411 2296 picturis
432 2255 660 2286 exornabantur
672 2254 723 2285 vel
738 2264 797 2285 acu

138 2302 239 2344 (quod
257 2303 397 2345 Phryges
411 2303 605 2340 invenerunt,
622 2303 704 2334 Plin.
715 2302 798 2335 Hist.

139 2352 218 2383 Nat.
231 2351 296 2383 viii.
311 2352 381 2393 48.)
396 2352 447 2384 vel
460 2353 540 2384 inter
555 2353 725 2384 texendum
739 2353 800 2384 filis

140 2400 386 2438 versicoloribus,
401 2412 464 2443 qua
478 2408 543 2433 arte
555 2402 723 2444 Babylonii
738 2402 800 2444 pri-

141 2449 185 2480 mi
205 2450 433 2482 excelluerunt.
478 2451 618 2493 Utroque
640 2451 732 2482 modo
752 2450 799 2481 di-

141 2499 220 2530 citur
239 2501 322 2539 picta
341 2503 437 2532 vestis.
481 2500 592 2532 Omnis
611 2505 715 2531 autern
727 2511 795 2531 ves-

142 2547 219 2579 tium
245 2549 506 2581 conficiendarum
541 2559 589 2581 ars
617 2549 798 2581 mulieribus

142 2597 306 2629 commissa
329 2604 405 2636 erat,
422 2609 522 2641 eaque
543 2598 695 2630 excellere
716 2598 796 2639 regi-

143 2645 191 2676 nis
215 2646 292 2677 adeo
311 2647 398 2678 laudi
419 2648 602 2679 ducebatur.
646 2649 741 2679 Hom.
756 2647 796 2678 Il.

144 2697 179 2726 F.
209 2696 293 2734 1253
326 2699 361 2727 Z.
383 2697 468 2735 2893
498 2701 538 2728 X.
563 2697 638 2727 440.
683 2697 734 2727 De
761 2707 798 2727 ea

143 2744 264 2786 egregie
302 2744 418 2777 meritae
447 2751 535 2777 erant
572 2746 656 2788 apud
684 2745 798 2787 Lydios

860 1764 1009 1800 Arachne,
1027 1761 1111 1793 Plin.
1125 1760 1178 1793 vii.
1192 1761 1255 1800 56;
1278 1760 1360 1803 apud
1386 1761 1515 1794 Graecos

861 1813 1013 1848 Minerva,
1043 1810 1163 1842 AElian.
1192 1810 1278 1841 Hist.
1308 1810 1372 1841 An.
1400 1810 1421 1841 i.
1451 1812 1515 1852 213

860 1860 1123 1902 quemadmodum
1148 1859 1232 1901 apud
1253 1858 1421 1901 AEgyptios
1445 1860 1516 1892 Isis.

861 1911 952 1941 Forte
966 1910 1105 1940 Arachne
1124 1908 1198 1940 olim
1216 1908 1275 1939 fuit
1297 1919 1410 1939 nomen
1432 1919 1516 1940 com-

862 1969 956 1990 mune
992 1958 1156 1989 mulierum
1199 1957 1296 1999 perite
1332 1958 1516 1992 texentium.

861 2008 965 2044 Quum
982 2013 1086 2039 autem
1101 2017 1155 2049 pro
1169 2006 1291 2049 proprio
1305 2006 1412 2038 haberi
1429 2018 1516 2051 coep-

860 2062 926 2088 tum
954 2062 1047 2093 esset,
1075 2056 1162 2088 lusus
1191 2056 1416 2098 etymologicus
1442 2058 1515 2089 huic

860 2107 923 2138 fab.
938 2106 1087 2148 originem
1102 2106 1200 2143 dedit,
1220 2118 1279 2146 qua
1292 2107 1432 2137 Arachne
1450 2119 1517 2138 cum

863 2157 1005 2187 Minerva
1028 2157 1149 2187 tea-endo
1175 2162 1292 2186 certans
1317 2158 1351 2186 in
1373 2167 1516 2187 araneam

861 2211 1010 2236 mutatur.
1055 2204 1175 2246 Saepius
1198 2204 1342 2235 mortales
1359 2214 1429 2235 cum
1448 2205 1519 2236 Diis

863 2253 1056 2285 concertasse
1079 2258 1172 2294 atque
1195 2252 1334 2283 stultitiae
1355 2264 1418 2283 suae
1437 2264 1518 2284 mer-

863 2302 972 2334 cedem
988 2303 1093 2333 tulisse
1110 2301 1285 2332 traduntur.

907 2352 937 2383 4.
962 2351 1098 2381 Numina
1126 2357 1227 2381 nostra
1255 2350 1352 2381 multo
1382 2349 1518 2391 gravius,

865 2411 970 2442 quam,
990 2412 1035 2431 me
1047 2412 1058 2438 ,·
1084 2405 1115 2430 et
1134 2400 1246 2441 plural.
1271 2401 1397 2430 numina
1417 2400 1518 2440 digni-

865 2450 937 2481 tatis
962 2460 1067 2480 causa.
1092 2449 1219 2480 AEneid.
1243 2448 1296 2479 vii.
1322 2450 1397 2480 310.
1419 2450 1516 2486 Juno,

862 2501 886 2529 εἰ
910 2510 974 2529 mea
992 2501 1117 2529 numina
1139 2510 1197 2528 non
1217 2505 1288 2529 sant
1307 2510 1417 2540 magna
1438 2502 1521 2530 satis.

864 2547 947 2579 Ibid.
957 2547 978 2578 i.
990 2548 1042 2578 48.
1055 2554 1083 2578 et
1098 2550 1250 2588 quisquam
1265 2558 1375 2578 numen
1390 2548 1520 2578 szzonis

865 2595 950 2638 (me)
967 2596 1091 2626 adoret?
1115 2596 1184 2626 Sine
1197 2607 1295 2635 poena‚
1313 2595 1451 2637 impune.

906 2647 939 2677 5.
956 2646 1097 2676 Animum
1116 2646 1245 2675 intendit
1258 2656 1268 2682 ‚·
1292 2643 1369 2675 serio
1385 2644 1520 2685 cogitare

865 2694 960 2736 coepit
976 2695 1015 2725 de
1030 2705 1124 2736 poena
1144 2694 1182 2724 ab
1198 2693 1342 2724 Arachne
1358 2693 1519 2725 sumenda.

866 2744 941 2774 Hor.
963 2743 1061 2785 Epist.
1087 2743 1115 2773 I.
1140 2743 1170 2773 ii.
1196 2743 1256 2773 36:
1293 2742 1429 2773 Intendes
1453 2745 1521 2773 ani-
