1763 3181
383 172 1001 216 METAMORPHOSEON
1034 173 1152 214 LIB.
1186 172 1296 214 VII.
1453 176 1536 215 449

154 288 350 336 AEs'onis
375 289 594 337 effoetum
619 288 822 352 proferri
847 304 1026 352 corpus
1051 289 1113 335 ad
1139 304 1246 335 aras
1438 292 1532 336 252

152 365 183 413 J
187 366 327 422 ussit,
354 373 404 413 et
427 366 476 412 in
500 366 673 429 plenos
699 365 969 412 resolutum
994 366 1209 413 carmine
1235 381 1449 422 somnos,

154 441 386 490 Exanimi
411 442 636 500 similem,
662 443 826 490 stratis
853 443 1073 506 porrexit
1096 443 1145 489 in
1171 443 1352 490 herbis.
1382 444 1531 504 [tros3

153 518 286 567 Hinc
306 520 478 583 procul
496 519 782 576 AEsoniden,
801 521 972 584 procul
991 521 1105 568 hinc
1120 522 1266 583 jubet
1280 521 1348 567 ire
1366 520 1535 567 minis-

154 596 221 645 Et
243 605 412 645 monet
436 597 627 645 arcanis
653 598 822 645 oculos
843 614 1093 663 removere
1118 597 1367 661 profanos.

1440 599 1536 644 356

153 673 436 737 Diffugiunt
455 675 610 738 jussi:
655 674 838 738 sparsis
865 674 1050 722 Medea
1074 675 1266 738 capillis

155 751 500 800 Bacchantum
524 752 620 799 ritu
644 752 911 814 flagrantes
937 751 1112 799 circuit
1136 768 1273 809 aras;

154 829 532 893 Multifidasque
557 829 761 877 facesin
786 829 919 877 fossa
945 829 1198 891 sanguinis
1224 836 1330 876 atra

153 906 384 969 Tinguit3
424 913 474 954 et
498 906 730 954 intinctas
757 906 965 969 geminis
991 906 1222 954 accendit
1245 907 1295 953 in
1320 906 1444 965 aris3

153 982 351 1046 Terque
373 999 543 1030 senem
562 984 776 1039 flamma,
794 990 869 1031 ter
888 999 1034 1046 aqua,
1051 990 1126 1030 ter
1141 983 1325 1032 sulfure
1344 985 1534 1033 lustrat.

220 1060 420 1109 Interea
442 1060 662 1108 validum
687 1060 851 1126 posito
877 1061 1188 1109 medicamen
1213 1062 1370 1110 aheno
1441 1066 1537 1110 262

154 1136 348 1195 Fervet,
375 1145 426 1186 et
448 1139 657 1195 exultat,
685 1138 976 1202 spumisque
1000 1139 1306 1186 tumentibus
1331 1139 1480 1187 albet.

154 1214 264 1262 Illic
290 1214 550 1263 Haemonia
573 1216 764 1263 radices
789 1217 916 1263 valle
941 1223 1175 1272 resectas,

155 1291 476 1356 Seminaque,
504 1293 767 1355 floresque,
790 1298 841 1339 et
865 1308 1040 1340 succos
1066 1292 1290 1356 incoquit
1314 1310 1451 1342 acres
1471 1312 1481 1342 ε

151 1369 343 1433 Adjicit
366 1376 591 1417 extremo
615 1369 806 1433 lapides
835 1369 1041 1418 Oriente
1067 1371 1267 1434 petitos,

1444 1375 1539 1420 266

157 1446 238 1503 Et,
265 1463 390 1510 quas
418 1446 609 1495 Oceani
634 1448 843 1495 refluum
867 1464 1001 1495 mare
1026 1448 1159 1504 lavit,
1187 1464 1390 1497 arenas:

154 1523 310 1573 Addit
333 1530 384 1572 et
407 1531 647 1589 exceptas
674 1524 816 1573 Luna
840 1532 1076 1590 pernocte
1100 1525 1318 1589 pruinas,

153 1697 276 1738 Nempe
291 1707 392 1739 magae
407 1697 515 1729 feralia
529 1709 587 1730 sua
601 1698 740 1730 carmina
754 1698 812 1728 im-

153 1747 400 1777 murmurabant.
430 1747 493 1778 xiv.
521 1749 582 1779 58:
624 1747 682 1778 Ter
717 1750 814 1778 novies

153 1806 274 1826 carmen
295 1798 411 1837 magico
433 1798 641 1827 demur-murat
659 1807 718 1828 ore.
762 1797 812 1827 Sic

152 1849 185 1875 et
207 1846 330 1880 stridor,
356 1845 396 1876 de
424 1854 486 1886 quo
512 1845 746 1877 Brouckhusius
774 1846 814 1877 ad

151 1893 258 1925 Tibul.
274 1893 302 1926 Ι.
316 1893 350 1926 ii.
371 1895 432 1932 473
457 1899 488 1925 et
502 1895 623 1937 fremor
647 1896 812 1932 verborum,

153 1942 272 1975 Arnob.
285 1943 369 1974 Adv.
383 1949 467 1985 gent.
482 1944 503 1975 i.
517 1955 549 1986 p.
562 1946 615 1976 32.
660 1945 813 1986 Proferri,

153 1993 230 2034 quia
249 1992 318 2034 jam
340 1994 488 2024 resolutus
512 1993 601 2035 (vide
630 1993 671 2024 ad
691 2004 814 2026 versum

156 2043 217 2073 186
232 2041 259 2083 ;)
283 2041 422 2084 alioquin
435 2044 561 2082 produci
575 2041 714 2078 dixisset,
730 2043 813 2084 quod

153 2091 271 2123 habent
284 2091 427 2123 nonnulli
448 2092 540 2124 MSS.
555 2092 634 2123 inter
649 2103 726 2133 quos
748 2092 813 2124 Re-

153 2140 196 2182 gii
211 2140 316 2172 nostri.
362 2140 481 2177 Plenos,
494 2151 613 2181 graves.
652 2141 692 2172 In
708 2143 814 2178 herbis,

154 2199 233 2230 quas
247 2189 335 2220 locus
356 2189 411 2220 ille
426 2189 556 2221 ferebat.
602 2190 744 2231 Prqfani,
761 2202 814 2221 ex—

153 2244 256 2282 pertes
269 2239 344 2270 artis
361 2238 490 2280 magicae
507 2250 569 2270 non
587 2238 700 2270 initiati
719 2240 815 2271 sacris

152 2287 228 2319 illis.

197 2338 272 2369 259.
309 2338 416 2378 Atra]
471 2338 524 2368 Ad
552 2338 664 2368 fossam
697 2337 814 2374 retulit,

155 2386 238 2427 quod
254 2391 320 2417 erat
337 2386 378 2417 ad
397 2387 581 2427 sanguinem
605 2386 814 2418 referendum.

154 2435 196 2465 Et
220 2436 327 2477 vulgo,
357 2437 420 2466 atri
457 2435 611 2467 scribitur.
673 2436 812 2472 Lustrat,

155 2485 299 2516 circumit
326 2496 432 2517 senem
469 2485 699 2516 circumferens·
724 2486 813 2516 flam-

154 2544 249 2570 mam,
265 2539 326 2565 etc.
341 2534 395 2575 qui
415 2544 480 2565 mos
503 2534 639 2565 solennis
655 2534 687 2565 in
708 2534 814 2575 expia-

155 2582 303 2615 tionibus.
346 2583 426 2624 Inde
438 2584 556 2615 Graecis
572 2584 803 2626 περιαγνίζειν.

199 2633 274 2663 262.
297 2632 419 2664 Interea
430 2634 574 2668 validum,
587 2633 669 2673 etc.]
696 2634 734 2663 In
750 2643 815 2664 car-

158 2680 242 2712 mine
266 2681 386 2713 Νόστοι
409 2682 508 2713 multa
533 2681 686 2724 φάρμακα
711 2682 818 2723 coquit

158 2730 213 2762 ἐπὶ
227 2730 391 2772 χρυσέοισι
403 2731 550 2772 λέβησιν.
597 2732 697 2762 Posito
711 2732 815 2766 aheno,

882 1698 914 1729 in
929 1698 1029 1730 aheno
1044 1698 1108 1740 igni
1120 1698 1272 1740 apposito.
1306 1698 1446 1730 Eaultat.
1460 1699 1543 1731 Vide

881 1748 920 1779 ad
941 1749 982 1779 vi.
1005 1749 1078 1779 645.
1127 1748 1222 1779 Valle.
1262 1748 1362 1784 Unus,
1381 1748 1480 1789 falce,
1508 1756 1542 1780 ut

881 1797 960 1829 infra
987 1798 1060 1829 314.
1108 1797 1261 1829 Haemonio
1286 1799 1394 1829 cultro.
1438 1799 1544 1829 Succos

880 1849 1000 1878 miscere
1020 1853 1074 1878 aut
1094 1858 1215 1887 coquere
1239 1847 1364 1878 solenne
1386 1853 1418 1878 et
1442 1848 1543 1889 ipsum

883 1896 922 1927 de
944 1896 1099 1928 veneficis.
1132 1897 1235 1927 Tibul.
1250 1897 1313 1928 III.
1328 1909 1358 1927 v.
1373 1898 1403 1929 9.
1449 1898 1542 1937 Lapi-

882 1947 954 1976 dum
969 1945 1165 1988 quorundam
1187 1956 1262 1976 usus
1284 1951 1315 1976 et
1330 1945 1362 1976 in
1377 1946 1543 1978 medicina.

886 1993 968 2025 Plin.
994 1994 1078 2025 Hist.
1101 1994 1179 2025 Nat.
1205 1994 1314 2025 xxxvi.
1344 1995 1393 2026 19.
1453 1996 1541 2027 Mare

883 2043 1005 2080 Oceani,
1020 2049 1066 2079 ut,
1082 2043 1114 2074 ii.
1130 2044 1204 2074 872.
1219 2055 1335 2084 aequora
1346 2046 1443 2084 ponti.

926 2093 1000 2124 268.
1025 2093 1180 2129 Per—nocte,
1196 2103 1250 2134 pro
1265 2093 1393 2134 vulgata
1407 2095 1443 2124 de
1462 2100 1546 2125 nocie

883 2142 1050 2183 ascriptum
1087 2142 1270 2172 Zulichemii
1295 2141 1405 2173 Codici
1427 2143 1546 2184 recepit

883 2190 1043 2222 Heinsius.
1067 2190 1160 2231 Regii
1169 2190 1265 2221 nostri
1275 2190 1391 2221 habent
1404 2194 1439 2222 de
1451 2199 1546 2223 nocte.

884 2241 977 2276 Sci-ix,
993 2240 1059 2270 avis
1083 2245 1177 2270 noctu
1196 2241 1315 2276 volans,
1333 2246 1364 2271 et
1386 2241 1476 2272 cunis
1497 2241 1545 2273 in-

882 2288 1014 2319 fantium
1033 2288 1192 2325 insidians,
1209 2299 1339 2330 quorum
1361 2291 1544 2330 sanguinem

885 2344 1037 2378 exugunt.
1062 2339 1146 2369 Fast.
1160 2338 1202 2368 vi.
1219 2339 1289 2369 139.
1326 2339 1468 2380 Itisizmes,
1484 2351 1545 2371 non

883 2388 983 2417 solum
1018 2392 1141 2429 propter
1176 2387 1402 2424 crudelitatem,
1431 2389 1487 2419 sed
1515 2395 1547 2420 et

883 2437 964 2472 ideo,
987 2436 1071 2478 quod
1098 2437 1164 2478 ejus
1190 2437 1259 2472 alae,
1287 2447 1346 2467 ova
1370 2443 1401 2468 et
1426 2439 1546 2469 viscera

884 2484 1113 2516 adhibebantur
1122 2485 1153 2515 in
1163 2491 1227 2516 arte
1237 2485 1375 2526 magica:
1386 2486 1546 2524 Horatius,

882 2534 984 2575 Epod.
1000 2546 1029 2565 v.
1045 2536 1087 2565 20
1101 2547 1108 2572 3
1143 2535 1333 2576 Propertius,
1350 2536 1411 2566 ΙΙΙ.
1427 2536 1467 2567 iv.
1484 2538 1544 2575 ‘293

883 2583 1015 2619 Seneca,
1046 2583 1136 2614 Med.
1163 2584 1237 2615 735.
1294 2584 1406 2625 Itaque
1435 2585 1545 2626 striges

884 2632 976 2673 vulgo
988 2631 1184 2664 habebantur
1195 2643 1250 2673 pro
1264 2633 1406 2663 veneficis
1422 2633 1453 2663 in
1466 2634 1545 2665 tales

885 2691 958 2712 aves
973 2680 1109 2716 mutatis,
1126 2687 1276 2722 erantque
1292 2681 1324 2711 in
1340 2682 1544 2713 execrationi-

884 2730 943 2760 bus
955 2729 1283 2772 etimprecationibus:
1301 2730 1480 2767 Plinius,xi.
1493 2733 1544 2763 39.
