1763 3181
401 173 1024 215 METAMORPHOSEON
1059 173 1178 215 LIB.
1212 174 1322 214 VII.
1480 175 1566 217 473

175 289 405 353 Erumpit
427 289 616 344 clades,
643 289 929 351 obsuntque
955 289 1239 336 auctoribus
1265 295 1413 335 artes.

174 366 285 421 Quo
311 366 511 430 propior
543 365 758 428 quisque
785 373 876 420 est,
905 365 1156 428 servitque
1181 365 1377 413 fidelius
1404 381 1562 427 aegro3

175 442 234 489 In
259 450 453 506 partem
477 443 563 490 leti
590 442 736 489 citius
757 443 919 491 venit:
961 450 1117 505 utque
1143 442 1317 489 salutis

175 519 303 583 Spes
329 519 466 575 abiit,
488 519 741 582 finemque
755 518 928 567 vident
951 518 1001 565 in
1026 519 1196 566 funere
1217 519 1392 573 morbi,
1471 521 1566 566 565

172 594 445 658 Indulgent
466 595 671 643 animis:
709 602 760 642 et
784 596 936 651 nulla,
964 596 1087 658 quid
1113 595 1250 650 utile,
1279 610 1397 641 cura
1423 601 1528 651 est3

176 671 312 719 Utile
338 672 470 719 enirn
495 671 617 719 nihil
643 678 747 719 est:
787 672 990 735 passim,
1012 660 1284 735 'positoque
1310 671 1498 734 pudore

175 747 434 805 Fontibus,
461 755 513 796 et
536 748 715 803 fluviis,
743 748 1011 811 puteisque
1036 747 1305 811 capacibus
1332 747 1549 803 haerent;

176 823 286 872 Nec
311 825 447 889 prius
473 832 550 873 est
575 824 799 872 extincta
823 825 948 881 sitis,
975 841 1127 888 quam
1151 825 1268 879 vita,
1296 824 1544 871 bibendo:

174 900 301 949 Inde
326 917 500 964 graves
525 902 668 948 multi
693 908 952 964 nequeunt
976 917 1304 964 consurgere3
1346 907 1397 948 et
1420 899 1543 963 ipsis

176 977 532 1026 Immoriuntur
558 979 730 1042 aquis:
772 979 953 1042 aliquis
978 986 1146 1027 tamen
1171 977 1336 1025 haurit
1361 984 1412 1025 et
1434 976 1567 1034 illas;
1607 981 1617 990 '

175 1054 438 1119 Tantaque
462 1064 579 1104 sunt
603 1057 795 1104 miseris
821 1056 965 1103 invisi
990 1056 1139 1103 taedia
1161 1056 1297 1110 lecti,
1477 1057 1572 1101 572

177 1132 478 1181 Prosiliunt:
519 1140 622 1189 aut,
650 1133 689 1180 si
716 1133 982 1197 prohibent
1006 1133 1282 1180 consistere
1306 1131 1450 1187 vireS‚

178 1208 403 1273 Corpora
426 1210 697 1257 devolvunt
720 1210 770 1258 in
794 1210 1018 1265 humum,
1044 1209 1341 1272 fugiuntque
1366 1214 1575 1271 penates

177 1284 407 1350 Quisque
433 1302 578 1334 suos:
608 1302 699 1333 sua
722 1286 906 1350 cuique
932 1287 1109 1333 domus
1133 1285 1332 1332 funesta
1352 1284 1570 1341 videtur;

178 1361 245 1409 Et
269 1363 389 1426 quia
411 1379 563 1410 causa
586 1364 724 1419 latet,
751 1363 892 1410 locus
919 1369 997 1410 est
1021 1363 1071 1409 in
1096 1361 1301 1409 crimine
1321 1379 1329 1408 :
1370 1361 1500 1408 notis

178 1439 490 1487 Semanimes
517 1456 680 1487 errare
704 1440 812 1496 viis,
840 1440 960 1486 dum
986 1448 1118 1486 stare
1143 1439 1393 1495 valebant,
1479 1441 1573 1485 577

175 1515 473 1580 Aspiceres3
513 1517 691 1564 flentes
718 1517 856 1574 alios,
884 1523 1130 1578 terraeque
1149 1516 1404 1578 jacentes;

179 1593 436 1658 Lassaque
460 1602 717 1643 versantes
744 1610 977 1659 supremo
1002 1593 1190 1640 lumina
1214 1599 1380 1639 motu:

176 1744 256 1768 artes
267 1750 276 1768 .-
312 1749 420 1770 cessere
465 1740 616 1781 magistri,
658 1739 845 1779 Phillyrides

179 1787 307 1824 Chiron,
330 1793 395 1819 etc.
442 1789 570 1825 Auctor,
600 1789 655 1830 qui
683 1788 844 1830 profitetur

179 1841 290 1868 artem.

220 1885 296 1916 563.
315 1885 382 1919 Quo
395 1887 516 1925 propior
531 1887 666 1926 quisque,
682 1885 760 1925 ete.]
780 1886 841 1916 Lu-

177 1933 306 1971 cretius,
336 1935 415 1965 1241
431 1947 438 1965 1
481 1935 541 1969 Qui
569 1935 707 1977 ficerunt
742 1941 843 1966 autem

176 1989 293 2023 praesto,
308 1985 484 2025 contagibus
499 1985 594 2014 ibant.

221 2033 296 2063 566.
321 2032 433 2068 Nulla,
465 2034 538 2072 quid
563 2033 651 2068 utile,
671 2043 747 2062 cura
771 2032 840 2072 εει]

180 2081 356 2118 Lueretius,
374 2081 456 2112 1168
473 2093 480 2111 ι
507 2082 564 2112 Nil
578 2083 650 2112 adeo
662 2088 754 2121 posset
777 2084 841 2112 cui-

179 2142 268 2171 quam
295 2132 356 2161 leve
383 2137 528 2171 tenueque
556 2132 691 2161 membris
725 2130 844 2161 Vertere

180 2181 214 2210 in
242 2180 410 2210 utilitatem
421 2191 430 2209 .·
453 2181 492 2210 ad
516 2186 638 2210 ventum
667 2185 696 2210 et
715 2179 844 2221 frigora

178 2238 290 2268 semper
305 2227 346 2258 In
351 2229 466 2269 fluvios
478 2235 595 2268 partem
607 2229 721 2270 gelidos
735 2229 844 2258 arden-

181 2278 226 2307 tia
247 2278 345 2308 morbo
362 2277 498 2307 Membra
520 2278 646 2312 dabant,
664 2278 779 2307 nudum
789 2279 844 2316 ja-

179 2328 290 2357 cientes
304 2337 411 2365 corpus
426 2328 458 2356 in
470 2327 579 2356 undas.
627 2326 742 2356 Passim
751 2338 761 2362 ,-
777 2325 843 2356 sine

179 2375 299 2407 ordine.
345 2376 496 2413 Haerent5
520 2376 630 2406 nolunt
644 2374 718 2406 inde
733 2374 825 2405 avelli
836 2387 845 2413 3

183 2425 293 2455 haerere
307 2423 403 2455 etiam
418 2434 491 2454 cum
503 2424 640 2455 ablativo
654 2435 663 2462 3
679 2424 750 2454 vide
766 2425 845 2454 Bur-

181 2483 345 2509 mannum,
361 2472 401 2504 ad
416 2474 459 2504 iv.
474 2474 527 2504 27.
565 2473 667 2503 Posito
682 2475 794 2513 pudore
809 2483 845 2503 eo

182 2522 328 2565 pertinet,
345 2522 429 2564 quod
449 2522 535 2553 nuda
556 2533 686 2565 corpora
702 2522 846 2564 projicie-

182 2573 260 2603 bant
276 2573 308 2603 in
324 2582 434 2614 aquas,
452 2578 486 2603 ut
502 2578 614 2603 aestum
628 2572 774 2603 sedarent
790 2584 797 2609 3
815 2577 846 2602 et

183 2621 228 2652 sic
243 2621 453 2663 indulgebant
467 2621 588 2652 animis.

227 2672 301 2702 569.
318 2671 382 2701 Nec
391 2673 478 2711 prius
487 2679 529 2701 est
540 2682 570 2701 ea
576 2673 672 2701 tincta
684 2672 758 2705 sitis,
769 2670 846 2710 etc.]

185 2719 358 2757 Lueretius,
375 2720 415 2751 vi.
433 2721 533 2751 1174:
560 2720 772 2751 Insedabiliter
786 2721 849 2750 sitis

912 1739 1001 1768 arida
1027 1748 1151 1776 corpora
1176 1746 1306 1766 mersans
1323 1735 1475 1775 AEquabat
1500 1736 1577 1764 mul⁷

912 1794 976 1818 tum
989 1788 1090 1827 parvis
1105 1787 1276 1816 humoribus
1293 1785 1426 1815 imbrem.

955 1837 1032 1868 571.
1057 1835 1280 1865 Immoriuntm·
1299 1836 1406 1873 aquis,·
1431 1833 1489 1863 etsi
1509 1833 1579 1874 plu-

910 1896 960 1916 res
981 1884 1126 1916 viderent
1148 1883 1270 1914 immori
1292 1882 1391 1913 noxiis
1413 1882 1515 1923 aquis,
1533 1888 1580 1912 ta-

912 1944 986 1964 men
1015 1933 1069 1964 alii
1099 1943 1161 1963 non
1191 1931 1331 1962 deterriti
1360 1931 1486 1961 easdem
1513 1931 1579 1972 jam

911 1982 1122 2014 cadaveribus
1137 1982 1271 2012 infectas
1290 1980 1396 2011 bibere
1412 1991 1473 2010 non
1488 1980 1580 2011 refor-

909 2032 1084 2063 midabant.
1123 2032 1242 2062 Bmzm.
1301 2030 1417 2060 Confer
1447 2030 1574 2060 Lucret.

913 2082 1006 2113 1262.
1052 2080 1141 2111 Male
1168 2081 1369 2111 Burmannus
1392 2089 1462 2109 cum
1488 2079 1578 2110 Juni-

912 2141 970 2161 ano
989 2129 1078 2161 dedit
1100 2131 1202 2166 alins3
1227 2128 1341 2159 etenim
1366 2129 1475 2168 aliquis
1497 2139 1579 2169 saepe

911 2191 978 2222 pro,
1008 2180 1090 2210 alius
1119 2178 1243 2220 aliquis.
1282 2176 1359 2207 Vid.
1390 2177 1512 2207 Ernesti
1539 2177 1579 2207 ad

911 2228 1013 2259 Taciti
1029 2229 1094 2259 An.
1110 2227 1130 2258 i.
1149 2228 1180 2258 4.

954 2278 1030 2308 576.
1056 2277 1096 2307 In
1118 2278 1255 2312 crimine,
1276 2278 1310 2305 iu
1334 2286 1420 2311 nora,
1441 2277 1474 2305 in
1496 2275 1579 2316 iufa-

910 2328 971 2356 mia
986 2337 1043 2357 esse
1062 2327 1153 2356 bonae
1174 2325 1362 2356 locutiones.
1400 2324 1483 2355 Vide
1498 2325 1578 2354 Bur-

911 2386 1077 2406 mannum.
1134 2375 1232 2410 Notis,
1257 2373 1340 2415 quod
1366 2373 1516 2403 Heinsius
1541 2372 1581 2402 de

911 2436 966 2455 suo
990 2424 1091 2460 dedit,
1111 2434 1172 2454 non
1199 2423 1282 2453 male
1306 2432 1338 2452 se
1365 2422 1472 2453 habet.
1496 2422 1579 2453 Vide

913 2474 953 2504 ad
964 2473 985 2505 i.
999 2475 1072 2504 370.
1118 2474 1209 2503 Forte
1226 2478 1332 2503 tamen
1348 2471 1504 2512 antiquior
1516 2471 1579 2502 lec-

913 2522 958 2553 tio
973 2528 1101 2564 praestat
1118 2524 1150 2552 in
1164 2524 1291 2552 crimine
1304 2522 1393 2551 solus.
1439 2520 1516 2556 Alii,
1529 2533 1579 2550 iw-

917 2578 975 2607 tus,
1007 2578 1097 2607 totus,
1129 2577 1190 2601 etc.
1230 2570 1339 2607 Terroe,
1366 2569 1398 2600 in
1428 2575 1520 2605 terra,
1549 2581 1579 2601 v.

919 2621 988 2650 122.

959 2669 1033 2700 579.
1058 2667 1206 2707 Lassaque
1221 2673 1379 2703 versantes,
1394 2666 1472 2707 etc-J
1514 2667 1576 2697 Lu-

916 2723 991 2748 cret.
1004 2719 1015 2747 l
1028 2717 1105 2747 178:
1129 2719 1264 2755 patentia
1277 2727 1366 2756 quum
1384 2721 1457 2746 totas
1470 2718 1578 2746 arden-
