1763 3181
220 178 305 220 266

610 177 659 218 P.
694 176 908 218 OVIDII
943 176 1218 220 NASONIS

225 293 302 340 De
329 292 473 339 modo
498 291 688 354 viginti,
715 299 788 338 tot
811 291 943 339 enim
969 292 1086 339 ratis
1112 293 1194 339 illa
1219 293 1422 350 ferebat,

225 370 495 417 Restabam
518 369 652 416 solus
674 386 684 425 ;
725 369 956 432 pavidum
982 370 1301 433 gelidumque
1326 370 1554 417 trementi

224 447 460 510 Corpore,
486 445 669 509 vixque
707 462 872 494 meum
907 446 1069 494 firmat
1102 446 1256 503 Deus,
1286 446 1496 502 Excute,
1529 446 1600 493 di-

421 538 555 578 cens,

223 600 386 648 Corde
412 608 616 656 metum,
645 599 895 663 Diamque
920 607 1051 647 tene.

222 677 462 725 Accensis
488 677 600 731 aris,
630 676 881 724 Baccheia
905 691 1045 723 sacra
1068 674 1377 738 frequento.''

291 761 321 779 “
349 754 660 802 Praebuimus
698 754 906 817 longis,’'

1124 599 1334 646 Delatus
1359 599 1408 645 in
1433 598 1582 654 illam,

1508 678 1598 722 691

945 753 1219 809 Pentheus,
1262 759 1291 776 “
1313 752 1604 814 ambagibus

223 832 412 895 Inquit,
428 837 457 855 “
475 838 531 879 ut
541 831 894 879 iramoravires
907 831 1167 879 absumere
1180 838 1366 894 posset.
1390 829 1605 892 [aures,‘'

222 908 541 972 Praecipitem
565 907 735 955 famuli
760 909 917 973 rapite
941 908 1102 965 hunc3
1143 908 1462 970 cruciataque
1487 906 1605 954 diris

225 985 446 1049 Corpora
468 986 726 1033 tormentis
754 986 944 1049 Stygiae
969 986 1216 1034 demittite
1241 985 1424 1033 nocti.’'

1512 987 1607 1032 695

223 1061 456 1109 Protinus
482 1062 762 1109 abstractus
791 1062 961 1110 solidis
986 1062 1272 1127 Tyrrhenus
1298 1062 1502 1109 Acoetes

225 1139 487 1186 Clauditur
505 1139 555 1185 in
580 1140 756 1197 tectis3
797 1147 862 1197 et,
889 1141 1008 1188 dum
1033 1140 1252 1188 crudelia
1270 1141 1424 1203 jussae

224 1215 564 1263 Instrumenta
587 1216 742 1273 neciS,
769 1216 1052 1281 ferrumque
1074 1217 1302 1280 ignisque
1323 1222 1571 1280 parantur,

224 1292 414 1356 Sponte
439 1309 529 1340 sua
553 1293 775 1356 patuisse
801 1294 947 1350 fores,
974 1296 1241 1358 lapsasque
1266 1293 1465 1341 lacertis

225 1368 415 1432 Sponte
440 1386 544 1425 sua,
572 1369 703 1418 fama
726 1378 817 1428 est,
840 1372 975 1418 nullo
1002 1372 1239 1427 solvente,
1263 1378 1482 1418 catenas.
1511 1374 1606 1417 700

223 1445 424 1494 Perstat
449 1446 751 1496 Echionides
773 1467 783 1506 ;
825 1466 915 1496 nec
935 1451 1039 1512 jam
1059 1450 1204 1513 jubet
1227 1450 1312 1504 ire,
1337 1449 1424 1496 sed
1449 1448 1555 1512 ipse

263 1603 336 1633 687.
364 1602 508 1643 Viginti]
548 1602 692 1644 Hyginus
713 1602 880 1634 duodecim

220 1651 324 1682 habet.
365 1652 417 1682 l'iz
434 1663 539 1687 meum,
558 1653 607 1682 vix
623 1662 792 1683 memorem
808 1652 880 1689 mei,

220 1701 444 1732 exanimatum.
488 1700 635 1732 Similiter
660 1701 764 1732 Graeci
787 1708 879 1732 utun—

221 1756 270 1781 tur
279 1761 334 1780 suo
349 1750 433 1792 ἐμός.
456 1750 607 1781 Monente
622 1750 880 1792 Heinsiofirmat,

222 1798 360 1829 animum
376 1798 451 1828 mihi
467 1799 565 1829 addit.
613 1800 702 1830 Diam
721 1807 796 1836 tene,
811 1807 883 1831 tene

223 1847 303 1878 viam
321 1858 390 1889 quae
406 1847 492 1878 ducit
508 1847 548 1878 ad
565 1848 671 1879 Diam.
702 1849 776 1885 Dia,
791 1850 881 1880 Nax-

220 1906 266 1931 os,
285 1907 379 1937 quam
394 1897 600 1937 Strongylem‚
617 1896 688 1927 dein
703 1897 798 1933 Dian,
810 1909 882 1928 mox

222 1945 407 1986 Dionysida,
421 1952 481 1976 etc.
498 1945 707 1987 appellarunt.
734 1947 815 1977 Plin.
827 1947 882 1978 lib.

220 1994 280 2025 lv.
296 2005 368 2036 cap.
385 1995 439 2025 22.
486 1995 628 2030 Accendi,
643 1995 788 2026 calefieri.
832 1997 884 2027 Ita

221 2055 347 2075 accensa>
362 2046 462 2080 under,
477 2044 584 2080 Silius,
602 2055 632 2075 v.
645 2045 727 2083 6053
742 2045 795 2076 ubi
812 2046 883 2077 vide

222 2094 386 2124 Drakenb.
432 2094 514 2124 Hinc
533 2100 564 2124 et
585 2105 645 2124 111·ae
669 2094 814 2125 dicuntur
833 2108 878 2125 ac-

221 2145 318 2178 cendi,
348 2143 380 2172 in
407 2142 520 2183 quibus
546 2152 635 2172 sacra
665 2141 755 2172 fiunt.
801 2143 884 2173 Tura

222 2198 327 2223 autem
351 2192 417 2222 dari
442 2191 570 2222 Baccho
593 2191 746 2228 solebant,
769 2192 810 2223 iv.
835 2194 883 2223 ll.

222 2241 271 2272 Fit
300 2252 372 2283 ergo
401 2241 532 2272 Acoetes
557 2241 703 2282 famulus
731 2253 883 2272 sacrorum

223 2291 463 2326 Bacchicorum,
480 2301 570 2321 versu
588 2291 661 2321 574.
706 2290 743 2321 In
768 2290 882 2331 hymno

223 2339 388 2370 Homerico
411 2339 498 2371 Deus
519 2350 590 2370 eum
605 2331 726 2377 retinet,
743 2340 882 2382 facitque

222 2388 422 2428 πανόλβιον.

264 2439 339 2469 692.
367 2438 552 2468 Praebuimus
568 2439 673 2479 longis,
689 2439 767 2479 etc.]
800 2438 882 2470 Vide

223 2486 262 2518 ad
281 2497 343 2517 ver.
357 2487 431 2517 577.
472 2487 544 2517 Sine
560 2498 643 2518 nexu
665 2488 879 2528 grammatico,

223 2546 240 2567 e
257 2541 366 2566 natura
386 2535 452 2571 irae,
470 2546 540 2566 mox
565 2536 756 2567 convertitur
779 2537 818 2567 ad
835 2538 879 2568 sa-

222 2586 332 2615 mulos.
391 2584 578 2624 Praecipitem
608 2587 714 2624 rapite,
746 2585 881 2616 maxima

223 2644 294 2663 cum
309 2633 339 2663 vi
355 2639 387 2663 et
405 2633 565 2664 celeritate
586 2633 715 2664 auferte.
763 2635 880 2665 Demit-

225 2685 276 2712 tite
307 2685 395 2712 uncti.
455 2682 604 2723 Virgilius
630 2685 784 2713 demittere
812 2695 879 2714 orco

222 2730 302 2761 dixit
327 2730 454 2762 AEneid.
480 2731 522 2762 ix.
547 2732 630 2770 5273
666 2737 697 2762 et
725 2734 878 2764 demittere

949 1614 1069 1642 corpora
1098 1606 1188 1639 nocti,
1215 1602 1343 1633 AEneid.
1371 1613 1403 1632 x.
1430 1602 1503 1633 662.
1547 1602 1608 1632 Sed

949 1654 1062 1684 Noster
1075 1654 1228 1683 demittere
1239 1652 1350 1693 Stygia:
1363 1654 1454 1686 nocti,
1465 1662 1502 1682 ex
1520 1651 1610 1692 cujus

948 1701 1121 1732 imitatione
1135 1701 1228 1732 Silius
1240 1701 1380 1737 Italicus,
1390 1712 1419 1731 v.
1432 1701 1492 1730 241
1507 1713 1512 1730 :
1526 1702 1608 1730 dam-

950 1762 1022 1781 nare
1037 1751 1148 1792 Stygiae
1164 1753 1252 1781 nocti.
1298 1750 1394 1791 Apud
1415 1749 1608 1792 Euripidem,

951 1810 1023 1830 eum
1038 1799 1105 1830 vult
1123 1799 1220 1840 ligare
1241 1798 1281 1829 ad
1304 1809 1464 1840 praesepe;
1485 1798 1539 1829 sed
1563 1798 1610 1829 in-

949 1849 1037 1879 sania
1057 1854 1224 1890 correptus,
1245 1848 1313 1879 loco
1333 1847 1464 1884 Bacchi,
1488 1854 1609 1879 taurum

951 1897 1071 1937 alligat.

994 1947 1067 1977 696.
1091 1947 1192 1977 solida
1213 1953 1301 1983 tecta,
1315 1956 1421 1977 carcer
1440 1946 1520 1976 bene
1542 1956 1609 1977 mu-

950 1995 1047 2026 nitus.
1080 1996 1130 2026 Sic
1150 1995 1192 2026 iv.
1214 1996 1290 2027 645.
1311 1997 1404 2026 solida
1429 1997 1557 2032 moenia,·
1581 2000 1611 2025 et

950 2044 993 2075 vi.
1011 2045 1086 2075 573.
1104 2046 1210 2075 misnia
1226 2046 1317 2075 solido
1329 2056 1407 2075 saro.
1454 2044 1610 2079 Crudelior,

950 2093 1127 2124 crudelitati
1156 2094 1367 2124 inservientia.
1421 2093 1468 2123 Ex
1496 2095 1611 2124 instru-

951 2146 1055 2173 mentis
1078 2145 1154 2173 necis
1175 2142 1320 2173 ardentes
1335 2142 1458 2172 laminae
1475 2152 1609 2173 comme-

950 2197 1107 2222 morantur
1117 2202 1135 2221 a
1147 2191 1214 2222 Cic.
1232 2192 1320 2222 Yerr.
1333 2203 1362 2222 v,
1374 2192 1425 2221 63.
1439 2201 1501 2232 quo
1515 2191 1609 2221 etiam

950 2240 981 2271 h.
993 2240 1144 2281 l.serrum
1157 2247 1188 2270 et
1201 2242 1280 2281 ignis
1294 2240 1445 2281 respicere
1458 2238 1612 2270 videntur.

949 2290 1047 2320 Nullo
1069 2291 1198 2320 solt-ente
1218 2290 1350 2320 otiosum
1370 2288 1492 2319 videtur
1508 2288 1609 2330 Capo-

948 2338 1058 2375 ferreo,
1071 2339 1145 2380 quia
1160 2338 1319 2380 praecessit
1334 2345 1434 2377 sponte
1448 2348 1514 2373 sua,
1527 2338 1610 2379 quod

948 2388 1019 2419 ideo
1044 2394 1144 2419 mutat
1166 2389 1197 2418 in
1224 2390 1369 2418 innocuis.
1405 2387 1505 2418 Male.
1526 2388 1610 2418 Solet

950 2439 1064 2469 Noster
1085 2438 1199 2480 passim
1221 2437 1264 2468 ita
1287 2436 1496 2468 redundanter
1514 2436 1610 2477 loqui,

947 2495 981 2519 ut.
994 2487 1017 2518 i.
1031 2489 1083 2518 90.
1099 2499 1160 2528 quae
1176 2489 1292 2518 vindice
1310 2488 1403 2521 nullo,
1421 2486 1528 2525 Sponte
1542 2498 1608 2519 sua.

946 2539 1008 2566 sine
1033 2538 1106 2577 Iege,
1127 2542 1158 2566 et
1179 2546 1268 2566 versu
1288 2536 1359 2566 100.
1387 2534 1455 2574 Ipsa
1473 2545 1609 2574 per—se,

948 2585 1000 2616 ubi
1017 2585 1087 2616 vide
1102 2591 1218 2616 notam.
1242 2585 1281 2615 Et
1297 2595 1378 2615 nunc
1391 2583 1515 2625 quidem
1531 2583 1609 2614 illud

945 2641 1046 2674 sponte
1060 2646 1125 2671 mm,
1141 2634 1173 2665 in
1188 2645 1249 2676 quo
1264 2634 1311 2664 vis
1327 2632 1477 2669 miraculi,
1495 2643 1607 2674 urgen-

946 2683 1020 2714 dum
1036 2690 1115 2714 erat.

990 2734 1063 2764 701.
1090 2734 1208 2763 Perstat
1239 2731 1446 2772 Echionides]
1495 2729 1606 2761 Exitus
