<?xml version="1.0" encoding="UTF-8"?>
<!DOCTYPE html PUBLIC "-//W3C//DTD XHTML 1.0 Transitional//EN"
    "http://www.w3.org/TR/xhtml1/DTD/xhtml1-transitional.dtd">
<html xmlns="http://www.w3.org/1999/xhtml" xml:lang="en" lang="en">
 <head>
  <title>
</title>
<meta http-equiv="Content-Type" content="text/html;charset=utf-8" />
  <meta name='ocr-system' content='tesseract 3.04.00' />
  <meta name='ocr-capabilities' content='ocr_page ocr_carea ocr_par ocr_line ocrx_word'/>
</head>
<body>
  <div class='ocr_page' id='page_1' title='image "./povidiinasonisop03oviduoft_0315.png"; bbox 0 0 1763 3181; ppageno 0'>
   <div class='ocr_carea' id='block_1_1' title="bbox 389 183 1531 229">
    <p class='ocr_par' dir='ltr' id='par_1_1' title="bbox 389 183 1531 229">
     <span class='ocr_line' id='line_1_1' title="bbox 389 183 1531 229; baseline -0.004 0"><span class='ocrx_word' id='word_1_1' title='bbox 389 183 1008 229; x_wconf 88' lang='lat' dir='ltr'><strong>METAMORPHOSEON</strong></span> <span class='ocrx_word' id='word_1_2' title='bbox 1042 184 1161 225; x_wconf 90' lang='lat' dir='ltr'>LIB.</span> <span class='ocrx_word' id='word_1_3' title='bbox 1197 183 1278 225; x_wconf 91' lang='lat' dir='ltr'>IV.</span> <span class='ocrx_word' id='word_1_4' title='bbox 1444 184 1531 225; x_wconf 79' lang='lat'>305</span> 
     </span>
    </p>
   </div>
   <div class='ocr_carea' id='block_1_2' title="bbox 146 298 1537 1061">
    <p class='ocr_par' dir='ltr' id='par_1_2' title="bbox 146 298 1531 673">
     <span class='ocr_line' id='line_1_2' title="bbox 148 298 1419 364; baseline -0.006 -13"><span class='ocrx_word' id='word_1_5' title='bbox 148 304 339 351; x_wconf 82' lang='lat' dir='ltr'>Limine</span> <span class='ocrx_word' id='word_1_6' title='bbox 364 302 678 351; x_wconf 81' lang='lat' dir='ltr'>constiterat:</span> <span class='ocrx_word' id='word_1_7' title='bbox 719 307 888 364; x_wconf 90' lang='lat' dir='ltr'>postes</span> <span class='ocrx_word' id='word_1_8' title='bbox 913 299 1174 347; x_wconf 87' lang='lat' dir='ltr'>tremuisse</span> <span class='ocrx_word' id='word_1_9' title='bbox 1198 298 1419 346; x_wconf 87' lang='lat' dir='ltr'>feruntur</span> 
     </span>
     <span class='ocr_line' id='line_1_3' title="bbox 146 377 1531 444; baseline -0.005 -16"><span class='ocrx_word' id='word_1_10' title='bbox 146 381 322 439; x_wconf 85' lang='lat' dir='ltr'>AEolii3</span> <span class='ocrx_word' id='word_1_11' title='bbox 363 381 621 444; x_wconf 91' lang='lat' dir='ltr'>pallorque</span> <span class='ocrx_word' id='word_1_12' title='bbox 645 378 775 425; x_wconf 89' lang='lat' dir='ltr'>fores</span> <span class='ocrx_word' id='word_1_13' title='bbox 801 377 971 425; x_wconf 89' lang='lat' dir='ltr'>infecit</span> <span class='ocrx_word' id='word_1_14' title='bbox 995 393 1227 434; x_wconf 89' lang='lat' dir='ltr'>acernas;</span> <span class='ocrx_word' id='word_1_15' title='bbox 1433 378 1531 422; x_wconf 75' lang='lat'>486</span> 
     </span>
     <span class='ocr_line' id='line_1_4' title="bbox 150 454 1463 521; baseline -0.005 -16"><span class='ocrx_word' id='word_1_16' title='bbox 150 458 338 521; x_wconf 83' lang='lat' dir='ltr'>Solque</span> <span class='ocrx_word' id='word_1_17' title='bbox 361 458 526 504; x_wconf 91' lang='lat' dir='ltr'>locum</span> <span class='ocrx_word' id='word_1_18' title='bbox 550 456 704 518; x_wconf 86' lang='lat' dir='ltr'>fugit:</span> <span class='ocrx_word' id='word_1_19' title='bbox 744 456 974 503; x_wconf 82' lang='lat' dir='ltr'>monstris</span> <span class='ocrx_word' id='word_1_20' title='bbox 1004 454 1241 502; x_wconf 83' lang='lat' dir='ltr'>exterrita</span> <span class='ocrx_word' id='word_1_21' title='bbox 1264 454 1463 515; x_wconf 78' lang='lat' dir='ltr'>conjux,</span> 
     </span>
     <span class='ocr_line' id='line_1_5' title="bbox 147 531 1483 594; baseline -0.004 -13"><span class='ocrx_word' id='word_1_22' title='bbox 147 534 368 582; x_wconf 75' lang='lat' dir='ltr'>Territus</span> <span class='ocrx_word' id='word_1_23' title='bbox 395 541 471 581; x_wconf 90' lang='lat' dir='ltr'>est</span> <span class='ocrx_word' id='word_1_24' title='bbox 494 533 763 590; x_wconf 82' lang='lat' dir='ltr'>Athamas3</span> <span class='ocrx_word' id='word_1_25' title='bbox 804 539 1038 594; x_wconf 88' lang='lat' dir='ltr'>tectoque</span> <span class='ocrx_word' id='word_1_26' title='bbox 1065 532 1200 578; x_wconf 79' lang='lat' dir='ltr'>exire</span> <span class='ocrx_word' id='word_1_27' title='bbox 1225 531 1483 594; x_wconf 85' lang='lat' dir='ltr'>parabant.</span> 
     </span>
     <span class='ocr_line' id='line_1_6' title="bbox 151 608 1385 673; baseline -0.004 -14"><span class='ocrx_word' id='word_1_28' title='bbox 151 611 360 659; x_wconf 86' lang='lat' dir='ltr'>Obstitit</span> <span class='ocrx_word' id='word_1_29' title='bbox 384 611 572 666; x_wconf 80' lang='lat' dir='ltr'>infelix,</span> <span class='ocrx_word' id='word_1_30' title='bbox 601 611 893 673; x_wconf 81' lang='lat' dir='ltr'>aditumque</span> <span class='ocrx_word' id='word_1_31' title='bbox 919 610 1115 663; x_wconf 84' lang='lat' dir='ltr'>obsedit</span> <span class='ocrx_word' id='word_1_32' title='bbox 1142 608 1385 672; x_wconf 84' lang='lat' dir='ltr'>Erinnys3</span> 
     </span>
    </p>

    <p class='ocr_par' dir='ltr' id='par_1_3' title="bbox 150 686 1537 1061">
     <span class='ocr_line' id='line_1_7' title="bbox 150 686 1535 752; baseline -0.004 -16"><span class='ocrx_word' id='word_1_33' title='bbox 150 689 197 736; x_wconf 93' lang='lat' dir='ltr'>N</span> <span class='ocrx_word' id='word_1_34' title='bbox 203 705 399 752; x_wconf 85' lang='lat' dir='ltr'>exaque</span> <span class='ocrx_word' id='word_1_35' title='bbox 423 689 635 752; x_wconf 88' lang='lat' dir='ltr'>vipereis</span> <span class='ocrx_word' id='word_1_36' title='bbox 661 688 951 735; x_wconf 85' lang='lat' dir='ltr'>distendens</span> <span class='ocrx_word' id='word_1_37' title='bbox 977 687 1182 734; x_wconf 87' lang='lat' dir='ltr'>brachia</span> <span class='ocrx_word' id='word_1_38' title='bbox 1205 686 1364 741; x_wconf 86' lang='lat' dir='ltr'>nodis,</span> <span class='ocrx_word' id='word_1_39' title='bbox 1437 687 1535 731; x_wconf 77' lang='lat'>490</span> 
     </span>
     <span class='ocr_line' id='line_1_8' title="bbox 151 763 1536 824; baseline -0.003 -11"><span class='ocrx_word' id='word_1_40' title='bbox 151 766 420 814; x_wconf 87' lang='lat' dir='ltr'>Caesariem</span> <span class='ocrx_word' id='word_1_41' title='bbox 445 766 696 814; x_wconf 85' lang='lat' dir='ltr'>excussit:</span> <span class='ocrx_word' id='word_1_42' title='bbox 736 773 882 813; x_wconf 83' lang='lat' dir='ltr'>motae</span> <span class='ocrx_word' id='word_1_43' title='bbox 909 781 1116 812; x_wconf 87' lang='lat' dir='ltr'>sonuere</span> <span class='ocrx_word' id='word_1_44' title='bbox 1141 764 1382 818; x_wconf 86' lang='lat' dir='ltr'>colubrae;</span> <span class='ocrx_word' id='word_1_45' title='bbox 1447 763 1536 824; x_wconf 83' lang='lat' dir='ltr'>[sae</span> 
     </span>
     <span class='ocr_line' id='line_1_9' title="bbox 150 840 1536 907; baseline -0.004 -17"><span class='ocrx_word' id='word_1_46' title='bbox 150 843 377 907; x_wconf 83' lang='lat' dir='ltr'>Parsque</span> <span class='ocrx_word' id='word_1_47' title='bbox 391 845 561 907; x_wconf 88' lang='lat' dir='ltr'>jacent</span> <span class='ocrx_word' id='word_1_48' title='bbox 577 844 820 901; x_wconf 83' lang='lat' dir='ltr'>humeris3</span> <span class='ocrx_word' id='word_1_49' title='bbox 850 859 964 907; x_wconf 88' lang='lat' dir='ltr'>pars</span> <span class='ocrx_word' id='word_1_50' title='bbox 986 842 1171 889; x_wconf 88' lang='lat' dir='ltr'>circum</span> <span class='ocrx_word' id='word_1_51' title='bbox 1193 848 1418 904; x_wconf 88' lang='lat' dir='ltr'>tempora</span> <span class='ocrx_word' id='word_1_52' title='bbox 1430 840 1536 903; x_wconf 90' lang='lat' dir='ltr'>lap-</span> 
     </span>
     <span class='ocr_line' id='line_1_10' title="bbox 152 920 1537 985; baseline -0.003 -18"><span class='ocrx_word' id='word_1_53' title='bbox 152 920 309 968; x_wconf 87' lang='lat' dir='ltr'>Sibila</span> <span class='ocrx_word' id='word_1_54' title='bbox 332 921 470 977; x_wconf 87' lang='lat' dir='ltr'>dant,</span> <span class='ocrx_word' id='word_1_55' title='bbox 488 921 782 985; x_wconf 89' lang='lat' dir='ltr'>saniemque</span> <span class='ocrx_word' id='word_1_56' title='bbox 802 929 1023 976; x_wconf 88' lang='lat' dir='ltr'>vomunt,</span> <span class='ocrx_word' id='word_1_57' title='bbox 1047 920 1344 982; x_wconf 83' lang='lat' dir='ltr'>linguasque</span> <span class='ocrx_word' id='word_1_58' title='bbox 1370 933 1537 964; x_wconf 89' lang='lat' dir='ltr'>corus-</span> 
     </span>
     <span class='ocr_line' id='line_1_11' title="bbox 151 996 1536 1061; baseline -0.003 -17"><span class='ocrx_word' id='word_1_59' title='bbox 151 997 275 1045; x_wconf 88' lang='lat' dir='ltr'>Inde</span> <span class='ocrx_word' id='word_1_60' title='bbox 292 998 416 1045; x_wconf 92' lang='lat' dir='ltr'>duos</span> <span class='ocrx_word' id='word_1_61' title='bbox 431 998 608 1046; x_wconf 90' lang='lat' dir='ltr'>mediis</span> <span class='ocrx_word' id='word_1_62' title='bbox 625 998 875 1061; x_wconf 88' lang='lat' dir='ltr'>abrumpit</span> <span class='ocrx_word' id='word_1_63' title='bbox 890 998 1107 1044; x_wconf 84' lang='lat' dir='ltr'>crinibus</span> <span class='ocrx_word' id='word_1_64' title='bbox 1128 1013 1315 1059; x_wconf 81' lang='lat' dir='ltr'>angues</span> <span class='ocrx_word' id='word_1_65' title='bbox 1334 1014 1344 1053; x_wconf 92' lang='lat'>;</span> <span class='ocrx_word' id='word_1_66' title='bbox 1382 996 1536 1057; x_wconf 84' lang='lat' dir='ltr'>[cant.</span> 
     </span>
    </p>
   </div>
   <div class='ocr_carea' id='block_1_3' title="bbox 152 1072 1307 1139">
    <p class='ocr_par' dir='ltr' id='par_1_4' title="bbox 152 1072 1307 1139">
     <span class='ocr_line' id='line_1_12' title="bbox 152 1072 1307 1139; baseline -0.002 -18"><span class='ocrx_word' id='word_1_67' title='bbox 152 1073 498 1139; x_wconf 89' lang='lat' dir='ltr'>Pestiferaque</span> <span class='ocrx_word' id='word_1_68' title='bbox 523 1092 671 1123; x_wconf 86' lang='lat' dir='ltr'>manu</span> <span class='ocrx_word' id='word_1_69' title='bbox 697 1082 864 1139; x_wconf 88' lang='lat' dir='ltr'>raptos</span> <span class='ocrx_word' id='word_1_70' title='bbox 889 1074 1119 1122; x_wconf 87' lang='lat' dir='ltr'>immisit:</span> <span class='ocrx_word' id='word_1_71' title='bbox 1161 1080 1212 1120; x_wconf 86' lang='lat' dir='ltr'>at</span> <span class='ocrx_word' id='word_1_72' title='bbox 1236 1072 1307 1119; x_wconf 91' lang='lat' dir='ltr'>illi</span> 
     </span>
    </p>
   </div>
   <div class='ocr_carea' id='block_1_4' title="bbox 153 1225 832 2794">
    <p class='ocr_par' dir='ltr' id='par_1_5' title="bbox 153 1225 825 2092">
     <span class='ocr_line' id='line_1_13' title="bbox 195 1225 814 1266; baseline 0.003 -12"><span class='ocrx_word' id='word_1_73' title='bbox 195 1225 268 1255; x_wconf 87' lang='lat'>485.</span> <span class='ocrx_word' id='word_1_74' title='bbox 293 1225 393 1255; x_wconf 80' lang='lat' dir='ltr'>Postes</span> <span class='ocrx_word' id='word_1_75' title='bbox 407 1226 588 1266; x_wconf 64' lang='lat' dir='ltr'>tremuisse]</span> <span class='ocrx_word' id='word_1_76' title='bbox 617 1226 737 1256; x_wconf 82' lang='lat' dir='ltr'>Tremor</span> <span class='ocrx_word' id='word_1_77' title='bbox 752 1225 814 1266; x_wconf 84' lang='lat' dir='ltr'>sig-</span> 
     </span>
     <span class='ocr_line' id='line_1_14' title="bbox 154 1273 813 1313; baseline 0.002 -10"><span class='ocrx_word' id='word_1_78' title='bbox 154 1283 227 1303; x_wconf 87' lang='lat' dir='ltr'>num</span> <span class='ocrx_word' id='word_1_79' title='bbox 243 1273 474 1305; x_wconf 89' lang='lat' dir='ltr'>advenientium</span> <span class='ocrx_word' id='word_1_80' title='bbox 491 1275 631 1305; x_wconf 85' lang='lat' dir='ltr'>Deorum</span> <span class='ocrx_word' id='word_1_81' title='bbox 645 1287 652 1313; x_wconf 80' lang='lat'>3</span> <span class='ocrx_word' id='word_1_82' title='bbox 675 1275 719 1306; x_wconf 86' lang='lat' dir='ltr'>ix.</span> <span class='ocrx_word' id='word_1_83' title='bbox 732 1275 793 1305; x_wconf 80' lang='lat'>782</span> <span class='ocrx_word' id='word_1_84' title='bbox 807 1287 813 1304; x_wconf 90' lang='lat'>:</span> 
     </span>
     <span class='ocr_line' id='line_1_15' title="bbox 153 1323 816 1365; baseline 0.002 -13"><span class='ocrx_word' id='word_1_85' title='bbox 153 1328 181 1352; x_wconf 84' lang='lat' dir='ltr'>et</span> <span class='ocrx_word' id='word_1_86' title='bbox 197 1323 297 1362; x_wconf 82' lang='lat' dir='ltr'>templi</span> <span class='ocrx_word' id='word_1_87' title='bbox 310 1324 561 1365; x_wconf 80' lang='lat' dir='ltr'>tremuerefores.</span> <span class='ocrx_word' id='word_1_88' title='bbox 601 1324 700 1354; x_wconf 79' lang='lat' dir='ltr'>Postes</span> <span class='ocrx_word' id='word_1_89' title='bbox 712 1324 816 1360; x_wconf 78' lang='lat' dir='ltr'>AEolii‚</span> 
     </span>
     <span class='ocr_line' id='line_1_16' title="bbox 155 1371 817 1413; baseline 0.002 -11"><span class='ocrx_word' id='word_1_90' title='bbox 155 1371 246 1413; x_wconf 83' lang='lat' dir='ltr'>regiae</span> <span class='ocrx_word' id='word_1_91' title='bbox 268 1382 362 1413; x_wconf 89' lang='lat' dir='ltr'>quam</span> <span class='ocrx_word' id='word_1_92' title='bbox 388 1372 525 1403; x_wconf 87' lang='lat' dir='ltr'>habebat</span> <span class='ocrx_word' id='word_1_93' title='bbox 545 1372 710 1409; x_wconf 85' lang='lat' dir='ltr'>Athamas,</span> <span class='ocrx_word' id='word_1_94' title='bbox 735 1373 817 1403; x_wconf 86' lang='lat' dir='ltr'>filius</span> 
     </span>
     <span class='ocr_line' id='line_1_17' title="bbox 155 1420 819 1463; baseline 0.002 -12"><span class='ocrx_word' id='word_1_95' title='bbox 155 1420 251 1452; x_wconf 88' lang='lat' dir='ltr'>AEoli.</span> <span class='ocrx_word' id='word_1_96' title='bbox 304 1422 423 1452; x_wconf 78' lang='lat' dir='ltr'>Acerna</span> <span class='ocrx_word' id='word_1_97' title='bbox 446 1421 532 1463; x_wconf 83' lang='lat' dir='ltr'>ligna</span> <span class='ocrx_word' id='word_1_98' title='bbox 554 1433 615 1452; x_wconf 92' lang='lat' dir='ltr'>non</span> <span class='ocrx_word' id='word_1_99' title='bbox 642 1421 720 1452; x_wconf 89' lang='lat' dir='ltr'>adeo</span> <span class='ocrx_word' id='word_1_100' title='bbox 743 1422 819 1453; x_wconf 88' lang='lat' dir='ltr'>vilia</span> 
     </span>
     <span class='ocr_line' id='line_1_18' title="bbox 155 1471 816 1513; baseline 0.003 -13"><span class='ocrx_word' id='word_1_101' title='bbox 155 1477 253 1506; x_wconf 85' lang='lat' dir='ltr'>erant,</span> <span class='ocrx_word' id='word_1_102' title='bbox 269 1477 303 1501; x_wconf 94' lang='lat' dir='ltr'>ut</span> <span class='ocrx_word' id='word_1_103' title='bbox 318 1472 516 1502; x_wconf 85' lang='lat' dir='ltr'>Burmannus</span> <span class='ocrx_word' id='word_1_104' title='bbox 531 1471 589 1502; x_wconf 84' lang='lat' dir='ltr'>sibi</span> <span class='ocrx_word' id='word_1_105' title='bbox 610 1477 816 1513; x_wconf 82' lang='lat' dir='ltr'>persuaserat,</span> 
     </span>
     <span class='ocr_line' id='line_1_19' title="bbox 157 1519 819 1562; baseline 0.003 -13"><span class='ocrx_word' id='word_1_106' title='bbox 157 1519 210 1561; x_wconf 91' lang='lat' dir='ltr'>qui</span> <span class='ocrx_word' id='word_1_107' title='bbox 226 1520 350 1562; x_wconf 87' lang='lat' dir='ltr'>praefert</span> <span class='ocrx_word' id='word_1_108' title='bbox 365 1520 422 1551; x_wconf 88' lang='lat' dir='ltr'>hoc</span> <span class='ocrx_word' id='word_1_109' title='bbox 438 1521 506 1551; x_wconf 89' lang='lat' dir='ltr'>loco</span> <span class='ocrx_word' id='word_1_110' title='bbox 522 1522 658 1552; x_wconf 78' lang='lat' dir='ltr'>eburnas.</span> <span class='ocrx_word' id='word_1_111' title='bbox 696 1522 819 1551; x_wconf 79' lang='lat' dir='ltr'>Acernae</span> 
     </span>
     <span class='ocr_line' id='line_1_20' title="bbox 155 1569 819 1612; baseline 0.002 -13"><span class='ocrx_word' id='word_1_112' title='bbox 155 1580 269 1606; x_wconf 82' lang='lat' dir='ltr'>mensae,</span> <span class='ocrx_word' id='word_1_113' title='bbox 292 1569 405 1611; x_wconf 88' lang='lat' dir='ltr'>quibus</span> <span class='ocrx_word' id='word_1_114' title='bbox 431 1570 514 1600; x_wconf 84' lang='lat' dir='ltr'>Plin.</span> <span class='ocrx_word' id='word_1_115' title='bbox 537 1569 599 1600; x_wconf 85' lang='lat' dir='ltr'>xvi.</span> <span class='ocrx_word' id='word_1_116' title='bbox 619 1572 667 1601; x_wconf 86' lang='lat'>15.</span> <span class='ocrx_word' id='word_1_117' title='bbox 688 1570 819 1612; x_wconf 79' lang='lat' dir='ltr'>primam</span> 
     </span>
     <span class='ocr_line' id='line_1_21' title="bbox 156 1619 820 1660; baseline 0 -11"><span class='ocrx_word' id='word_1_118' title='bbox 156 1624 225 1659; x_wconf 90' lang='lat' dir='ltr'>post</span> <span class='ocrx_word' id='word_1_119' title='bbox 241 1619 352 1650; x_wconf 86' lang='lat' dir='ltr'>citreas</span> <span class='ocrx_word' id='word_1_120' title='bbox 373 1619 502 1660; x_wconf 87' lang='lat' dir='ltr'>gloriam</span> <span class='ocrx_word' id='word_1_121' title='bbox 524 1619 645 1655; x_wconf 85' lang='lat' dir='ltr'>tribuit,</span> <span class='ocrx_word' id='word_1_122' title='bbox 663 1619 695 1650; x_wconf 91' lang='lat' dir='ltr'>in</span> <span class='ocrx_word' id='word_1_123' title='bbox 715 1620 820 1660; x_wconf 88' lang='lat' dir='ltr'>supel-</span> 
     </span>
     <span class='ocr_line' id='line_1_22' title="bbox 156 1667 820 1709; baseline 0.002 -12"><span class='ocrx_word' id='word_1_124' title='bbox 156 1667 261 1699; x_wconf 87' lang='lat' dir='ltr'>lectile</span> <span class='ocrx_word' id='word_1_125' title='bbox 282 1679 390 1709; x_wconf 88' lang='lat' dir='ltr'>regum</span> <span class='ocrx_word' id='word_1_126' title='bbox 405 1674 437 1699; x_wconf 89' lang='lat' dir='ltr'>et</span> <span class='ocrx_word' id='word_1_127' title='bbox 450 1668 699 1699; x_wconf 85' lang='lat' dir='ltr'>beatissimorum</span> <span class='ocrx_word' id='word_1_128' title='bbox 722 1667 820 1698; x_wconf 89' lang='lat' dir='ltr'>homi-</span> 
     </span>
     <span class='ocr_line' id='line_1_23' title="bbox 157 1718 819 1753; baseline 0.002 -7"><span class='ocrx_word' id='word_1_129' title='bbox 157 1727 233 1746; x_wconf 92' lang='lat' dir='ltr'>num</span> <span class='ocrx_word' id='word_1_130' title='bbox 257 1724 537 1748; x_wconf 84' lang='lat' dir='ltr'>commemorantur</span> <span class='ocrx_word' id='word_1_131' title='bbox 562 1728 580 1747; x_wconf 90' lang='lat' dir='ltr'>a</span> <span class='ocrx_word' id='word_1_132' title='bbox 607 1718 735 1753; x_wconf 83' lang='lat' dir='ltr'>Nostro,</span> <span class='ocrx_word' id='word_1_133' title='bbox 764 1718 819 1748; x_wconf 77' lang='lat' dir='ltr'>xii.</span> 
     </span>
     <span class='ocr_line' id='line_1_24' title="bbox 157 1767 820 1798; baseline 0.003 -2"><span class='ocrx_word' id='word_1_134' title='bbox 157 1767 230 1797; x_wconf 78' lang='lat'>254.</span> <span class='ocrx_word' id='word_1_135' title='bbox 247 1771 279 1797; x_wconf 88' lang='lat' dir='ltr'>et</span> <span class='ocrx_word' id='word_1_136' title='bbox 305 1767 343 1797; x_wconf 88' lang='lat' dir='ltr'>ab</span> <span class='ocrx_word' id='word_1_137' title='bbox 369 1767 480 1798; x_wconf 87' lang='lat' dir='ltr'>Horat.</span> <span class='ocrx_word' id='word_1_138' title='bbox 500 1767 547 1797; x_wconf 90' lang='grc' dir='ltr'>ΙΙ.</span> <span class='ocrx_word' id='word_1_139' title='bbox 574 1768 672 1798; x_wconf 86' lang='lat' dir='ltr'>Serm.</span> <span class='ocrx_word' id='word_1_140' title='bbox 688 1767 752 1798; x_wconf 90' lang='lat' dir='ltr'>viii.</span> <span class='ocrx_word' id='word_1_141' title='bbox 769 1768 820 1798; x_wconf 90' lang='grc'>10.</span> 
     </span>
     <span class='ocr_line' id='line_1_25' title="bbox 157 1814 822 1857; baseline 0 -12"><span class='ocrx_word' id='word_1_142' title='bbox 157 1815 270 1857; x_wconf 83' lang='lat' dir='ltr'>Itaque</span> <span class='ocrx_word' id='word_1_143' title='bbox 293 1814 403 1857; x_wconf 89' lang='lat' dir='ltr'>priscis</span> <span class='ocrx_word' id='word_1_144' title='bbox 421 1815 483 1847; x_wconf 86' lang='lat' dir='ltr'>illis</span> <span class='ocrx_word' id='word_1_145' title='bbox 506 1822 537 1846; x_wconf 91' lang='lat' dir='ltr'>et</span> <span class='ocrx_word' id='word_1_146' title='bbox 558 1826 576 1847; x_wconf 88' lang='lat' dir='ltr'>a</span> <span class='ocrx_word' id='word_1_147' title='bbox 597 1816 673 1846; x_wconf 85' lang='lat' dir='ltr'>luxu</span> <span class='ocrx_word' id='word_1_148' title='bbox 698 1815 822 1846; x_wconf 90' lang='lat' dir='ltr'>remotis</span> 
     </span>
     <span class='ocr_line' id='line_1_26' title="bbox 159 1864 824 1906; baseline 0.002 -12"><span class='ocrx_word' id='word_1_149' title='bbox 159 1865 351 1906; x_wconf 84' lang='lat' dir='ltr'>temporibus</span> <span class='ocrx_word' id='word_1_150' title='bbox 373 1864 451 1896; x_wconf 90' lang='lat' dir='ltr'>solia</span> <span class='ocrx_word' id='word_1_151' title='bbox 477 1865 555 1896; x_wconf 88' lang='lat' dir='ltr'>adeo</span> <span class='ocrx_word' id='word_1_152' title='bbox 578 1876 685 1906; x_wconf 84' lang='lat' dir='ltr'>regum</span> <span class='ocrx_word' id='word_1_153' title='bbox 708 1865 824 1896; x_wconf 87' lang='lat' dir='ltr'>fiebant</span> 
     </span>
     <span class='ocr_line' id='line_1_27' title="bbox 161 1913 824 1954; baseline 0 -10"><span class='ocrx_word' id='word_1_154' title='bbox 161 1923 198 1944; x_wconf 84' lang='lat' dir='ltr'>ex</span> <span class='ocrx_word' id='word_1_155' title='bbox 225 1913 282 1944; x_wconf 91' lang='lat' dir='ltr'>hoc</span> <span class='ocrx_word' id='word_1_156' title='bbox 306 1913 402 1954; x_wconf 84' lang='lat' dir='ltr'>ligno.</span> <span class='ocrx_word' id='word_1_157' title='bbox 426 1915 511 1945; x_wconf 86' lang='lat' dir='ltr'>Fast.</span> <span class='ocrx_word' id='word_1_158' title='bbox 528 1913 572 1944; x_wconf 86' lang='lat' dir='ltr'>iii.</span> <span class='ocrx_word' id='word_1_159' title='bbox 588 1915 661 1945; x_wconf 86' lang='lat'>359.</span> <span class='ocrx_word' id='word_1_160' title='bbox 682 1926 824 1945; x_wconf 81' lang='lat' dir='ltr'>acernum</span> 
     </span>
     <span class='ocr_line' id='line_1_28' title="bbox 160 1963 825 1994; baseline 0.002 -1"><span class='ocrx_word' id='word_1_161' title='bbox 160 1963 192 1992; x_wconf 91' lang='lat' dir='ltr'>N</span> <span class='ocrx_word' id='word_1_162' title='bbox 195 1973 275 1993; x_wconf 88' lang='lat' dir='ltr'>umae</span> <span class='ocrx_word' id='word_1_163' title='bbox 285 1963 402 1993; x_wconf 80' lang='lat' dir='ltr'>solium.</span> <span class='ocrx_word' id='word_1_164' title='bbox 435 1963 741 1994; x_wconf 82' lang='lat' dir='ltr'>Excellentissimum</span> <span class='ocrx_word' id='word_1_165' title='bbox 755 1974 825 1994; x_wconf 90' lang='lat' dir='ltr'>ace-</span> 
     </span>
     <span class='ocr_line' id='line_1_29' title="bbox 160 2011 823 2055; baseline 0.003 -13"><span class='ocrx_word' id='word_1_166' title='bbox 160 2011 201 2042; x_wconf 88' lang='lat' dir='ltr'>ris</span> <span class='ocrx_word' id='word_1_167' title='bbox 215 2021 313 2053; x_wconf 90' lang='lat' dir='ltr'>genus</span> <span class='ocrx_word' id='word_1_168' title='bbox 328 2018 375 2042; x_wconf 89' lang='lat' dir='ltr'>est</span> <span class='ocrx_word' id='word_1_169' title='bbox 390 2012 504 2043; x_wconf 88' lang='lat' dir='ltr'>flavum</span> <span class='ocrx_word' id='word_1_170' title='bbox 521 2018 552 2043; x_wconf 90' lang='lat' dir='ltr'>et</span> <span class='ocrx_word' id='word_1_171' title='bbox 567 2013 668 2055; x_wconf 89' lang='lat' dir='ltr'>crispo</span> <span class='ocrx_word' id='word_1_172' title='bbox 683 2013 823 2044; x_wconf 82' lang='lat' dir='ltr'>macula-</span> 
     </span>
     <span class='ocr_line' id='line_1_30' title="bbox 161 2061 398 2092; baseline 0 -1"><span class='ocrx_word' id='word_1_173' title='bbox 161 2072 230 2092; x_wconf 90' lang='lat' dir='ltr'>rum</span> <span class='ocrx_word' id='word_1_174' title='bbox 244 2061 398 2092; x_wconf 82' lang='lat' dir='ltr'>discursu.</span> 
     </span>
    </p>

    <p class='ocr_par' dir='ltr' id='par_1_6' title="bbox 160 2109 832 2794">
     <span class='ocr_line' id='line_1_31' title="bbox 203 2109 824 2152; baseline 0.003 -11"><span class='ocrx_word' id='word_1_175' title='bbox 203 2112 277 2142; x_wconf 82' lang='lat'>487.</span> <span class='ocrx_word' id='word_1_176' title='bbox 299 2110 410 2141; x_wconf 88' lang='lat' dir='ltr'>Sidera</span> <span class='ocrx_word' id='word_1_177' title='bbox 414 2109 543 2152; x_wconf 79' lang='lat' dir='ltr'>fugere,</span> <span class='ocrx_word' id='word_1_178' title='bbox 561 2111 594 2142; x_wconf 86' lang='lat' dir='ltr'>id</span> <span class='ocrx_word' id='word_1_179' title='bbox 610 2117 667 2148; x_wconf 88' lang='lat' dir='ltr'>est,</span> <span class='ocrx_word' id='word_1_180' title='bbox 684 2123 716 2143; x_wconf 89' lang='lat' dir='ltr'>se</span> <span class='ocrx_word' id='word_1_181' title='bbox 734 2111 824 2143; x_wconf 90' lang='lat' dir='ltr'>nubi-</span> 
     </span>
     <span class='ocr_line' id='line_1_32' title="bbox 160 2160 825 2202; baseline 0.003 -12"><span class='ocrx_word' id='word_1_182' title='bbox 160 2161 220 2191; x_wconf 87' lang='lat' dir='ltr'>bus</span> <span class='ocrx_word' id='word_1_183' title='bbox 234 2167 350 2201; x_wconf 86' lang='lat' dir='ltr'>tegere,</span> <span class='ocrx_word' id='word_1_184' title='bbox 363 2160 532 2201; x_wconf 87' lang='lat' dir='ltr'>finguntur,</span> <span class='ocrx_word' id='word_1_185' title='bbox 549 2162 675 2202; x_wconf 87' lang='lat' dir='ltr'>quando</span> <span class='ocrx_word' id='word_1_186' title='bbox 691 2173 738 2193; x_wconf 89' lang='lat' dir='ltr'>res</span> <span class='ocrx_word' id='word_1_187' title='bbox 752 2163 825 2193; x_wconf 83' lang='lat' dir='ltr'>abo-</span> 
     </span>
     <span class='ocr_line' id='line_1_33' title="bbox 163 2210 827 2254; baseline 0.002 -13"><span class='ocrx_word' id='word_1_188' title='bbox 163 2211 320 2242; x_wconf 84' lang='lat' dir='ltr'>minabilis</span> <span class='ocrx_word' id='word_1_189' title='bbox 355 2210 482 2253; x_wconf 84' lang='lat' dir='ltr'>geritur,</span> <span class='ocrx_word' id='word_1_190' title='bbox 513 2222 551 2241; x_wconf 88' lang='lat' dir='ltr'>ne</span> <span class='ocrx_word' id='word_1_191' title='bbox 587 2217 717 2253; x_wconf 88' lang='lat' dir='ltr'>aspectu</span> <span class='ocrx_word' id='word_1_192' title='bbox 759 2212 827 2254; x_wconf 88' lang='lat' dir='ltr'>ejus</span> 
     </span>
     <span class='ocr_line' id='line_1_34' title="bbox 165 2260 826 2297; baseline -0.002 -6"><span class='ocrx_word' id='word_1_193' title='bbox 165 2260 375 2291; x_wconf 85' lang='lat' dir='ltr'>offendantur.</span> <span class='ocrx_word' id='word_1_194' title='bbox 390 2271 421 2292; x_wconf 82' lang='lat' dir='ltr'>x.</span> <span class='ocrx_word' id='word_1_195' title='bbox 436 2261 510 2290; x_wconf 86' lang='lat'>448.</span> <span class='ocrx_word' id='word_1_196' title='bbox 556 2260 705 2296; x_wconf 75' lang='lat' dir='ltr'>Monstra,</span> <span class='ocrx_word' id='word_1_197' title='bbox 722 2260 826 2297; x_wconf 83' lang='lat' dir='ltr'>Furia,</span> 
     </span>
     <span class='ocr_line' id='line_1_35' title="bbox 165 2309 829 2345; baseline 0 -5"><span class='ocrx_word' id='word_1_198' title='bbox 165 2309 296 2345; x_wconf 87' lang='lat' dir='ltr'>Luctus,</span> <span class='ocrx_word' id='word_1_199' title='bbox 323 2315 383 2340; x_wconf 86' lang='lat' dir='ltr'>etc.</span> <span class='ocrx_word' id='word_1_200' title='bbox 437 2309 605 2345; x_wconf 63' lang='lat' dir='ltr'>Emer-rita,</span> <span class='ocrx_word' id='word_1_201' title='bbox 633 2316 829 2340; x_wconf 83' lang='lat' dir='ltr'>consternata</span> 
     </span>
     <span class='ocr_line' id='line_1_36' title="bbox 164 2358 828 2400; baseline -0.002 -10"><span class='ocrx_word' id='word_1_202' title='bbox 164 2364 195 2390; x_wconf 86' lang='lat' dir='ltr'>et</span> <span class='ocrx_word' id='word_1_203' title='bbox 211 2364 315 2389; x_wconf 85' lang='lat' dir='ltr'>mente</span> <span class='ocrx_word' id='word_1_204' title='bbox 329 2358 466 2400; x_wconf 88' lang='lat' dir='ltr'>dejecta.</span> <span class='ocrx_word' id='word_1_205' title='bbox 512 2358 652 2389; x_wconf 82' lang='lat' dir='ltr'>Verbum</span> <span class='ocrx_word' id='word_1_206' title='bbox 672 2358 828 2400; x_wconf 89' lang='lat' dir='ltr'>proprium</span> 
     </span>
     <span class='ocr_line' id='line_1_37' title="bbox 164 2407 829 2449; baseline 0 -11"><span class='ocrx_word' id='word_1_207' title='bbox 164 2408 203 2438; x_wconf 91' lang='lat' dir='ltr'>de</span> <span class='ocrx_word' id='word_1_208' title='bbox 219 2407 266 2444; x_wconf 90' lang='lat' dir='ltr'>iis,</span> <span class='ocrx_word' id='word_1_209' title='bbox 283 2407 337 2449; x_wconf 89' lang='lat' dir='ltr'>qui</span> <span class='ocrx_word' id='word_1_210' title='bbox 353 2407 496 2438; x_wconf 81' lang='lat' dir='ltr'>monstris</span> <span class='ocrx_word' id='word_1_211' title='bbox 512 2413 543 2437; x_wconf 90' lang='lat' dir='ltr'>et</span> <span class='ocrx_word' id='word_1_212' title='bbox 559 2407 645 2437; x_wconf 81' lang='lat' dir='ltr'>furiis</span> <span class='ocrx_word' id='word_1_213' title='bbox 659 2413 829 2449; x_wconf 81' lang='lat' dir='ltr'>terrentur3</span> 
     </span>
     <span class='ocr_line' id='line_1_38' title="bbox 168 2456 831 2498; baseline 0 -11"><span class='ocrx_word' id='word_1_214' title='bbox 168 2457 232 2488; x_wconf 90' lang='lat' dir='ltr'>vid.</span> <span class='ocrx_word' id='word_1_215' title='bbox 243 2456 386 2498; x_wconf 82' lang='lat' dir='ltr'>Heynius</span> <span class='ocrx_word' id='word_1_216' title='bbox 398 2456 438 2486; x_wconf 86' lang='lat' dir='ltr'>ad</span> <span class='ocrx_word' id='word_1_217' title='bbox 447 2456 695 2497; x_wconf 77' lang='lat' dir='ltr'>VirgiLAEneid.</span> <span class='ocrx_word' id='word_1_218' title='bbox 707 2457 748 2487; x_wconf 89' lang='lat' dir='ltr'>iv.</span> <span class='ocrx_word' id='word_1_219' title='bbox 758 2458 831 2487; x_wconf 74' lang='lat'>450.</span> 
     </span>
     <span class='ocr_line' id='line_1_39' title="bbox 166 2505 831 2547; baseline -0.003 -9"><span class='ocrx_word' id='word_1_220' title='bbox 166 2513 197 2538; x_wconf 81' lang='lat' dir='ltr'>et</span> <span class='ocrx_word' id='word_1_221' title='bbox 227 2507 343 2547; x_wconf 84' lang='lat' dir='ltr'>Georg.</span> <span class='ocrx_word' id='word_1_222' title='bbox 372 2505 416 2536; x_wconf 89' lang='lat' dir='ltr'>iii.</span> <span class='ocrx_word' id='word_1_223' title='bbox 442 2507 515 2536; x_wconf 82' lang='lat'>434.</span> <span class='ocrx_word' id='word_1_224' title='bbox 553 2506 761 2541; x_wconf 86' lang='lat' dir='ltr'>Burmannus,</span> <span class='ocrx_word' id='word_1_225' title='bbox 791 2506 831 2536; x_wconf 85' lang='lat' dir='ltr'>ad</span> 
     </span>
     <span class='ocr_line' id='line_1_40' title="bbox 166 2555 829 2591; baseline 0 -5"><span class='ocrx_word' id='word_1_226' title='bbox 166 2555 292 2586; x_wconf 84' lang='lat' dir='ltr'>Phaedr.</span> <span class='ocrx_word' id='word_1_227' title='bbox 306 2555 348 2586; x_wconf 92' lang='lat' dir='ltr'>iii.</span> <span class='ocrx_word' id='word_1_228' title='bbox 367 2555 430 2585; x_wconf 84' lang='lat' dir='ltr'>fab.</span> <span class='ocrx_word' id='word_1_229' title='bbox 441 2556 473 2585; x_wconf 87' lang='lat'>3.</span> <span class='ocrx_word' id='word_1_230' title='bbox 490 2561 605 2591; x_wconf 85' lang='lat' dir='ltr'>monet,</span> <span class='ocrx_word' id='word_1_231' title='bbox 621 2566 743 2586; x_wconf 90' lang='lat' dir='ltr'>summa</span> <span class='ocrx_word' id='word_1_232' title='bbox 757 2566 829 2586; x_wconf 88' lang='lat' dir='ltr'>cum</span> 
     </span>
     <span class='ocr_line' id='line_1_41' title="bbox 162 2604 829 2646; baseline 0 -11"><span class='ocrx_word' id='word_1_233' title='bbox 162 2604 274 2646; x_wconf 82' lang='lat' dir='ltr'>judicii</span> <span class='ocrx_word' id='word_1_234' title='bbox 289 2604 446 2645; x_wconf 82' lang='lat' dir='ltr'>elegantia</span> <span class='ocrx_word' id='word_1_235' title='bbox 461 2606 593 2635; x_wconf 86' lang='lat' dir='ltr'>Poetam</span> <span class='ocrx_word' id='word_1_236' title='bbox 614 2605 759 2646; x_wconf 86' lang='lat' dir='ltr'>majorem</span> <span class='ocrx_word' id='word_1_237' title='bbox 776 2606 829 2635; x_wconf 86' lang='lat' dir='ltr'>de-</span> 
     </span>
     <span class='ocr_line' id='line_1_42' title="bbox 167 2653 830 2696; baseline -0.002 -12"><span class='ocrx_word' id='word_1_238' title='bbox 167 2653 249 2684; x_wconf 86' lang='lat' dir='ltr'>disse</span> <span class='ocrx_word' id='word_1_239' title='bbox 265 2653 388 2684; x_wconf 85' lang='lat' dir='ltr'>seminae</span> <span class='ocrx_word' id='word_1_240' title='bbox 407 2658 564 2690; x_wconf 83' lang='lat' dir='ltr'>terrorem,</span> <span class='ocrx_word' id='word_1_241' title='bbox 579 2665 673 2695; x_wconf 88' lang='lat' dir='ltr'>quam</span> <span class='ocrx_word' id='word_1_242' title='bbox 686 2654 764 2690; x_wconf 86' lang='lat' dir='ltr'>viro,</span> <span class='ocrx_word' id='word_1_243' title='bbox 776 2654 830 2696; x_wconf 92' lang='lat' dir='ltr'>qui</span> 
     </span>
     <span class='ocr_line' id='line_1_43' title="bbox 167 2702 832 2734; baseline -0.003 0"><span class='ocrx_word' id='word_1_244' title='bbox 167 2702 391 2734; x_wconf 85' lang='lat' dir='ltr'>constantiores</span> <span class='ocrx_word' id='word_1_245' title='bbox 406 2713 474 2733; x_wconf 83' lang='lat' dir='ltr'>esse</span> <span class='ocrx_word' id='word_1_246' title='bbox 489 2703 627 2734; x_wconf 82' lang='lat' dir='ltr'>soleant:</span> <span class='ocrx_word' id='word_1_247' title='bbox 650 2704 733 2734; x_wconf 87' lang='lat' dir='ltr'>verb.</span> <span class='ocrx_word' id='word_1_248' title='bbox 749 2703 832 2733; x_wconf 88' lang='lat' dir='ltr'>enim</span> 
     </span>
     <span class='ocr_line' id='line_1_44' title="bbox 168 2751 830 2794; baseline 0.005 -14"><span class='ocrx_word' id='word_1_249' title='bbox 168 2753 275 2782; x_wconf 85' lang='lat' dir='ltr'>terreri</span> <span class='ocrx_word' id='word_1_250' title='bbox 315 2751 417 2786; x_wconf 85' lang='lat' dir='ltr'>minus</span> <span class='ocrx_word' id='word_1_251' title='bbox 454 2752 627 2794; x_wconf 84' lang='lat' dir='ltr'>siguificare</span> <span class='ocrx_word' id='word_1_252' title='bbox 657 2759 830 2793; x_wconf 82' lang='lat' dir='ltr'>argutatur.</span> 
     </span>
    </p>
   </div>
   <div class='ocr_carea' id='block_1_5' title="bbox 1441 1074 1538 1118">
    <p class='ocr_par' dir='ltr' id='par_1_7' title="bbox 1441 1074 1538 1118">
     <span class='ocr_line' id='line_1_45' title="bbox 1441 1074 1538 1118; baseline 0.01 -1"><span class='ocrx_word' id='word_1_253' title='bbox 1441 1074 1538 1118; x_wconf 79' lang='lat'>495</span> 
     </span>
    </p>
   </div>
   <div class='ocr_carea' id='block_1_6' title="bbox 880 1221 1560 2791">
    <p class='ocr_par' dir='ltr' id='par_1_8' title="bbox 880 1221 1552 2004">
     <span class='ocr_line' id='line_1_46' title="bbox 882 1221 1540 1267; baseline -0.008 -11"><span class='ocrx_word' id='word_1_254' title='bbox 882 1226 971 1267; x_wconf 87' lang='lat' dir='ltr'>Saepe</span> <span class='ocrx_word' id='word_1_255' title='bbox 988 1225 1082 1256; x_wconf 84' lang='lat' dir='ltr'>ovid.</span> <span class='ocrx_word' id='word_1_256' title='bbox 1097 1223 1209 1266; x_wconf 83' lang='lat' dir='ltr'>repetit</span> <span class='ocrx_word' id='word_1_257' title='bbox 1229 1222 1359 1264; x_wconf 86' lang='lat' dir='ltr'>simplex</span> <span class='ocrx_word' id='word_1_258' title='bbox 1383 1221 1435 1252; x_wconf 93' lang='lat' dir='ltr'>ubi</span> <span class='ocrx_word' id='word_1_259' title='bbox 1457 1232 1540 1252; x_wconf 82' lang='lat' dir='ltr'>eorn-</span> 
     </span>
     <span class='ocr_line' id='line_1_47' title="bbox 880 1271 1542 1316; baseline -0.003 -11"><span class='ocrx_word' id='word_1_260' title='bbox 880 1274 1015 1315; x_wconf 87' lang='lat' dir='ltr'>positum</span> <span class='ocrx_word' id='word_1_261' title='bbox 1043 1273 1224 1316; x_wconf 62' lang='lat' dir='ltr'>praecessit:</span> <span class='ocrx_word' id='word_1_262' title='bbox 1258 1272 1278 1303; x_wconf 92' lang='lat' dir='ltr'>i.</span> <span class='ocrx_word' id='word_1_263' title='bbox 1297 1274 1377 1310; x_wconf 79' lang='lat'>1583</span> <span class='ocrx_word' id='word_1_264' title='bbox 1410 1271 1451 1302; x_wconf 88' lang='lat' dir='ltr'>ix.</span> <span class='ocrx_word' id='word_1_265' title='bbox 1468 1273 1542 1303; x_wconf 87' lang='lat'>503.</span> 
     </span>
     <span class='ocr_line' id='line_1_48' title="bbox 883 1323 1542 1363; baseline -0.005 -8"><span class='ocrx_word' id='word_1_266' title='bbox 883 1324 1015 1355; x_wconf 84' lang='lat' dir='ltr'>Codices</span> <span class='ocrx_word' id='word_1_267' title='bbox 1028 1324 1106 1354; x_wconf 90' lang='lat' dir='ltr'>notri</span> <span class='ocrx_word' id='word_1_268' title='bbox 1119 1323 1212 1363; x_wconf 82' lang='lat' dir='ltr'>Regii</span> <span class='ocrx_word' id='word_1_269' title='bbox 1228 1323 1344 1353; x_wconf 88' lang='lat' dir='ltr'>habent</span> <span class='ocrx_word' id='word_1_270' title='bbox 1355 1329 1396 1353; x_wconf 79' lang='lat' dir='ltr'>est</span> <span class='ocrx_word' id='word_1_271' title='bbox 1412 1325 1520 1353; x_wconf 71' lang='lat' dir='ltr'>terrim</span> <span class='ocrx_word' id='word_1_272' title='bbox 1533 1333 1542 1357; x_wconf 90' lang='lat'>,·</span> 
     </span>
     <span class='ocr_line' id='line_1_49' title="bbox 883 1370 1546 1415; baseline -0.005 -11"><span class='ocrx_word' id='word_1_273' title='bbox 883 1384 977 1415; x_wconf 82' lang='lat' dir='ltr'>quam</span> <span class='ocrx_word' id='word_1_274' title='bbox 985 1372 1163 1408; x_wconf 87' lang='lat' dir='ltr'>lectionem,</span> <span class='ocrx_word' id='word_1_275' title='bbox 1172 1372 1293 1402; x_wconf 86' lang='lat' dir='ltr'>etiarnsi</span> <span class='ocrx_word' id='word_1_276' title='bbox 1304 1371 1432 1402; x_wconf 89' lang='lat' dir='ltr'>adversa</span> <span class='ocrx_word' id='word_1_277' title='bbox 1443 1370 1546 1413; x_wconf 89' lang='lat' dir='ltr'>opinio</span> 
     </span>
     <span class='ocr_line' id='line_1_50' title="bbox 883 1420 1544 1462; baseline -0.005 -10"><span class='ocrx_word' id='word_1_278' title='bbox 883 1422 923 1453; x_wconf 87' lang='lat' dir='ltr'>sit</span> <span class='ocrx_word' id='word_1_279' title='bbox 946 1422 1119 1452; x_wconf 88' lang='lat' dir='ltr'>Burmanni</span> <span class='ocrx_word' id='word_1_280' title='bbox 1143 1427 1174 1452; x_wconf 86' lang='lat' dir='ltr'>et</span> <span class='ocrx_word' id='word_1_281' title='bbox 1190 1421 1308 1462; x_wconf 79' lang='lat' dir='ltr'>Gierig‚</span> <span class='ocrx_word' id='word_1_282' title='bbox 1324 1420 1474 1462; x_wconf 86' lang='lat' dir='ltr'>potiorem</span> <span class='ocrx_word' id='word_1_283' title='bbox 1492 1420 1544 1461; x_wconf 81' lang='lat' dir='ltr'>ju-</span> 
     </span>
     <span class='ocr_line' id='line_1_51' title="bbox 886 1469 1545 1511; baseline -0.005 -9"><span class='ocrx_word' id='word_1_284' title='bbox 886 1471 955 1502; x_wconf 86' lang='lat' dir='ltr'>dico</span> <span class='ocrx_word' id='word_1_285' title='bbox 977 1476 1008 1501; x_wconf 88' lang='lat' dir='ltr'>et</span> <span class='ocrx_word' id='word_1_286' title='bbox 1023 1470 1134 1501; x_wconf 84' lang='lat' dir='ltr'>melius</span> <span class='ocrx_word' id='word_1_287' title='bbox 1149 1469 1273 1511; x_wconf 84' lang='lat' dir='ltr'>ingenio</span> <span class='ocrx_word' id='word_1_288' title='bbox 1295 1469 1451 1500; x_wconf 87' lang='lat' dir='ltr'>Ovidiano</span> <span class='ocrx_word' id='word_1_289' title='bbox 1471 1479 1545 1499; x_wconf 86' lang='lat' dir='ltr'>con-</span> 
     </span>
     <span class='ocr_line' id='line_1_52' title="bbox 886 1518 1544 1560; baseline -0.002 -9"><span class='ocrx_word' id='word_1_290' title='bbox 886 1527 1086 1551; x_wconf 86' lang='lat' dir='ltr'>sentaneam:</span> <span class='ocrx_word' id='word_1_291' title='bbox 1120 1530 1232 1560; x_wconf 89' lang='lat' dir='ltr'>nempe</span> <span class='ocrx_word' id='word_1_292' title='bbox 1258 1518 1473 1560; x_wconf 84' lang='lat' dir='ltr'>hujuscemodi</span> <span class='ocrx_word' id='word_1_293' title='bbox 1497 1530 1544 1550; x_wconf 86' lang='lat' dir='ltr'>re-</span> 
     </span>
     <span class='ocr_line' id='line_1_53' title="bbox 886 1569 1546 1611; baseline -0.003 -11"><span class='ocrx_word' id='word_1_294' title='bbox 886 1569 1007 1611; x_wconf 82' lang='lat' dir='ltr'>petitio,</span> <span class='ocrx_word' id='word_1_295' title='bbox 1038 1571 1176 1600; x_wconf 79' lang='lat' dir='ltr'>monstris</span> <span class='ocrx_word' id='word_1_296' title='bbox 1212 1575 1252 1599; x_wconf 82' lang='lat' dir='ltr'>est</span> <span class='ocrx_word' id='word_1_297' title='bbox 1286 1570 1392 1599; x_wconf 74' lang='lat' dir='ltr'>territa</span> <span class='ocrx_word' id='word_1_298' title='bbox 1427 1570 1546 1607; x_wconf 61' lang='lat' dir='ltr'>conjux,</span> 
     </span>
     <span class='ocr_line' id='line_1_54' title="bbox 891 1619 1547 1654; baseline 0.002 -6"><span class='ocrx_word' id='word_1_299' title='bbox 891 1619 1029 1650; x_wconf 78' lang='lat' dir='ltr'>Territus</span> <span class='ocrx_word' id='word_1_300' title='bbox 1051 1625 1092 1649; x_wconf 80' lang='lat' dir='ltr'>est</span> <span class='ocrx_word' id='word_1_301' title='bbox 1108 1619 1261 1654; x_wconf 67' lang='lat' dir='ltr'>Athamas,</span> <span class='ocrx_word' id='word_1_302' title='bbox 1286 1628 1348 1648; x_wconf 90' lang='lat' dir='ltr'>non</span> <span class='ocrx_word' id='word_1_303' title='bbox 1370 1627 1440 1648; x_wconf 88' lang='lat' dir='ltr'>rara</span> <span class='ocrx_word' id='word_1_304' title='bbox 1465 1623 1547 1649; x_wconf 87' lang='lat' dir='ltr'>certe</span> 
     </span>
     <span class='ocr_line' id='line_1_55' title="bbox 888 1667 1547 1710; baseline 0 -12"><span class='ocrx_word' id='word_1_305' title='bbox 888 1668 972 1710; x_wconf 87' lang='lat' dir='ltr'>apud</span> <span class='ocrx_word' id='word_1_306' title='bbox 987 1668 1145 1698; x_wconf 77' lang='lat' dir='ltr'>Nostrum.</span> <span class='ocrx_word' id='word_1_307' title='bbox 1179 1667 1319 1707; x_wconf 67' lang='lat' dir='ltr'>Neraque</span> <span class='ocrx_word' id='word_1_308' title='bbox 1335 1668 1468 1706; x_wconf 73' lang='lat' dir='ltr'>vipereis,</span> <span class='ocrx_word' id='word_1_309' title='bbox 1484 1672 1547 1698; x_wconf 88' lang='lat' dir='ltr'>etc.</span> 
     </span>
     <span class='ocr_line' id='line_1_56' title="bbox 890 1716 1548 1758; baseline -0.002 -11"><span class='ocrx_word' id='word_1_310' title='bbox 890 1717 1026 1747; x_wconf 83' lang='lat' dir='ltr'>Brachia</span> <span class='ocrx_word' id='word_1_311' title='bbox 1048 1716 1266 1757; x_wconf 78' lang='lat' dir='ltr'>circumligata</span> <span class='ocrx_word' id='word_1_312' title='bbox 1282 1716 1393 1758; x_wconf 86' lang='lat' dir='ltr'>viperis</span> <span class='ocrx_word' id='word_1_313' title='bbox 1412 1727 1429 1747; x_wconf 91' lang='lat' dir='ltr'>e</span> <span class='ocrx_word' id='word_1_314' title='bbox 1445 1716 1548 1758; x_wconf 86' lang='lat' dir='ltr'>capite</span> 
     </span>
     <span class='ocr_line' id='line_1_57' title="bbox 889 1766 1550 1808; baseline -0.002 -12"><span class='ocrx_word' id='word_1_315' title='bbox 889 1766 1149 1808; x_wconf 87' lang='lat' dir='ltr'>dependentibus,</span> <span class='ocrx_word' id='word_1_316' title='bbox 1177 1766 1231 1802; x_wconf 80' lang='lat' dir='ltr'>ita,</span> <span class='ocrx_word' id='word_1_317' title='bbox 1254 1773 1288 1796; x_wconf 85' lang='lat' dir='ltr'>ut</span> <span class='ocrx_word' id='word_1_318' title='bbox 1310 1766 1372 1796; x_wconf 87' lang='lat' dir='ltr'>illae</span> <span class='ocrx_word' id='word_1_319' title='bbox 1400 1777 1488 1796; x_wconf 73' lang='lat' dir='ltr'>nei-us</span> <span class='ocrx_word' id='word_1_320' title='bbox 1517 1771 1550 1795; x_wconf 88' lang='lat' dir='ltr'>et</span> 
     </span>
     <span class='ocr_line' id='line_1_58' title="bbox 889 1814 1551 1853; baseline -0.002 -8"><span class='ocrx_word' id='word_1_321' title='bbox 889 1817 977 1845; x_wconf 71' lang='lat' dir='ltr'>nodos</span> <span class='ocrx_word' id='word_1_322' title='bbox 992 1815 1142 1846; x_wconf 86' lang='lat' dir='ltr'>facerent.</span> <span class='ocrx_word' id='word_1_323' title='bbox 1189 1816 1338 1851; x_wconf 75' lang='lat' dir='ltr'>Ercnssit,</span> <span class='ocrx_word' id='word_1_324' title='bbox 1353 1815 1467 1853; x_wconf 89' lang='lat' dir='ltr'>movit;</span> <span class='ocrx_word' id='word_1_325' title='bbox 1491 1814 1551 1845; x_wconf 82' lang='lat' dir='ltr'>ita-</span> 
     </span>
     <span class='ocr_line' id='line_1_59' title="bbox 891 1864 1552 1905; baseline -0.002 -11"><span class='ocrx_word' id='word_1_326' title='bbox 891 1874 951 1905; x_wconf 91' lang='lat' dir='ltr'>que</span> <span class='ocrx_word' id='word_1_327' title='bbox 979 1864 1177 1894; x_wconf 83' lang='lat' dir='ltr'>substituitur</span> <span class='ocrx_word' id='word_1_328' title='bbox 1207 1871 1299 1895; x_wconf 75' lang='lat' dir='ltr'>motae.</span> <span class='ocrx_word' id='word_1_329' title='bbox 1358 1864 1419 1894; x_wconf 88' lang='lat' dir='ltr'>Illa</span> <span class='ocrx_word' id='word_1_330' title='bbox 1447 1870 1552 1894; x_wconf 85' lang='lat' dir='ltr'>autem</span> 
     </span>
     <span class='ocr_line' id='line_1_60' title="bbox 891 1913 1552 1954; baseline 0 -11"><span class='ocrx_word' id='word_1_331' title='bbox 891 1913 1032 1944; x_wconf 87' lang='lat' dir='ltr'>excussio</span> <span class='ocrx_word' id='word_1_332' title='bbox 1046 1913 1167 1954; x_wconf 87' lang='lat' dir='ltr'>signum</span> <span class='ocrx_word' id='word_1_333' title='bbox 1186 1913 1250 1944; x_wconf 86' lang='lat' dir='ltr'>irae.</span> <span class='ocrx_word' id='word_1_334' title='bbox 1267 1913 1288 1944; x_wconf 83' lang='lat' dir='ltr'>i.</span> <span class='ocrx_word' id='word_1_335' title='bbox 1305 1914 1375 1944; x_wconf 89' lang='lat'>179.</span> <span class='ocrx_word' id='word_1_336' title='bbox 1418 1913 1492 1944; x_wconf 87' lang='lat' dir='ltr'>Jam</span> <span class='ocrx_word' id='word_1_337' title='bbox 1506 1923 1552 1943; x_wconf 83' lang='lat' dir='ltr'>se-</span> 
     </span>
     <span class='ocr_line' id='line_1_61' title="bbox 893 1962 1296 2004; baseline 0.002 -12"><span class='ocrx_word' id='word_1_338' title='bbox 893 1962 998 2004; x_wconf 88' lang='lat' dir='ltr'>quitur</span> <span class='ocrx_word' id='word_1_339' title='bbox 1013 1962 1167 1993; x_wconf 88' lang='lat' dir='ltr'>horrenda</span> <span class='ocrx_word' id='word_1_340' title='bbox 1180 1962 1296 2004; x_wconf 82' lang='lat' dir='ltr'>imago.</span> 
     </span>
    </p>

    <p class='ocr_par' dir='ltr' id='par_1_9' title="bbox 891 2011 1552 2152">
     <span class='ocr_line' id='line_1_62' title="bbox 937 2011 1552 2052; baseline 0.002 -11"><span class='ocrx_word' id='word_1_341' title='bbox 937 2013 1010 2043; x_wconf 85' lang='lat'>493.</span> <span class='ocrx_word' id='word_1_342' title='bbox 1034 2012 1184 2052; x_wconf 81' lang='lat' dir='ltr'>Saniem.]</span> <span class='ocrx_word' id='word_1_343' title='bbox 1224 2014 1328 2042; x_wconf 81' lang='lat' dir='ltr'>Sanies</span> <span class='ocrx_word' id='word_1_344' title='bbox 1343 2011 1383 2042; x_wconf 90' lang='lat' dir='ltr'>de</span> <span class='ocrx_word' id='word_1_345' title='bbox 1397 2011 1480 2042; x_wconf 83' lang='lat' dir='ltr'>omni</span> <span class='ocrx_word' id='word_1_346' title='bbox 1495 2011 1552 2042; x_wconf 90' lang='lat' dir='ltr'>hu-</span> 
     </span>
     <span class='ocr_line' id='line_1_63' title="bbox 891 2061 1552 2103; baseline 0 -12"><span class='ocrx_word' id='word_1_347' title='bbox 891 2072 975 2093; x_wconf 87' lang='lat' dir='ltr'>more</span> <span class='ocrx_word' id='word_1_348' title='bbox 990 2062 1039 2093; x_wconf 90' lang='lat' dir='ltr'>vel</span> <span class='ocrx_word' id='word_1_349' title='bbox 1062 2068 1218 2103; x_wconf 79' lang='lat' dir='ltr'>corrupto,</span> <span class='ocrx_word' id='word_1_350' title='bbox 1235 2062 1285 2092; x_wconf 89' lang='lat' dir='ltr'>vel</span> <span class='ocrx_word' id='word_1_351' title='bbox 1302 2061 1397 2097; x_wconf 84' lang='lat' dir='ltr'>foedo,</span> <span class='ocrx_word' id='word_1_352' title='bbox 1413 2061 1552 2091; x_wconf 89' lang='lat' dir='ltr'>nomina-</span> 
     </span>
     <span class='ocr_line' id='line_1_64' title="bbox 892 2109 1488 2152; baseline 0 -11"><span class='ocrx_word' id='word_1_353' title='bbox 892 2111 948 2141; x_wconf 88' lang='lat' dir='ltr'>tim</span> <span class='ocrx_word' id='word_1_354' title='bbox 961 2111 1001 2141; x_wconf 89' lang='lat' dir='ltr'>de</span> <span class='ocrx_word' id='word_1_355' title='bbox 1018 2122 1147 2141; x_wconf 87' lang='lat' dir='ltr'>veneno.</span> <span class='ocrx_word' id='word_1_356' title='bbox 1164 2110 1253 2152; x_wconf 69' lang='lat' dir='ltr'>Yirg.</span> <span class='ocrx_word' id='word_1_357' title='bbox 1272 2112 1348 2141; x_wconf 78' lang='lat' dir='ltr'>AEn.</span> <span class='ocrx_word' id='word_1_358' title='bbox 1362 2109 1396 2140; x_wconf 86' lang='lat' dir='ltr'>ii.</span> <span class='ocrx_word' id='word_1_359' title='bbox 1414 2111 1488 2141; x_wconf 79' lang='lat'>221.</span> 
     </span>
    </p>

    <p class='ocr_par' dir='ltr' id='par_1_10' title="bbox 893 2160 1560 2791">
     <span class='ocr_line' id='line_1_65' title="bbox 937 2160 1553 2200; baseline 0.002 -10"><span class='ocrx_word' id='word_1_360' title='bbox 937 2162 1011 2192; x_wconf 85' lang='lat'>494.</span> <span class='ocrx_word' id='word_1_361' title='bbox 1036 2160 1111 2190; x_wconf 79' lang='lat' dir='ltr'>Inde</span> <span class='ocrx_word' id='word_1_362' title='bbox 1135 2162 1207 2190; x_wconf 78' lang='lat' dir='ltr'>duos</span> <span class='ocrx_word' id='word_1_363' title='bbox 1227 2162 1337 2195; x_wconf 72' lang='lat' dir='ltr'>mediis,</span> <span class='ocrx_word' id='word_1_364' title='bbox 1353 2160 1429 2200; x_wconf 89' lang='lat' dir='ltr'>ete.]</span> <span class='ocrx_word' id='word_1_365' title='bbox 1476 2160 1553 2191; x_wconf 86' lang='lat' dir='ltr'>Haec</span> 
     </span>
     <span class='ocr_line' id='line_1_66' title="bbox 893 2208 1554 2251; baseline -0.002 -11"><span class='ocrx_word' id='word_1_366' title='bbox 893 2216 1018 2251; x_wconf 84' lang='lat' dir='ltr'>sumpta</span> <span class='ocrx_word' id='word_1_367' title='bbox 1041 2220 1058 2240; x_wconf 88' lang='lat' dir='ltr'>e</span> <span class='ocrx_word' id='word_1_368' title='bbox 1075 2209 1217 2250; x_wconf 68' lang='lat' dir='ltr'>Virgilio,</span> <span class='ocrx_word' id='word_1_369' title='bbox 1237 2208 1364 2239; x_wconf 63' lang='lat' dir='ltr'>iineid.</span> <span class='ocrx_word' id='word_1_370' title='bbox 1381 2208 1432 2238; x_wconf 85' lang='lat' dir='ltr'>vii.</span> <span class='ocrx_word' id='word_1_371' title='bbox 1447 2210 1554 2239; x_wconf 82' lang='lat'>346—</span> 
     </span>
     <span class='ocr_line' id='line_1_67' title="bbox 896 2259 1557 2301; baseline 0 -10"><span class='ocrx_word' id='word_1_372' title='bbox 896 2262 971 2291; x_wconf 83' lang='lat'>356.</span> <span class='ocrx_word' id='word_1_373' title='bbox 1000 2260 1054 2291; x_wconf 90' lang='lat' dir='ltr'>ubi</span> <span class='ocrx_word' id='word_1_374' title='bbox 1083 2271 1132 2290; x_wconf 88' lang='lat' dir='ltr'>res</span> <span class='ocrx_word' id='word_1_375' title='bbox 1166 2259 1321 2301; x_wconf 85' lang='lat' dir='ltr'>copiosius</span> <span class='ocrx_word' id='word_1_376' title='bbox 1352 2266 1495 2295; x_wconf 85' lang='lat' dir='ltr'>tractata,</span> <span class='ocrx_word' id='word_1_377' title='bbox 1525 2267 1557 2291; x_wconf 87' lang='lat' dir='ltr'>et</span> 
     </span>
     <span class='ocr_line' id='line_1_68' title="bbox 896 2308 1556 2350; baseline 0 -11"><span class='ocrx_word' id='word_1_378' title='bbox 896 2310 1046 2339; x_wconf 89' lang='lat' dir='ltr'>nonnulla</span> <span class='ocrx_word' id='word_1_379' title='bbox 1057 2309 1168 2339; x_wconf 84' lang='lat' dir='ltr'>iisdem</span> <span class='ocrx_word' id='word_1_380' title='bbox 1179 2308 1278 2339; x_wconf 84' lang='lat' dir='ltr'>verbis</span> <span class='ocrx_word' id='word_1_381' title='bbox 1290 2319 1445 2350; x_wconf 76' lang='lat' dir='ltr'>expressa.</span> <span class='ocrx_word' id='word_1_382' title='bbox 1468 2309 1556 2340; x_wconf 78' lang='lat' dir='ltr'>Non-</span> 
     </span>
     <span class='ocr_line' id='line_1_69' title="bbox 897 2359 1554 2397; baseline 0.002 -9"><span class='ocrx_word' id='word_1_383' title='bbox 897 2359 975 2389; x_wconf 90' lang='lat' dir='ltr'>nulli</span> <span class='ocrx_word' id='word_1_384' title='bbox 1009 2359 1126 2388; x_wconf 86' lang='lat' dir='ltr'>}iabent</span> <span class='ocrx_word' id='word_1_385' title='bbox 1154 2360 1453 2397; x_wconf 66' lang='lat' dir='ltr'>[lucis—raptas—ut</span> <span class='ocrx_word' id='word_1_386' title='bbox 1482 2360 1554 2389; x_wconf 78' lang='lat' dir='ltr'>illae.</span> 
     </span>
     <span class='ocr_line' id='line_1_70' title="bbox 897 2408 1559 2449; baseline 0.003 -12"><span class='ocrx_word' id='word_1_387' title='bbox 897 2408 986 2449; x_wconf 82' lang='lat' dir='ltr'>Saepe</span> <span class='ocrx_word' id='word_1_388' title='bbox 999 2410 1107 2449; x_wconf 72' lang='lat' dir='ltr'>anguis</span> <span class='ocrx_word' id='word_1_389' title='bbox 1117 2412 1147 2437; x_wconf 87' lang='lat' dir='ltr'>et</span> <span class='ocrx_word' id='word_1_390' title='bbox 1155 2418 1271 2446; x_wconf 78' lang='lat' dir='ltr'>serpens</span> <span class='ocrx_word' id='word_1_391' title='bbox 1285 2418 1398 2448; x_wconf 82' lang='lat' dir='ltr'>genere</span> <span class='ocrx_word' id='word_1_392' title='bbox 1410 2408 1559 2439; x_wconf 85' lang='lat' dir='ltr'>feminino</span> 
     </span>
     <span class='ocr_line' id='line_1_71' title="bbox 899 2456 1558 2498; baseline 0 -11"><span class='ocrx_word' id='word_1_393' title='bbox 899 2457 1031 2498; x_wconf 87' lang='lat' dir='ltr'>capitur.</span> <span class='ocrx_word' id='word_1_394' title='bbox 1078 2457 1152 2487; x_wconf 70' lang='lat' dir='ltr'>Vid.</span> <span class='ocrx_word' id='word_1_395' title='bbox 1169 2456 1329 2492; x_wconf 82' lang='lat' dir='ltr'>Heinsius,</span> <span class='ocrx_word' id='word_1_396' title='bbox 1346 2457 1385 2487; x_wconf 85' lang='lat' dir='ltr'>ad</span> <span class='ocrx_word' id='word_1_397' title='bbox 1408 2457 1490 2487; x_wconf 88' lang='lat' dir='ltr'>hunc</span> <span class='ocrx_word' id='word_1_398' title='bbox 1513 2458 1558 2487; x_wconf 91' lang='lat' dir='ltr'>lo-</span> 
     </span>
     <span class='ocr_line' id='line_1_72' title="bbox 899 2505 1560 2541; baseline 0 -5"><span class='ocrx_word' id='word_1_399' title='bbox 899 2517 983 2541; x_wconf 80' lang='lat' dir='ltr'>cum,</span> <span class='ocrx_word' id='word_1_400' title='bbox 997 2512 1028 2536; x_wconf 86' lang='lat' dir='ltr'>et</span> <span class='ocrx_word' id='word_1_401' title='bbox 1042 2506 1241 2536; x_wconf 86' lang='lat' dir='ltr'>Burmannus</span> <span class='ocrx_word' id='word_1_402' title='bbox 1256 2505 1294 2535; x_wconf 90' lang='lat' dir='ltr'>ad</span> <span class='ocrx_word' id='word_1_403' title='bbox 1307 2506 1326 2536; x_wconf 89' lang='lat' dir='ltr'>i.</span> <span class='ocrx_word' id='word_1_404' title='bbox 1341 2506 1414 2536; x_wconf 80' lang='lat'>438.</span> <span class='ocrx_word' id='word_1_405' title='bbox 1445 2506 1560 2536; x_wconf 76' lang='lat' dir='ltr'>Graves</span> 
     </span>
     <span class='ocr_line' id='line_1_73' title="bbox 897 2554 1558 2596; baseline 0.002 -12"><span class='ocrx_word' id='word_1_406' title='bbox 897 2557 1023 2591; x_wconf 74' lang='lat' dir='ltr'>animas,</span> <span class='ocrx_word' id='word_1_407' title='bbox 1053 2555 1233 2596; x_wconf 85' lang='lat' dir='ltr'>pestiferum</span> <span class='ocrx_word' id='word_1_408' title='bbox 1263 2554 1404 2585; x_wconf 86' lang='lat' dir='ltr'>halitum.</span> <span class='ocrx_word' id='word_1_409' title='bbox 1442 2554 1558 2595; x_wconf 73' lang='lat' dir='ltr'>virgil.</span> 
     </span>
     <span class='ocr_line' id='line_1_74' title="bbox 898 2604 1559 2643; baseline -0.003 -9"><span class='ocrx_word' id='word_1_410' title='bbox 898 2604 929 2634; x_wconf 89' lang='lat' dir='ltr'>d.</span> <span class='ocrx_word' id='word_1_411' title='bbox 942 2604 962 2634; x_wconf 94' lang='lat' dir='ltr'>l.</span> <span class='ocrx_word' id='word_1_412' title='bbox 980 2605 1038 2634; x_wconf 82' lang='lat'>351</span> <span class='ocrx_word' id='word_1_413' title='bbox 1057 2616 1063 2633; x_wconf 95' lang='lat'>:</span> <span class='ocrx_word' id='word_1_414' title='bbox 1090 2606 1235 2643; x_wconf 76' lang='lat' dir='ltr'>vipeream</span> <span class='ocrx_word' id='word_1_415' title='bbox 1254 2605 1402 2642; x_wconf 74' lang='lat' dir='ltr'>inspirans</span> <span class='ocrx_word' id='word_1_416' title='bbox 1417 2604 1559 2633; x_wconf 77' lang='lat' dir='ltr'>animam.</span> 
     </span>
     <span class='ocr_line' id='line_1_75' title="bbox 903 2652 1352 2694; baseline 0.002 -12"><span class='ocrx_word' id='word_1_417' title='bbox 903 2653 1035 2683; x_wconf 68' lang='lat' dir='ltr'>Vulnera</span> <span class='ocrx_word' id='word_1_418' title='bbox 1063 2653 1166 2694; x_wconf 80' lang='lat' dir='ltr'>ferre,</span> <span class='ocrx_word' id='word_1_419' title='bbox 1203 2652 1352 2693; x_wconf 82' lang='lat' dir='ltr'>infligere.</span> 
     </span>
     <span class='ocr_line' id='line_1_76' title="bbox 899 2702 1301 2744; baseline -0.005 -11"><span class='ocrx_word' id='word_1_420' title='bbox 899 2702 1028 2744; x_wconf 85' lang='lat' dir='ltr'>corpori.</span> <span class='ocrx_word' id='word_1_421' title='bbox 1078 2703 1301 2738; x_wconf 65' lang='lat' dir='ltr'>Dii-0s‚saevos.</span> 
     </span>
     <span class='ocr_line' id='line_1_77' title="bbox 899 2751 1341 2791; baseline -0.005 -9"><span class='ocrx_word' id='word_1_422' title='bbox 899 2752 951 2782; x_wconf 81' lang='lat' dir='ltr'>riae</span> <span class='ocrx_word' id='word_1_423' title='bbox 967 2752 1112 2782; x_wconf 87' lang='lat' dir='ltr'>dicuntur</span> <span class='ocrx_word' id='word_1_424' title='bbox 1128 2752 1222 2787; x_wconf 70' lang='lat' dir='ltr'>Dim,</span> <span class='ocrx_word' id='word_1_425' title='bbox 1236 2751 1341 2791; x_wconf 84' lang='grc' dir='ltr'><strong>Ἀραί.</strong></span> 
     </span>
    </p>
   </div>
   <div class='ocr_carea' id='block_1_7' title="bbox 1409 2652 1561 2688">
    <p class='ocr_par' dir='ltr' id='par_1_11' title="bbox 1409 2652 1561 2688">
     <span class='ocr_line' id='line_1_78' title="bbox 1409 2652 1561 2688; baseline 0.007 -7"><span class='ocrx_word' id='word_1_426' title='bbox 1409 2652 1561 2688; x_wconf 70' lang='lat' dir='ltr'>Illemhris,</span> 
     </span>
    </p>
   </div>
   <div class='ocr_carea' id='block_1_8' title="bbox 1346 2702 1558 2743">
    <p class='ocr_par' dir='ltr' id='par_1_12' title="bbox 1346 2702 1558 2743">
     <span class='ocr_line' id='line_1_79' title="bbox 1346 2702 1558 2743; baseline 0.005 -12"><span class='ocrx_word' id='word_1_427' title='bbox 1346 2702 1473 2743; x_wconf 86' lang='lat' dir='ltr'>Proprie</span> <span class='ocrx_word' id='word_1_428' title='bbox 1498 2702 1558 2732; x_wconf 88' lang='lat' dir='ltr'>Fu-</span> 
     </span>
    </p>
   </div>
  </div>
 </body>
</html>
