1763 3181
415 184 1034 227 METAMORPHOSEON
1067 184 1186 225 LIB.
1221 185 1301 225 IV.
1458 186 1542 226 301

162 300 488 349 Descendunt
510 301 640 357 illac,
667 301 1030 363 simulacraque
1053 299 1222 347 functa
1248 299 1504 363 sepulcris.

161 377 344 434 Pallor,
366 377 639 440 Hiemsque
663 385 835 424 tenent
856 378 955 424 late
974 377 1083 423 loca
1107 384 1276 433 senta;
1307 376 1536 438 novique,

162 455 274 508 Qua
294 455 358 502 sit
378 455 485 511 iter,
503 472 689 510 manes,
711 455 937 518 Stygiam
958 454 1091 517 quod
1111 454 1246 500 ducit
1265 454 1327 500 ad
1349 454 1538 508 urbem,

163 531 425 594 Ignorant3
466 533 550 579 ubi
576 533 639 580 sit
664 533 789 595 nigri
816 532 918 579 fera
942 531 1077 592 regia
1101 530 1248 577 Ditis.

161 607 304 656 Mille
329 625 488 673 capax
513 609 692 664 aditus,
721 616 771 657 et
796 616 993 672 apertas
1017 607 1237 670 undique
1262 613 1430 670 portas

163 684 295 732 Urbs
311 686 462 733 habet
479 703 488 733 ε
509 694 662 748 utque
678 685 857 732 fretum
874 685 935 732 de
951 691 1055 731 tota
1070 684 1272 730 flumina
1287 693 1431 739 terra,
1444 686 1541 729 440

164 762 247 809 Sic
273 779 444 811 ornnes
470 763 658 810 animas
684 763 821 810 locus
848 763 1030 826 accipit
1053 762 1134 809 ille
1155 781 1164 819 3
1206 779 1296 809 nec
1322 761 1408 808 ulli

162 838 388 902 Exiguus
408 841 591 904 populo
617 847 708 894 est,
736 840 992 886 turbamve
1015 840 1252 886 accedere
1279 839 1443 886 sentit.
1472 878 1473 881 ,

163 915 343 964 Errant
367 933 647 980 exsangues
675 916 780 964 sine
806 932 1008 980 corpore
1035 923 1083 963 et
1108 916 1303 962 ossibus
1323 916 1538 971 umbrae;

163 992 388 1057 Parsque
414 995 570 1043 forum
591 995 861 1050 celebrant,
888 1010 1002 1058 pars
1028 994 1112 1040 imi
1136 1001 1270 1041 tecta
1292 993 1516 1057 tyranni3

161 1166 215 1188 sae.
251 1156 336 1187 Iners
354 1157 477 1199 egregie
496 1158 596 1199 pingit
616 1157 701 1188 lenta
716 1157 820 1200 Stygis

162 1206 290 1237 fluenta.
339 1208 414 1248 Styx
442 1208 534 1243 enim,
559 1208 630 1238 limo
655 1208 765 1249 plenus
789 1214 819 1238 et

162 1256 315 1292 turbidus,
331 1257 417 1288 tarde
434 1267 531 1298 aquas
552 1268 622 1287 suas
637 1257 746 1293 volvit,
763 1267 818 1298 pa-

162 1305 292 1347 ludique
303 1305 430 1337 similior
443 1313 501 1342 est,
513 1317 607 1348 quam
623 1306 726 1337 fluvio.
755 1308 819 1337 Ho-

161 1361 218 1385 rat.
234 1356 280 1386 ΙῘ.
297 1355 359 1387 Od.
374 1356 437 1388 xiv.
456 1357 492 1386 17
509 1368 515 1386 z
531 1357 664 1398 flumine
677 1357 820 1398 languido

165 1404 285 1445 Cocytos
306 1416 424 1435 errans.
457 1405 583 1441 Noster,
606 1407 648 1435 iv.
673 1406 765 1436 Pont.
788 1416 819 1436 x.

161 1454 214 1484 61.
235 1456 325 1496 pigra
339 1457 437 1494 palus.
473 1455 627 1490 Bet-entes,
643 1466 712 1496 quae
729 1455 819 1485 modo

159 1509 359 1534 excesserunt
377 1514 514 1545 corpore,
536 1514 607 1534 mox
626 1506 692 1534 nori
713 1515 821 1534 manes.

163 1552 332 1583 simulacra
355 1552 481 1588 εἴδωλα,
506 1563 634 1594 corpora
656 1553 711 1583 illa
727 1563 820 1588 vana,

159 1600 200 1632 de
229 1602 343 1643 quibus
371 1602 411 1633 ad
435 1613 558 1633 versum
580 1603 654 1633 443.
698 1602 819 1632 functa

159 1653 312 1691 sepulcris,
335 1651 458 1693 sepulta
482 1657 513 1682 et
532 1651 673 1681 humata.
714 1651 820 1681 Manes

159 1701 298 1740 sepultos,
316 1700 406 1741 Virg.
419 1702 495 1731 AEn.
507 1700 552 1730 iv.
563 1701 615 1730 34.
642 1700 819 1730 Inhumatis

160 1760 223 1780 non
238 1749 353 1780 licebat
366 1749 493 1780 transire
508 1750 646 1790 Stygem.

205 1799 279 1829 436.
298 1799 414 1835 Pallor,
430 1799 613 1839 Hiemsque]
629 1798 818 1839 Virg.etiam

162 1848 308 1884 Luctum,
331 1848 442 1884 Curas,
463 1849 590 1879 Morbos
612 1859 648 1879 eo
671 1849 817 1880 collocat.

162 1897 287 1928 Pallida
315 1908 410 1939 regna
442 1897 618 1933 inferorum,
650 1898 725 1928 ⁴En.
751 1898 816 1929 viii.

161 1947 236 1978 244.
273 1947 355 1977 Loca
379 1954 473 1983 senta,
500 1947 619 1977 inculta
639 1953 670 1977 et
695 1957 815 1989 aspera,

161 1995 193 2026 in
222 1995 336 2037 quibus
358 1998 437 2032 novi,
457 1996 596 2037 adeoque
622 1996 755 2038 regionis
779 1996 816 2027 il-

161 2045 222 2075 lius
240 2044 351 2086 ignari,
367 2057 466 2076 manes
481 2045 532 2075 vix
551 2045 610 2076 iter
629 2045 816 2087 investigare

161 2100 300 2135 possunt,
311 2094 395 2135 quod
407 2094 504 2130 ducit,
519 2099 582 2125 etc.
616 2094 683 2129 Qua
695 2096 732 2125 sit
748 2097 816 2126 iter.

162 2143 310 2174 Heinsius
332 2144 525 2186 conjecturat
550 2156 609 2184 qua
622 2145 667 2183 fit
693 2147 762 2180 iter,
786 2153 817 2176 et

161 2193 245 2224 delet
258 2204 381 2225 versum
401 2201 593 2235 sequentem,
610 2200 644 2224 ut
660 2194 717 2224 hoc
732 2194 814 2224 dica-

161 2249 222 2279 tur,
236 2242 294 2273 iter
308 2249 406 2274 totum
422 2243 555 2274 obsideri
576 2254 594 2273 a
613 2243 699 2273 novis
718 2243 816 2274 mani-

160 2293 230 2323 bus.
266 2293 465 2324 Burmannus
480 2299 586 2323 contra
604 2298 709 2323 monet
725 2304 817 2323 vocu-

160 2342 270 2373 bulum
285 2344 353 2373 novi
368 2343 524 2384 postulare
540 2342 713 2383 sequentia.
750 2343 819 2383 Sty-

159 2394 212 2432 gia
244 2392 324 2427 urbs,
353 2391 443 2422 sedes
477 2392 643 2422 inferorum
674 2391 713 2422 ad
745 2392 816 2432 Sty-

161 2451 242 2482 gem,
266 2451 335 2482 quae
357 2451 453 2482 quum
476 2441 592 2471 habeat
612 2451 727 2476 muros,
748 2451 817 2482 por-

162 2495 221 2526 tas,
235 2490 364 2531 regiam,
379 2490 489 2526 forum,
504 2496 587 2521 recte
609 2490 723 2520 dicitur
737 2492 817 2522 urbs.

164 2539 258 2581 Nigri
269 2540 346 2581 fera
367 2541 452 2581 regia
467 2540 560 2570 Ditis.
596 2539 697 2582 Epist.
714 2539 748 2570 ii.
766 2541 817 2570 72.

162 2589 245 2629 nigri
269 2590 350 2630 regia
373 2600 447 2619 caeca
470 2591 551 2626 Dei,·
576 2589 664 2629 Virg.
679 2590 755 2619 AEn.
772 2588 816 2619 vi.

165 2637 238 2667 127.
262 2639 323 2667 atri
341 2639 445 2677 janua
470 2638 560 2668 Ditis.
606 2637 732 2673 Omnia,
748 2648 817 2679 quae

162 2685 203 2716 ad
238 2686 403 2716 Plutonem
438 2685 615 2727 inferosque
652 2686 820 2727 pertinent,

164 2737 254 2776 nigra
280 2741 311 2765 et
339 2741 420 2765 atra.
467 2736 575 2766 Horat.
599 2735 626 2765 Ι.
650 2735 714 2765 Od.
739 2734 822 2764 xxiv.

208 2784 308 2814 VOL.
331 2784 394 2814 111.

890 1159 939 1189 18.
965 1160 1051 1199 niger
1072 1168 1146 1198 grex
1167 1157 1205 1188 de
1230 1156 1383 1186 manibus.
1431 1156 1543 1194 Capax,

887 1206 967 1249 ᾆέης
983 1205 1182 1244 πολυόἑκτης
1197 1212 1228 1235 et
1246 1204 1436 1241 πανδοκεῖς.
1473 1206 1546 1235 Non

887 1257 968 1286 male
993 1255 1150 1297 capacitas
1171 1255 1225 1284 illa
1247 1254 1417 1284 illustratur
1435 1253 1543 1283 simili-

887 1306 1006 1340 tudine,
1033 1315 1103 1346 quae
1129 1304 1221 1334 etiam
1240 1303 1304 1334 viii.
1329 1305 1401 1333 835.
1422 1303 1546 1344 legitur.

886 1356 1023 1394 Apertas.
1055 1353 1144 1394 Yirg.
1166 1354 1241 1383 AEn.
1262 1352 1305 1382 vi.
1331 1353 1409 1382 127:
1438 1352 1545 1382 Noctes

885 1412 973 1446 atque
985 1407 1044 1435 dies
1060 1411 1142 1444 pacet
1159 1406 1328 1443 atrijanua
1347 1403 1441 1433 Ditis.
1482 1402 1540 1432 Lo—

885 1465 937 1484 cus
963 1455 1072 1492 accipit
1098 1454 1158 1483 ille.
1204 1452 1285 1482 Nam
1313 1462 1408 1481 omnes
1431 1451 1543 1481 eodem

886 1503 1033 1544 cogimur.
1091 1502 1180 1543 Virg.
1217 1500 1347 1531 AEneid.
1384 1500 1418 1530 ii.
1452 1501 1514 1531 716
1535 1512 1541 1529 :

888 1553 978 1584 Hanc
1007 1563 1039 1583 er
1067 1554 1180 1583 diverso
1210 1552 1303 1581 sedem
1336 1552 1484 1581 veniemus
1513 1552 1545 1580 in

886 1613 988 1632 unam.

930 1652 1003 1681 443.
1029 1651 1146 1681 Errant
1164 1649 1351 1690 exsangues]
1378 1649 1424 1678 Ex
1445 1648 1544 1690 opini-

887 1711 944 1731 one
975 1702 1137 1735 Veterum,
1166 1698 1289 1734 animae,
1316 1698 1456 1739 deposito
1486 1698 1544 1728 hoc

886 1760 1011 1791 corpore
1040 1749 1185 1783 terrestri,
1209 1746 1381 1778 umbratico
1410 1747 1546 1788 quodam

886 1805 918 1829 et
935 1799 1021 1830 tenui
1043 1798 1159 1828 indutae
1180 1797 1340 1833 incedunt,
1356 1796 1439 1838 quod
1461 1801 1546 1827 caret

886 1855 918 1879 et
940 1849 1090 1890 sanguine
1113 1853 1145 1878 et
1166 1858 1295 1887 corpore,
1310 1846 1333 1876 i.
1351 1857 1378 1876 e.
1395 1857 1498 1882 carne,
1515 1853 1546 1877 et

884 1898 1015 1928 ossibus.
1060 1898 1187 1928 Homer.
1199 1896 1261 1927 Od.
1272 1897 1395 1927 A.218.
1440 1896 1546 1926 Maxi-

883 1958 933 1978 me
963 1958 1124 1987 esnangues
1153 1946 1310 1982 dicuntur,
1339 1945 1484 1987 quoniam
1515 1945 1547 1976 in

884 1997 1033 2037 sanguine
1051 1996 1114 2026 vita
1128 2001 1185 2026 est.

927 2047 1000 2077 444.
1019 2044 1362 2086 Parsquejbrum,etc.]
1388 2044 1438 2075 De
1452 2055 1546 2085 nego-

885 2095 935 2126 tiis
955 2095 1104 2126 manium.
1149 2095 1339 2136 Frequentes
1354 2104 1544 2135 congregan-

885 2150 934 2175 tur
954 2144 1006 2175 alii
1026 2145 1057 2175 in
1080 2145 1152 2180 foro,
1169 2144 1221 2174 alii
1236 2143 1269 2173 in
1285 2144 1369 2184 regia
1384 2144 1546 2183 Plutonis;

884 2194 930 2224 illi
946 2194 1089 2235 litigandi
1114 2204 1207 2224 causa
1231 2194 1307 2234 (IV.
1323 2193 1414 2224 Trist.
1430 2205 1458 2224 x.
1475 2195 1544 2230 88.)

885 2241 917 2272 hi
939 2244 1109 2274 salutatum
1130 2243 1268 2277 veniunt,
1285 2253 1369 2272 more
1390 2242 1544 2274 Romano.

885 2293 980 2334 Apud
1005 2294 1185 2327 Homerum,
1201 2291 1234 2321 in
1256 2291 1319 2322 Od.
1338 2295 1376 2323 A.
1394 2291 1455 2322 567
1475 2302 1543 2332 sqq.

885 2344 1002 2372 umbrae
1030 2342 1069 2371 ad
1091 2340 1208 2371 Minois
1228 2341 1362 2370 tribunal
1379 2351 1490 2370 causas
1511 2351 1543 2370 a-

885 2397 973 2433 gunt,
990 2396 1022 2421 et
1043 2389 1139 2420 Orion
1161 2390 1262 2432 pergit
1283 2390 1363 2420 feras
1379 2389 1496 2431 agitare
1512 2389 1544 2420 in

886 2441 973 2472 retia.
1002 2440 1104 2470 Etiam
1121 2439 1213 2469 Plato
1229 2440 1311 2481 Rep.
1322 2439 1376 2469 lib.
1388 2450 1416 2468 x.
1427 2450 1457 2480 p.
1471 2440 1543 2468 620.

884 2489 973 2531 fingit
985 2489 1105 2519 animas
1117 2488 1331 2518 defunctorum
1344 2488 1463 2523 eadem,
1475 2498 1543 2528 quae

884 2538 915 2568 in
930 2539 1028 2580 priore
1042 2537 1107 2568 vita
1121 2539 1315 2573 tractassent,
1331 2538 1459 2578 probare
1480 2543 1544 2567 stu-

884 2587 947 2617 dia.
993 2586 1107 2617 Confer
1129 2593 1160 2617 et
1176 2587 1265 2627 Virg.
1282 2586 1409 2617 AEneid.
1426 2586 1468 2617 vi.
1481 2587 1540 2617 651

885 2647 955 2677 sqq.
1000 2636 1082 2666 Imus
1108 2643 1268 2677 tyrannm,
1289 2646 1341 2666 rex
1365 2635 1544 2667 inferorum.

887 2687 965 2716 Hor.
990 2686 1017 2716 Ι.
1041 2685 1103 2716 Od.
1128 2697 1158 2715 x.
1182 2687 1239 2716 19:
1265 2685 1386 2724 Superis
1411 2685 1543 2716 Deorum

886 2742 993 2776 gratus
1010 2741 1036 2764 et
1055 2736 1127 2764 imis.

1020 2783 1061 2812 Ii
