1763 3181
228 188 314 231 370
617 190 668 231 Ρ.
702 189 812 232 OVI
820 190 916 233 DII
949 190 1227 234 NASONIS

230 302 416 350 Nescio
442 303 576 366 quod
602 305 766 352 medio
791 306 922 353 sensi
947 306 1040 354 sub
1062 307 1255 370 gurgite
1280 321 1525 365 murmur3

227 379 520 443 Territaque
545 381 719 430 insisto
744 383 986 447 propioris
1011 384 1232 447 margine
1257 384 1391 447 ripae.

229 457 340 511 Quo
366 474 617 522 properaS,
640 458 921 508 Arethusa?
960 461 1060 509 suis
1086 461 1310 525 Alpheus
1337 462 1399 508 ab
1423 461 1585 517 undis,

228 534 339 589 Quo
365 537 635 599 properas?
662 537 837 584 iterum
862 554 1010 586 rauco
1030 539 1149 586 mihi
1171 538 1365 586 dixerat
1379 555 1461 586 ore
1480 556 1489 586 ι
1512 541 1609 586 600

229 611 372 659 Sicut
395 628 546 668 eram,
573 612 708 676 fugio
734 614 840 662 sine
864 615 1088 663 vestibus
1110 634 1121 673 ;
1161 617 1316 664 altera
1339 623 1501 663 vestes

229 687 362 752 Ripa
385 705 520 736 meas
545 689 746 738 habuit:
776 698 913 738 tanto
930 692 1096 754 'magis
1123 691 1289 748 instat,
1318 700 1368 741 et
1392 693 1559 750 ardet3

227 763 295 811 Et
319 766 436 828 quia
460 767 594 814 nuda
616 766 702 824 fui,
730 785 840 815 sum
864 769 969 817 visa
993 770 1207 833 paratior
1231 770 1317 817 illi.

228 841 312 889 Sic
337 858 430 904 ego
451 845 727 900 currebam,
751 845 822 892 sic
847 861 926 893 me
946 845 1076 894 ferus
1097 846 1179 894 ille
1199 846 1482 911 premebat;
1512 848 1608 892 604

227 917 299 965 Ut
321 918 491 982 sugere
516 921 805 985 accipitrem
829 939 994 986 penna
1010 925 1289 988 trepidante
1313 924 1573 979 columbae,

228 995 300 1042 Ut
323 997 450 1045 solet
474 998 708 1062 accipiter
727 1001 948 1064 trepidas
965 1002 1151 1064 agitare
1170 1002 1441 1049 columbas.
1470 1001 1607 1063 [que,

227 1072 403 1138 Usque
429 1076 520 1123 sub
547 1076 912 1135 Orchomenon,
940 1079 1311 1143 Psophidaque,
1341 1078 1607 1142 Cyllenen-

226 1149 591 1217 Maenaliosque
627 1155 781 1213 sinus,
819 1157 1141 1220 gelidumque
1179 1155 1519 1210 Erimanthon‚
1558 1160 1610 1202 et

226 1227 438 1278 Currere
464 1232 672 1280 sustinui
692 1252 703 1291 3
745 1251 837 1282 nec
863 1251 941 1283 me
964 1235 1177 1283 velocior
1203 1235 1311 1282 ille:

226 1304 329 1353 Sed
352 1308 560 1356 tolerare
584 1311 669 1357 diu
694 1327 867 1359 cursus
893 1329 1001 1375 ego,
1027 1312 1211 1359 viribus
1237 1311 1409 1374 impar,

1471 1231 1609 1284 [Elin

1510 1312 1607 1356 610

224 1380 340 1429 Non
365 1391 588 1447 poteram
608 1405 620 1445 ;
660 1388 794 1450 longi
819 1389 1013 1452 patiens
1039 1395 1144 1437 erat
1167 1389 1248 1435 ille
1271 1387 1471 1435 laboris.

225 1456 324 1506 Per
347 1467 513 1509 tamen
538 1470 590 1510 et
613 1480 831 1528 campos,
852 1482 940 1529 per
959 1473 1156 1530 opertos
1176 1466 1347 1513 arbore
1373 1469 1583 1518 montes,

226 1534 362 1583 Saxa
381 1553 583 1603 quoque
608 1547 658 1588 et
682 1558 846 1605 rupes,
870 1549 920 1589 et
944 1558 1045 1605 qua
1066 1542 1145 1590 via
1169 1542 1319 1597 nulla,
1345 1539 1555 1588 cucurri.

226 1611 312 1659 Sol
338 1621 444 1662 erat
469 1632 497 1663 a
519 1623 686 1681 tergo:
714 1618 812 1666 vidi
840 1620 1122 1684 praecedere
1147 1621 1347 1682 longam

1509 1618 1605 1664 614

222 1688 355 1739 Ante
379 1694 533 1756 pedes
558 1697 800 1753 umbram,
827 1697 921 1745 nisi
946 1698 987 1745 si
1011 1697 1156 1745 timor
1179 1697 1264 1744 illa
1286 1695 1514 1751 videbat;

226 1766 328 1815 Sed
353 1776 487 1819 certe
513 1772 778 1837 sonituque
803 1775 988 1838 pedum
1011 1774 1259 1832 terrebar3
1300 1779 1351 1821 et
1374 1772 1550 1835 ingens

267 1955 343 1986 602.
356 1957 473 1995 Ardet5
490 1957 564 1990 arsit
575 1960 707 1999 Alpheus
722 1966 754 1991 et
769 1960 880 1992 Dianae

223 2013 339 2041 amore,
365 2006 456 2048 eique
477 2008 538 2038 vim
562 2008 673 2040 inferre
695 2010 804 2046 voluit,
827 2010 882 2041 sed

222 2053 304 2084 male
321 2059 367 2084 est
382 2054 516 2087 habitus.
550 2058 686 2089 Pausan.
702 2058 743 2089 vi.
758 2070 791 2100 p.
807 2060 881 2090 510.

224 2102 341 2134 Parata
357 2105 477 2142 mulier,
494 2117 563 2148 quae
587 2108 708 2149 copiam
728 2108 774 2139 sui
790 2108 880 2139 facile

220 2153 350 2191 praebet.
394 2154 445 2185 Sic
465 2156 573 2188 Burm.
588 2157 664 2188 eth.
680 2156 701 2188 l.
746 2157 790 2188 At
810 2157 880 2188 talis

222 2201 332 2232 mulier
357 2213 417 2233 non
445 2203 535 2245 fugit.
586 2205 695 2236 Potius
722 2216 804 2236 nune
834 2212 882 2237 est

222 2254 297 2290 apta
318 2251 357 2281 ad
385 2253 595 2284 concubitum.
642 2255 810 2291 Premebat,
832 2255 879 2285 in-

221 2301 411 2340 sequebatur
439 2313 548 2344 usque.
594 2303 781 2339 Similitudo,
810 2315 879 2345 quae

221 2350 371 2389 sequitur,
394 2351 489 2382 ducta
513 2363 551 2383 ex
573 2352 669 2383 Hom.
690 2353 731 2383 ΙΙ.
749 2356 787 2384 Φ.
803 2354 878 2384 493.

222 2399 301 2430 ὥστε
319 2398 442 2436 πέλεια,
462 2400 504 2432 “H
522 2400 564 2442 ῥά
580 2402 606 2433 θ’
622 2401 676 2433 ὑπ’
692 2402 800 2444 ’ίρηκος
816 2403 881 2434 κοί-

221 2449 289 2487 λην
323 2449 493 2481 εἰσέπτατο
532 2450 671 2493 πέτρην.
729 2454 881 2492 Accipiter

221 2498 356 2529 maxime
372 2499 501 2531 infestus
519 2501 684 2532 columbis.
732 2501 845 2532 Confer
860 2501 882 2533 i.

222 2548 296 2578 506.
320 2548 372 2579 ubi
394 2549 459 2579 vid.
482 2549 521 2580 de
545 2562 573 2581 v.
621 2551 794 2590 Trepidare.
816 2551 880 2582 Lu-

222 2603 298 2627 cret.
312 2608 342 2628 v.
360 2599 452 2629 1035.
468 2598 506 2629 de
523 2600 644 2636 avibus,
659 2612 677 2630 (ι
698 2602 804 2639 pennis
821 2607 877 2630 tre·

221 2648 336 2677 mulum
357 2654 457 2687 petere
480 2650 640 2680 armiliam.
685 2650 811 2691 Agitare
833 2660 880 2679 cn-

223 2696 347 2727 lumbas.
394 2697 531 2737 Agitare,
559 2699 687 2729 verbum
725 2698 878 2740 proprium

223 2743 262 2775 de
284 2747 480 2777 venatoribus
502 2754 533 2778 et
557 2748 666 2779 avibus
693 2748 877 2789 rapacibus:

949 1961 1021 1993 vide
1051 1963 1279 1992 Burmannum.
1329 1959 1484 1997 Quoniam
1509 1964 1541 1990 et
1568 1959 1607 1990 de

949 2021 1005 2041 suo
1027 2021 1118 2041 cursu
1135 2009 1286 2051 Nympha
1301 2014 1332 2039 et
1352 2008 1390 2039 de
1407 2007 1522 2049 Alphei
1537 2019 1608 2049 per-

948 2059 1106 2100 secutione
1132 2058 1264 2094 dixerat,
1295 2062 1457 2099 propterea
1483 2056 1606 2098 utrique

949 2107 1182 2138 accommodare
1217 2105 1452 2137 similitudinem
1488 2105 1606 2143 voluit3

947 2156 1020 2187 hinc
1045 2157 1098 2187 illa
1117 2155 1269 2197 repetitio,
1291 2154 1322 2185 in
1347 2165 1410 2196 qua
1433 2154 1518 2184 lusus
1536 2154 1605 2194 qui-

947 2205 1031 2235 dam.
1079 2204 1175 2245 Usque
1195 2205 1258 2239 sub,
1274 2210 1334 2234 etc.
1380 2202 1438 2232 His
1457 2213 1517 2232 non
1538 2213 1605 2233 cer-

947 2260 997 2285 tus
1022 2254 1136 2296 aliquis
1155 2263 1262 2284 cursus
1281 2252 1448 2288 indicatur,
1465 2251 1519 2282 sed
1535 2257 1605 2281 tan-

948 2309 1013 2333 tuin
1032 2302 1147 2344 oppida
1161 2302 1305 2344 quaedam
1325 2307 1356 2332 et
1371 2306 1490 2331 montes
1504 2300 1604 2331 Arca-

947 2352 1006 2383 dia:
1026 2351 1236 2383 nominantur.
1283 2351 1383 2385 Sinus,
1400 2350 1509 2385 flexus,
1527 2359 1606 2390 quos

947 2401 1066 2432 faciunt
1086 2406 1217 2432 montes.
1261 2399 1345 2430 Plin.
1370 2399 1453 2430 Hist.
1474 2399 1550 2429 Nat.
1574 2409 1605 2429 v.

947 2451 999 2482 31.
1014 2451 1285 2492 εἰ)ιιιοειι5][ε,ιὶὺιιε
1301 2449 1466 2479 lfficunder.

989 2500 1064 2530 611.
1106 2499 1239 2534 Patiens,
1276 2497 1329 2539 qui
1369 2497 1445 2528 ferre
1481 2500 1604 2537 poterat

945 2549 1073 2590 longum
1096 2549 1246 2584 laborem,
1275 2547 1390 2588 quippe
1412 2545 1523 2576 fluvius
1549 2554 1605 2586 per

947 2598 1054 2639 longos
1082 2603 1232 2628 terrarum
1259 2601 1377 2627 tractus
1407 2605 1504 2636 aquas
1532 2603 1604 2624 suas

946 2646 1114 2677 devehens.

989 2697 1065 2727 615.
1086 2695 1226 2726 Umbram
1245 2704 1356 2736 nempe
1372 2692 1438 2724 viri.

948 2751 982 2776 ut
994 2756 1082 2776 versu
1101 2746 1154 2775 20.

1486 2692 1552 2722 Nisi
1567 2693 1602 2727 si,
