1763 3181
410 175 1033 218 METAMORPHOSEON
1067 174 1186 216 LIB.
1219 174 1301 216 VI.

145 292 401 349 Tantalus,
428 299 484 339 ut
508 291 654 339 solito
678 291 829 338 finem
854 290 1134 355 imposuere
1160 290 1332 346 labori,

1453 174 1539 215 397

1438 292 1536 337 240

145 369 464 417 Transierant
488 369 551 416 ad
576 385 701 432 opus
727 367 896 415 nitidae
917 368 1137 430 juvenile
1162 368 1406 430 palaestrae
1428 385 1438 423 ;

146 446 214 494 Et
232 448 336 509 jam
361 447 673 494 contulerant
693 453 827 493 arcto
851 445 1092 493 luctantia
1116 461 1248 492 nexu

147 523 362 572 Pectora
385 523 687 587 pectoribus,
717 539 872 585 quum
898 530 1037 570 tento
1063 522 1260 570 concita
1283 537 1452 577 cornil,

150 601 292 648 Sicut
316 608 457 648 erant
475 601 653 664 juncti,
681 600 878 663 trajecit
900 607 1168 664 utrumque
1195 599 1395 661 sagitta.

147 677 442 741 Ingemuere
469 678 646 734 simul;
687 677 833 724 simul
859 677 1112 724 incurvata
1136 677 1306 724 dolore

1441 678 1537 723 245

147 755 379 804 Membra
403 757 506 803 solo
532 772 743 819 posuere
764 774 773 812 ;
815 754 960 801 simul
985 770 1218 818 suprema
1236 755 1462 817 jacentes

149 833 360 880 Lumina
382 833 667 890 versarunt3
708 832 924 880 animam
950 832 1096 879 simul
1120 832 1438 879 exhalarunt.

146 911 342 975 Aspicit
366 911 638 975 Alphenor,
667 911 951 974 laniataque
978 917 1184 974 pectora
1207 911 1450 974 plangens

146 988 376 1045 Advolat,
402 996 458 1036 ut
478 990 668 1052 gelidos
689 989 1036 1052 complexibus
1062 988 1242 1035 allevet
1265 995 1400 1034 artus
1419 1005 1429 1044 3

147 1065 309 1129 Inque
334 1066 416 1130 pio
443 1066 577 1113 cadit
601 1066 788 1114 officio:
828 1081 943 1112 nam
970 1065 1145 1113 Delius
1172 1065 1240 1111 illi

1442 1066 1540 1110 250

147 1144 330 1192 Intima
353 1144 548 1192 fatifero
573 1145 759 1208 rumpit
783 1144 1054 1208 praecordia
1079 1143 1222 1190 ferro.

149 1221 297 1276 Quod
319 1222 464 1269 simul
492 1222 744 1278 eductum,
772 1237 886 1285 pars
913 1228 990 1269 est
1014 1220 1263 1284 pulmonis
1290 1219 1338 1266 in
1364 1217 1524 1266 hamis

148 1299 332 1357 Eruta3
373 1316 590 1363 cumque
615 1299 780 1346 anima
804 1315 948 1347 cruor
974 1307 1050 1346 est
1075 1299 1262 1347 effusus
1286 1298 1337 1344 in
1361 1313 1522 1344 auras,

149 1376 217 1424 At
239 1394 338 1424 non
362 1377 615 1424 intonsum
641 1377 854 1440 simplex
883 1376 1311 1424 Damasichthona
1331 1375 1508 1422 vulnus

147 1454 342 1502 Afficit:
372 1455 502 1502 ictus
528 1463 649 1511 erat,
678 1471 779 1518 qua
802 1471 914 1502 crus
941 1472 1051 1503 esse
1076 1454 1267 1518 incipit,
1295 1460 1347 1501 et
1371 1469 1472 1516 qua

148 1531 325 1579 Mollia
348 1549 584 1580 nervosus
610 1532 728 1580 facit
753 1533 1032 1581 internodia
1057 1533 1230 1597 poples
1253 1551 1263 1587 ;

1444 1533 1540 1577 256

148 1609 387 1673 Dumque
412 1627 561 1658 manu
587 1618 748 1659 tentat
772 1612 966 1659 trahere
992 1610 1247 1659 exitiabile
1272 1610 1444 1664 telum,

146 1687 320 1735 Altera
342 1704 432 1751 per
456 1689 690 1751 jugulum
716 1689 890 1752 pennis
916 1696 1061 1736 tenus
1088 1695 1199 1735 acta
1224 1687 1406 1749 sagitta
1431 1691 1535 1732 est:

148 1763 360 1829 Expulit
383 1766 510 1813 hanc
537 1765 757 1828 sanguis,
786 1782 942 1829 seque
961 1766 1236 1829 ejaculatus
1262 1765 1311 1811 in
1336 1763 1490 1811 altum

149 1841 361 1899 Emicat,
389 1849 439 1890 et
455 1843 602 1906 longe
626 1844 877 1891 terebrata
901 1843 1095 1907 prosilit
1119 1859 1254 1890 aura.

189 1952 263 1982 240.
289 1951 427 1992 Labori]
458 1951 633 1993 Agitationi
649 1963 811 1994 equorum.

149 2000 346 2032 Transierant
361 2003 399 2032 ad
413 2013 484 2041 opus
502 2002 648 2041 palaestrae
666 2002 810 2043 juvenes,

141 2051 209 2092 jam
224 2050 320 2081 finitis
333 2050 612 2082 exercitationibus
628 2051 810 2093 campestri-

144 2101 204 2131 bus
217 2112 225 2139 ;
248 2099 332 2142 apud
356 2099 515 2131 Romanos
531 2106 637 2131 natare
652 2101 746 2131 etiam
761 2112 808 2131 so-

146 2149 254 2180 lebant
269 2159 325 2191 per
338 2149 485 2180 Tiberim.
509 2150 619 2181 Horat.
630 2151 657 2181 Ι.
670 2151 732 2181 Od.
744 2151 808 2182 viii.

146 2199 317 2230 Luctantes
334 2198 367 2229 in
386 2199 533 2241 palaestra
556 2201 624 2231 oleo
646 2202 808 2242 ungeban-

145 2254 206 2284 tur,
222 2255 258 2279 nt
271 2248 465 2279 mollirentur
482 2255 578 2285 artus,
598 2250 671 2281 hinc
687 2253 785 2281 nitida
797 2262 808 2289 ‚·

144 2304 178 2328 et
192 2297 321 2328 Heroid.
337 2297 380 2329 xi.
397 2299 448 2329 19.
463 2306 557 2329 uncta.
569 2301 722 2338 palaestra.

188 2347 262 2377 242.
281 2346 322 2377 Et
337 2349 408 2387 jam
422 2349 638 2386 contulerunt,-
659 2349 724 2391 jam
741 2349 809 2379 luc-

147 2396 208 2427 tari
223 2402 396 2438 coeperant.
440 2397 491 2428 De
511 2409 589 2429 ‘nera
611 2395 810 2435 luctantium,

148 2445 220 2476 vide
237 2445 276 2476 ad
291 2445 337 2476 ix.
354 2447 409 2477 52.

191 2496 266 2526 246.
296 2495 441 2535 Suprema
479 2497 606 2533 lumina,
645 2497 811 2529 morientes

148 2544 266 2575 oculos.

190 2594 265 2625 248.
286 2595 468 2635 Alphenor]
494 2595 713 2637 Apollodorus,
730 2598 794 2638 Age

147 2655 214 2674 nor.
260 2643 394 2674 Lauiata
408 2646 568 2686 plangens,
586 2645 738 2687 plangens
755 2647 810 2682 sic,

148 2699 184 2724 ut
199 2693 342 2724 laniaret.
364 2694 449 2725 Vide
463 2695 503 2725 ad
519 2695 541 2726 i.
557 2696 608 2725 32.
648 2696 808 2737 Frequen-

148 2747 195 2773 ter
213 2743 329 2773 laniare
342 2742 381 2774 de
395 2744 615 2786 στερνοτυπία
629 2743 693 2775 sive
704 2744 811 2786 plane-

171 2838 174 2841 ·
195 2791 296 2823 VOL.
311 2792 376 2823 ΙΙΙ.

1442 1842 1540 1887 260

878 1959 923 1984 tu.
961 1952 1136 1984 Caedebant
1154 1952 1237 1982 enim
1252 1957 1380 1994 pectora
1394 1956 1425 1981 et
1440 1950 1540 1980 lacer-

878 2009 937 2039 tos,
954 2010 988 2033 ut
1003 2003 1155 2040 liverent3
1172 2002 1277 2032 confer
1293 2011 1415 2032 versun)
1432 2001 1506 2030 279.

920 2055 997 2085 253.
1027 2054 1159 2094 Cumque
1185 2055 1298 2087 anima,
1330 2052 1408 2092 etc.]
1436 2050 1541 2092 Virgi-

876 2103 947 2139 lius,
969 2102 1098 2133 AEneid.
1116 2102 1150 2132 ii.
1165 2103 1238 2133 532.
1255 2103 1349 2132 multo
1368 2104 1457 2132 ritum
1473 2112 1539 2131 cum

875 2153 1116 2194 sangztinefudit
1129 2164 1139 2189 ,·
1153 2158 1184 2182 et
1198 2151 1240 2182 ix.
1257 2153 1330 2182 349.
1350 2151 1538 2189 Purpuream

877 2205 965 2233 vomit
987 2203 1037 2232 ille
1052 2204 1201 2232 animam:
1226 2212 1263 2232 ex
1282 2207 1385 2232 mente
1402 2200 1537 2236 illorum,

877 2252 931 2294 qui
943 2252 1126 2293 sanguinem
1142 2250 1254 2282 animae
1270 2251 1375 2281 sedem
1392 2261 1459 2281 esse
1474 2249 1540 2293 opi-

877 2302 1043 2332 nabantur.

920 2352 995 2381 254.
1010 2351 1050 2380 Ar
1074 2362 1131 2380 non
1153 2349 1330 2389 intonsum]
1353 2349 1480 2380 AEneid.
1496 2349 1538 2379 ix.

881 2401 952 2430 181.
965 2399 1120 2430 ornatius:
1139 2399 1201 2429 Ora
1215 2410 1290 2438 puer
1302 2400 1399 2437 primu
1416 2400 1538 2439 signans

878 2452 994 2480 intonsa
1006 2451 1151 2489 jur-enta.
1184 2448 1284 2479 Recte
1299 2449 1395 2487 poples
1412 2453 1540 2478 vocatur

878 2511 1017 2530 nervosus
1032 2498 1108 2540 quia
1126 2498 1169 2528 ibi
1186 2497 1310 2539 plurimi
1336 2497 1420 2528 nervi
1435 2510 1440 2526 :
1466 2496 1538 2527 vide

878 2549 1106 2579 Burmannum.
1136 2547 1325 2582 Inter-nodia,
1341 2546 1475 2588 spatium
1490 2545 1538 2576 in-

878 2602 924 2628 ter
950 2597 1058 2632 nodos,
1075 2595 1128 2638 qui
1150 2606 1220 2627 crus
1243 2601 1275 2626 et
1301 2595 1450 2637 poplitem
1472 2595 1537 2626 col—

877 2644 988 2687 ligant.

921 2697 996 2726 260.
1024 2695 1185 2726 Terebrczta
1209 2694 1352 2735 prosilit]
1377 2695 1477 2736 Supra
1495 2693 1537 2723 iv.

883 2746 953 2777 124.
978 2747 1102 2786 sanguis
1123 2754 1139 2774 e
1158 2743 1286 2774 vulnere
1308 2742 1446 2774 emicans
1469 2744 1538 2773 icti-

1007 2795 1034 2824 X
1054 2804 1072 2823 x
