1729 3207
211 200 310 240 xxvi
734 192 1072 235 PRAEFATIO

214 313 430 359 varietate,
453 319 498 351 ut
520 323 629 351 nunc
651 308 853 355 historici,
877 321 987 347 nunc
1010 306 1228 346 dramatici
1257 311 1399 358 partes
1422 311 1591 359 ageret;

212 407 297 445 qua
317 392 408 445 ipsa
428 404 472 430 re
493 389 717 443 plurimum
738 388 886 441 gratiae
907 385 1078 427 carmini
1100 383 1359 425 conciliatur.

272 469 414 509 Primo
445 468 658 522 ingenium
681 466 825 507 lectori
853 466 894 505 in
922 463 1361 506 transformationibus
1392 462 1493 516 ipsis
1521 461 1593 502 de-

211 549 444 590 scribendis
473 548 706 602 approbat3
742 547 784 586 in
820 560 924 598 quas
959 544 1069 585 enim
1103 542 1200 582 novi
1232 540 1421 595 corporis
1451 546 1594 593 partes

211 627 376 682 singula
396 627 540 668 formae
562 626 711 680 prioris
731 624 920 665 membra
939 621 1196 669 transierint,
1211 619 1452 659 suavissime
1474 632 1595 658 enar-

209 714 288 756 rat,
311 713 437 761 atque
461 706 519 745 ita
544 703 770 745 multorum
795 700 1082 748 animantium,
1105 698 1331 739 multarum
1352 698 1450 737 item
1472 696 1593 736 arbo-

210 800 301 825 rum
322 784 580 837 aliarumque
602 797 742 823 rerum
766 787 959 821 naturam
986 778 1160 819 mirifice
1182 777 1331 832 pingit.
1391 776 1531 829 Cycno
1553 775 1593 814 in

206 878 324 904 avem
345 863 410 903 sui
430 862 608 903 nominis
628 859 875 908 transeunti,
898 859 938 898 ii.
961 858 1068 898 373:

518 955 605 992 Vox
625 961 683 992 est
702 960 859 992 tenuata
878 953 969 996 viro,
989 965 1165 1002 canaeque
1183 951 1337 1002 capillos

366 1017 621 1056 Dissimulant
639 1016 792 1068 plumae,
812 1016 1025 1066 collumque
1044 1029 1065 1053 a
1082 1022 1233 1065 pectore
1251 1014 1407 1064 longum

363 1081 590 1131 Porrigitur,
611 1080 822 1130 digitosque
841 1079 935 1129 ligat
949 1079 1131 1128 junctura
1149 1078 1351 1115 rubentes:

338 1176 342 1181 .
364 1144 496 1182 Penna
515 1143 614 1181 latus
629 1143 747 1181 vestit
761 1158 772 1187 3
802 1150 910 1180 tenet
929 1156 968 1180 os
987 1142 1068 1179 sine
1087 1141 1259 1179 acumine
1278 1147 1451 1178 rostrum.

207 1239 295 1280 Ubi
326 1239 391 1289 Io,
425 1239 684 1280 concedente
718 1237 903 1287 Junone‚
943 1237 1128 1292 priorem
1163 1235 1339 1276 formam
1377 1235 1528 1290 recipit
1567 1251 1592 1276 a

208 1317 331 1367 Jove,
352 1318 379 1358 i.
403 1318 507 1357 739:

722 1384 894 1434 Fugiunt
915 1399 935 1423 e
954 1398 1102 1436 corpore
1121 1392 1223 1428 setae,

361 1447 511 1484 Cornua
530 1445 764 1490 decrescunt,
785 1446 828 1484 fit
846 1447 1001 1485 luminis
1020 1447 1153 1484 arctior
1171 1446 1281 1491 orbis,

362 1509 611 1546 Contrahitur
629 1508 760 1553 rictus,
781 1510 942 1548 redeunt
961 1511 1184 1562 humerique
1203 1523 1435 1561 manusque,-

363 1571 594 1622 Ungulaque
613 1572 652 1608 in
671 1571 804 1622 quinos
824 1571 968 1625 dilapsa
987 1575 1199 1612 absumitur
1217 1584 1375 1620 ungues.

361 1634 423 1672 De
442 1635 535 1671 bove
554 1634 609 1670 nil
628 1641 812 1684 superest,
832 1634 960 1670 formae
978 1633 1051 1670 nisi
1070 1632 1219 1677 candor,
1234 1633 1275 1669 in
1294 1632 1382 1677 illa,-

361 1697 570 1747 Officioque
588 1696 728 1747 pedum
749 1697 931 1747 Nymphe
951 1704 1128 1734 contenta
1147 1696 1307 1734 duorum

361 1760 548 1809 Erigitur,
567 1760 782 1810 metuitque
801 1760 916 1810 loqui,
936 1774 985 1798 ne
1004 1773 1106 1797 more
1120 1760 1294 1809 juvencae

361 1823 529 1872 Mugiat,
550 1829 588 1860 et
606 1822 740 1860 timide
760 1824 873 1861 verba
892 1823 1106 1860 intermissa
1124 1829 1302 1860 retentat.

204 1923 414 1977 Lyciacos
427 1929 617 1978 agrestes
635 1923 801 1964 Latona
816 1939 941 1965 ranas
958 1939 1066 1973 esse,
1081 1925 1134 1965 vi.
1150 1925 1249 1973 370,
1265 1924 1405 1978 jubet.
1439 1923 1589 1979 Itaque

824 2001 944 2039 Juvat
962 2002 1034 2039 isse
1053 2003 1123 2040 sub
1141 2001 1263 2039 undas

359 2063 414 2101 Et
433 2063 541 2100 modo
558 2070 637 2102 tota
656 2077 745 2101 cava
763 2065 1004 2115 submergere
1022 2065 1192 2102 membra
1211 2065 1362 2115 palude,

360 2127 401 2163 N
405 2140 478 2163 unc
497 2127 663 2176 proferre
683 2135 808 2177 caput,
829 2142 976 2165 summo
994 2128 1103 2166 modo
1121 2129 1272 2178 gurgite
1292 2142 1395 2173 nare,

361 2188 469 2238 Saepe
488 2203 601 2239 super
619 2190 738 2240 ripam
758 2192 881 2241 stagni
902 2191 1107 2236 considere,
1127 2204 1227 2241 saepe

360 2250 407 2287 In
426 2251 568 2300 gelidos
587 2252 730 2290 resilire
749 2252 852 2291 lacus

360 2313 448 2350 Vox
467 2327 613 2365 quoque
628 2316 707 2364 jam
726 2329 839 2354 rauca
857 2324 927 2362 est,
948 2316 1152 2367 inflataque
1167 2316 1260 2353 colla
1278 2324 1509 2361 tumescunt,

360 2375 522 2426 Ipsaque
541 2376 702 2415 dilatant
720 2378 870 2428 patulos
889 2379 1056 2416 convicia
1074 2379 1202 2416 rictus.

360 2436 486 2487 Terga
505 2446 618 2488 caput
638 2446 802 2489 tangunt
817 2456 827 2486 3
858 2440 952 2477 colla
971 2442 1182 2491 intercepta
1200 2439 1401 2487 videntur,-

360 2498 479 2550 Spina
498 2500 594 2538 viret
607 2516 619 2546 ,·
648 2510 793 2547 venter,
812 2516 899 2553 pars
918 2504 1083 2541 maxima
1101 2504 1276 2554 corporis,
1297 2504 1397 2542 albet
1410 2519 1422 2550 ,-

356 2561 579 2612 Limosoque
597 2576 702 2601 novae
719 2564 861 2602 saliunt
880 2566 919 2602 in
938 2566 1090 2616 gurgite
1109 2579 1218 2603 ranae.

208 2645 438 2699 Ocyrrlzoe,
472 2647 727 2689 vaticinandi
760 2650 913 2703 perita,
943 2651 1124 2705 primum
1157 2653 1390 2706 praesentit,
1415 2654 1456 2694 ii.
1487 2655 1585 2704 561,

204 2721 291 2763 fata
310 2738 407 2763 sua:
