1763 3181
403 181 1030 224 METAMORPHOSEON
1064 182 1184 223 LIB.
1222 183 1278 224 V.
1457 183 1541 224 331

148 298 250 345 Sed
275 314 387 361 quae
411 298 686 346 visceribus
711 298 942 345 veniebat
965 298 1132 345 bellua
1155 305 1307 362 ponto

145 374 494 423 Exsaturanda
511 375 662 422 meis:
692 375 775 421 illo
799 374 889 421 tibi
914 382 1136 439 tempore
1162 382 1307 439 rapta
1331 382 1423 432 est,

145 452 256 507 Quo
281 453 499 516 peritura
521 452 640 509 fuit3
682 453 775 499 nisi
801 452 842 498 si
867 453 1081 499 crudelis
1108 453 1157 498 id
1182 452 1346 516 ipsum
1472 456 1536 499 20

145 529 336 592 Exigis,
353 535 408 575 ut
422 536 608 592 pereat,
626 529 865 593 luctuque
880 529 1107 576 levabere
1128 536 1313 576 nostro.
1344 530 1418 590 [ta
1433 536 1533 587 est;

149 606 352 653 Scilicet
375 606 508 653 haud
534 606 654 653 satis
680 612 772 661 est,
797 606 947 668 quod,
969 613 1018 665 te
1045 613 1319 669 spectante,
1348 606 1537 653 revinc-

147 683 215 731 Et
239 684 423 730 nullam
449 684 585 746 quod
612 700 759 747 opem
785 691 990 747 patruus
1017 700 1290 747 sponsusve
1315 683 1500 731 tulisti:

147 760 375 824 Insuper,
404 777 432 807 a
457 777 711 823 quoquam
737 761 871 822 quod
898 760 961 806 sit
986 768 1192 814 servata,
1220 760 1428 816 dolebis,

146 838 465 900 Praemiaque
482 838 662 901 eripies
680 838 697 884 ?
720 854 831 900 quae
849 838 888 885 si
910 838 1000 884 tibi
1017 854 1199 900 magna
1212 838 1456 892 videntur,
1475 841 1537 884 25

147 914 227 962 Ex
242 915 337 961 illis
355 916 589 978 scopulis,
610 915 695 961 ubi
716 922 856 962 erant
871 915 1032 969 affixa,
1048 917 1285 977 petisses:
1323 916 1536 976 [nectus,

149 991 296 1039 Nunc
323 992 444 1047 sine,
473 992 558 1055 qui
579 992 739 1056 petiit,
770 1008 858 1055 per
888 1008 1037 1054 quem
1063 993 1170 1038 haec
1195 1009 1292 1038 non
1318 993 1438 1038 orba
1463 1008 1538 1039 se-

150 1069 314 1126 Ferre,
333 1070 468 1132 quod
490 1076 540 1117 et
555 1069 741 1117 meritis
763 1078 814 1116 et
827 1086 948 1116 voce
969 1077 1046 1116 est
1065 1076 1243 1132 pactus
1263 1088 1272 1125 ;
1302 1086 1518 1132 eumque

151 1146 265 1194 Non
289 1146 396 1202 tibi,
424 1147 513 1193 sed
539 1153 686 1194 certae
713 1147 971 1210 praelatum
996 1146 1220 1207 intellige
1246 1145 1440 1193 morti.”

151 1223 243 1271 Ille
268 1223 389 1270 nihil
414 1231 613 1271 contra:
654 1225 741 1271 sed
768 1231 817 1271 et
837 1225 986 1279 hunc,
1015 1231 1065 1270 et
1090 1224 1278 1270 Persea
1291 1225 1429 1270 vultu
1477 1227 1541 1270 30

151 1300 358 1348 Alterno
386 1307 635 1364 spectans,
660 1307 801 1364 petat
826 1301 957 1347 hunc
984 1301 1193 1362 ignorat,
1222 1317 1283 1347 an
1308 1301 1473 1357 illum;

155 1377 536 1441 Cunctatusque
561 1379 713 1433 brevi,
741 1384 1018 1425 contortam
1043 1378 1227 1425 viribus
1253 1378 1463 1433 hastam,

155 1454 379 1509 Quantas
405 1456 476 1502 ira
499 1456 667 1511 dabat,
695 1456 1033 1519 nequicquam
1059 1456 1108 1501 in
1135 1455 1322 1503 Persea
1346 1455 1494 1502 misit.

157 1531 227 1579 Ut
251 1532 390 1579 stetit
413 1532 497 1579 illa
521 1539 655 1589 toro3
698 1532 864 1579 stratis
890 1540 996 1579 tum
1021 1533 1236 1595 (lenique
1262 1532 1477 1579 Perseus

156 1608 374 1667 Exiluit3
415 1610 618 1672 teloque
643 1610 781 1657 ferox
807 1610 1007 1657 inimica
1031 1610 1235 1656 remisso
1480 1612 1542 1656 35

199 1761 251 1791 20.
290 1761 359 1790 Nisi
386 1762 410 1791 si
439 1761 518 1791 bene
548 1771 579 1792 se
608 1761 728 1799 habet3
753 1762 816 1793 vid.

885 1767 961 1794 erat,
982 1760 1036 1791 sed
1052 1760 1136 1791 idem
1148 1760 1288 1795 verbum,
1305 1759 1386 1800 quod
1402 1769 1484 1800 szepe
1500 1758 1546 1793 fit,

157 1809 266 1840 Heins.
281 1809 318 1839 ad
337 1809 490 1840 Heroid-d.
508 1809 549 1840 iv.
564 1810 594 1840 3.
639 1811 743 1841 Etiam
763 1810 816 1841 Ci-

885 1811 1005 1841 duobus
1030 1809 1206 1840 nominibus
1230 1809 1350 1839 diverso
1377 1819 1468 1839 sensu
1493 1818 1542 1838 ac-

157 1868 227 1889 cero
251 1858 290 1889 <le
306 1858 416 1889 Divin.
434 1870 465 1888 v.
481 1860 501 1889 9
517 1872 522 1888 2
551 1859 620 1889 Nisi
639 1861 663 1889 si
689 1862 720 1890 in
738 1861 816 1890 Dal-

158 1909 280 1938 matiam
300 1908 632 1950 augsitgerit.—Erigi8,
651 1916 686 1940 ut
702 1917 817 1949 pereat,

159 1957 322 1997 exigebas,
340 1963 375 1987 ut
389 1957 516 1999 periret.

202 2007 342 2037 22—25.
369 2006 489 2037 Scilicet
519 2008 600 2038 haud
627 2009 708 2043 satis,
737 2008 815 2048 etc]

159 2054 232 2085 Non
267 2054 407 2096 urgenda
443 2055 511 2086 haee
548 2061 619 2086 sunt
636 2068 645 2095 3
681 2056 820 2087 Phineus

159 2103 243 2134 enim
266 2104 382 2134 viribus
409 2104 472 2135 suis
501 2115 558 2135 nec
583 2106 666 2136 solus
689 2106 820 2136 liberare

158 2152 405 2188 Andromedam,
438 2164 494 2184 nec
531 2155 645 2185 Perseo
675 2153 821 2185 liberanti

159 2212 250 2244 opem
266 2202 355 2232 ferre.
401 2202 440 2232 In
463 2202 510 2233 his
527 2203 627 2233 verbis
648 2203 746 2234 ironia
760 2208 818 2238 est,

161 2261 224 2292 qua
249 2250 369 2281 Phineo
392 2250 521 2282 insultat
545 2252 639 2282 frater
661 2252 819 2293 Cepheus,

161 2300 268 2336 Quum
284 2298 367 2330 enim
387 2306 418 2330 et
437 2306 566 2342 patruus
583 2306 614 2330 et
629 2312 758 2342 sponsus
773 2312 820 2331 es-

161 2353 210 2379 set
224 2348 445 2384 Andromedae,
462 2349 582 2390 aliquid
607 2355 690 2380 certe
715 2349 822 2380 auxilii

163 2397 270 2429 afferre
286 2397 420 2428 debebat
435 2410 442 2436 3
455 2409 551 2439 quum
568 2410 637 2429 vero
650 2398 727 2429 nihil
739 2410 822 2441 pror-

160 2457 214 2477 sus
229 2446 345 2482 tulerit,
362 2446 630 2488 impudentissime
651 2458 718 2478 eam
734 2459 822 2489 repe-

163 2495 210 2531 tit,
227 2505 322 2537 quam
338 2496 432 2526 tutari
448 2506 508 2526 non
526 2502 572 2527 est
595 2508 698 2527 ausus.
737 2498 822 2536 Spec-

165 2551 260 2581 tante,
276 2555 401 2586 nempe,
416 2545 524 2576 otiose.

208 2594 262 2624 27.
296 2594 385 2624 Bene
411 2595 469 2624 lucc
497 2602 640 2631 senec-cim,
669 2601 704 2625 ut
733 2606 822 2625 versu

165 2643 238 2673 222.
268 2644 344 2674 hanc
369 2646 510 2674 animam.
569 2644 680 2685 Itaque
711 2644 823 2675 retinui

165 2702 347 2732 pronomen,
364 2693 447 2733 quod
463 2692 610 2723 Heinsius
623 2699 655 2723 et
670 2694 822 2724 Burman-

165 2750 224 2770 nus
239 2741 418 2773 omiserunt.
457 2742 578 2773 Meritis
597 2742 627 2773 id
645 2753 705 2774 non
718 2749 824 2782 pactus

885 1859 1130 1890 commodatum.

929 1909 982 1939 30.
995 1908 1052 1938 Ille
1065 1909 1141 1938 nihil
1152 1914 1255 1938 contra
1268 1906 1440 1947 (etiamxii.
1453 1907 1545 1945 232.)

886 1964 921 1988 ut
935 1958 1035 1988 solent
1048 1956 1185 1993 violenti,
1201 1967 1273 1987 cum
1289 1956 1479 1997 repelluntur
1495 1966 1546 1987 ve-

886 2005 986 2037 ritatis
1006 2005 1133 2036 viribus.
1179 2006 1267 2047 Saepe
1296 2003 1408 2045 aliquis
1434 2005 1546 2034 hastam

887 2054 1044 2096 intorquet
1068 2056 1181 2085 viribus
1208 2059 1260 2084 aut
1285 2055 1352 2084 nisu
1379 2055 1442 2089 ἱνα),
1465 2054 1545 2084 εἰσίο-

888 2107 939 2140 ris,
956 2110 1015 2134 etc.

918 2154 984 2184 035.
1023 2153 1129 2188 Ferox,
1161 2151 1301 2182 concitus
1330 2150 1442 2181 furore.
1488 2151 1548 2181 Re-

889 2205 982 2238 misso,
1005 2202 1144 2243 rejecto3
1171 2201 1301 2231 eandem
1329 2210 1463 2241 namque
1492 2200 1546 2230 ha-

889 2258 967 2282 stam
1008 2251 1038 2281 in
1069 2251 1222 2281 Phineum
1261 2250 1391 2280 Perseus
1427 2249 1547 2290 rejecit.

892 2302 1018 2331 Pectora
1047 2302 1184 2339 rupisset.
1232 2298 1396 2333 Vivianus,
1428 2305 1548 2339 pectora

878 2351 1038 2391 ji·<*gisset,
1077 2359 1112 2379 ex
1152 2347 1272 2378 solenni
1309 2347 1547 2388 permutatione.

891 2400 1039 2438 Rumpere
1067 2404 1184 2437 pectora
1216 2396 1392 2437 frequentat
1420 2396 1546 2426 Noster.

888 2449 932 2479 iii.
957 2449 1042 2485 627,
1067 2447 1108 2478 vi.
1130 2448 1203 2478 251.
1260 2447 1383 2477 Etenim
1412 2457 1549 2485 rumpere

890 2504 937 2529 est
958 2508 1074 2533 secare,
1096 2497 1222 2527 findere.
1256 2497 1318 2526 ΠΙ.
1342 2495 1416 2525 Am.
1444 2507 1474 2526 x.
1495 2497 1547 2527 32.

890 2549 1001 2586 rumpit
1021 2557 1115 2576 comet·
1130 2547 1264 2576 humum.
1289 2545 1397 2574 Altare
1413 2550 1465 2574 aut
1482 2556 1546 2581 ura,

891 2595 976 2625 focus
1002 2595 1033 2625 in
1055 2594 1157 2625 medio
1177 2593 1263 2629 atrio,
1281 2593 1313 2623 in
1337 2603 1398 2633 quo
1417 2592 1471 2622 Dii
1488 2593 1547 2623 Pe-

891 2649 979 2674 nates
995 2644 1196 2681 colebantur-3
1219 2652 1306 2673 versu
1321 2642 1394 2671 155.
1422 2642 1549 2683 Nuptiis

892 2693 1047 2723 adhibitas
1084 2703 1151 2723 aras
1188 2698 1218 2722 et
1252 2701 1350 2726 sacra,
1381 2690 1548 2721 advocatos

892 2743 976 2772 ileos
1003 2742 1074 2772 hinc
1101 2742 1200 2782 liquet
1230 2746 1261 2771 et
1286 2751 1321 2770 ex
1347 2740 1549 2770 tumultuaria
