1763 3181
240 197 323 238 158

243 312 493 376 Prospicit
517 328 751 361 occasus:
781 313 1028 360 interdum
1053 313 1255 377 respicit
1274 319 1436 369 ortus;

623 199 673 239 P.
707 198 919 240 OVIDII
952 197 1230 240 NASONIS

1531 314 1623 359 190

242 387 476 452 Quidque
492 396 607 452 agat
624 389 840 452 ignarus,
863 396 1053 453 stupet;
1074 397 1124 437 et
1138 405 1230 437 nec
1245 389 1383 437 frena
1397 388 1620 444 remittit,

243 465 288 512 Ν
295 482 351 513 ec
377 466 588 514 retinere
613 467 771 523 valet3
813 483 903 515 nec
929 468 1128 515 nomina
1147 467 1281 514 novit
1305 483 1562 529 equorum.

244 542 429 605 Sparsa
454 559 656 606 quoque
684 543 732 589 in
756 544 888 590 vario
915 544 1101 607 passim
1126 544 1364 591 miracula
1389 543 1529 600 coelo,

241 618 610 682 Vastarumque
636 620 770 667 videt
794 621 1016 684 trepidus
1038 621 1301 668 simulacra
1324 620 1552 667 ferarum.

308 694 401 742 Est
418 696 575 752 locus,
593 696 643 742 in
660 696 882 758 geminos
903 697 986 744 ubi
1005 697 1208 744 brachia
1226 703 1464 744 concavat
1482 711 1623 743 arcus

243 772 475 835 Scorpios
494 791 504 829 ;
528 779 577 820 et
592 774 753 820 cauda
767 773 1012 837 flexisque
1029 773 1278 836 utrimque
1295 772 1508 827 lacertis,
1532 774 1621 818 196

242 849 459 911 Porrigit
483 849 532 895 in
557 849 772 913 spatium
798 850 1050 912 signorum
1076 850 1298 897 membra
1321 850 1546 896 duorum.

241 924 388 972 Hunc
414 942 536 989 puer
560 933 615 973 ut
640 927 765 990 nigri
791 929 1044 975 madidum
1066 929 1244 975 sudore
1268 928 1445 974 veneni

239 1002 457 1050 Vulnera
481 1010 682 1051 curvata
705 1004 1017 1052 minitantem
1041 1004 1248 1068 cuspide
1272 1004 1422 1059 vidit;

240 1078 428 1127 Mentis
447 1080 605 1144 inops,
633 1081 798 1143 gelida
821 1081 1080 1129 formidine
1106 1082 1210 1128 lora
1234 1080 1437 1128 remisit.

1527 1083 1624 1125 200

241 1155 364 1210 Quae
389 1164 656 1221 postquam
676 1174 924 1205 summum
945 1159 1153 1221 tetigere
1167 1158 1389 1221 jacentia
1412 1164 1621 1219 tergum,

240 1232 600 1297 Exspatiantur
624 1236 767 1298 equi3
797 1237 1032 1300 nulloque
1057 1236 1312 1284 inhibente
1333 1252 1422 1300 per
1445 1250 1587 1282 auras

240 1309 430 1372 Ignotae
451 1312 665 1374 regionis
691 1320 842 1370 eunt3
873 1330 1074 1377 quaque
1097 1313 1312 1376 impetus
1339 1312 1455 1374 egit,

240 1386 350 1435 Hac
376 1388 482 1435 sine
506 1389 616 1451 lege
640 1397 815 1446 ruunt3
845 1391 1046 1454 altoque
1066 1391 1158 1437 sub
1184 1391 1366 1438 aethere
1391 1389 1503 1436 fixis

286 1511 357 1541 193.
386 1511 474 1542 Vario
500 1511 597 1552 coel0.]
630 1512 754 1543 Varium
779 1515 897 1550 calum,

241 1559 357 1590 coelum
374 1560 466 1591 variis
483 1563 648 1598 miraculis,
669 1562 690 1593 i.
707 1573 735 1593 e·
758 1563 842 1594 miris
856 1565 900 1594 fe—

240 1618 343 1639 rarum
368 1609 472 1640 formis
490 1610 636 1641 obsitum.
668 1611 772 1642 Etiam
787 1613 899 1644 Senec.

240 1658 299 1700 Ep.
324 1669 372 1689 xc.
395 1670 427 1700 p.
449 1670 493 1690 m.
521 1661 597 1691 684.
625 1660 701 1692 forte
727 1672 764 1692 ex
791 1661 825 1692 h.
853 1662 898 1693 1.;

244 1708 362 1741 Quidni
378 1711 508 1748 juvaret
535 1713 642 1751 vagari
668 1710 799 1752 (oculis)
823 1713 901 1742 inter

242 1764 301 1787 tam
325 1759 385 1788 late
405 1769 505 1797 sparsa
526 1761 676 1790 miracula
696 1760 792 1791 coeli?
816 1761 902 1792 Infra

178 1834 181 1840 ,
241 1806 286 1836 xi.
303 1807 386 1838 309:
413 1808 480 1838 Nor
504 1810 610 1839 coelum
630 1817 778 1849 sparserat
799 1812 900 1841 astris.

240 1855 398 1886 Eveniunt
427 1868 509 1888 nunc
539 1867 586 1893 ea,
617 1869 687 1898 quae
716 1858 902 1900 praedixerat

241 1903 367 1946 Apollo.

287 1954 357 1984 195.
384 1954 437 1985 Est
460 1955 565 1995 locus]
594 1955 621 1985 A
639 1956 709 1997 polo
725 1957 839 1988 arctico
854 1968 901 1988 re-

241 2008 334 2043 pente
358 2003 430 2044 equi
454 2014 577 2035 cursum
603 2005 755 2036 flexerunt
777 2007 808 2037 in
831 2017 902 2048 par-

241 2056 303 2082 tem
329 2052 508 2083 australem.
548 2054 697 2084 Concavat
719 2056 903 2096 exquisitius

242 2111 348 2141 quam,
376 2108 494 2132 curvat.
530 2102 580 2133 De
608 2105 719 2142 scorpio
743 2111 771 2134 et
798 2108 901 2144 spatio.

242 2150 325 2190 quod
360 2156 504 2192 occupat,
533 2151 651 2183 dictum
689 2153 739 2186 ad,
757 2165 819 2185 ver.
850 2156 901 2185 8⁶2.

243 2199 348 2230 Verba
366 2201 458 2241 flexis
481 2203 632 2242 utrimque
659 2203 820 2234 commode
847 2205 900 2235 ab·

241 2258 307 2279 esse
336 2256 482 2291 possent3
514 2250 596 2282 idem
625 2251 707 2282 enirn
743 2253 900 2294 praeeedit.

242 2298 339 2339 Apud
367 2299 499 2329 Lucian.
523 2300 555 2330 d.
577 2300 600 2331 1.
634 2300 808 2337 Phaethon,
836 2313 900 2332 me-

242 2352 343 2383 tuens,
362 2358 398 2377 ne
415 2347 583 2384 excideret,
600 2349 735 2380 remissis
758 2350 899 2387 habenis,

241 2402 361 2436 partem
399 2406 505 2427 currus
539 2397 726 2429 eminentem
757 2400 901 2430 manibus

242 2444 456 2485 apprehendit.
499 2445 560 2476 Sed
583 2446 690 2477 Ovidii
717 2448 900 2488 figmentum

242 2492 353 2523 melius
381 2499 438 2530 est,
465 2505 561 2535 quum
583 2495 610 2525 ei
639 2495 774 2527 lubuerit
797 2498 902 2528 formis

241 2540 376 2573 siderum
397 2550 539 2573 naturam
557 2544 744 2575 terrestrium
761 2547 899 2577 animan-

242 2590 319 2620 tium
335 2591 479 2622 tribuere.

288 2640 359 2671 198.
399 2641 670 2684 Nigri—veneni]
718 2644 901 2686 Apollodor.

243 2688 327 2729 apud
356 2689 439 2720 Plin.
462 2690 502 2720 H.
519 2691 561 2721 N.
578 2691 620 2721 xi.
641 2693 692 2723 25.
712 2698 819 2723 auctor
843 2700 900 2728 est.

240 2738 439 2780 Scorpionem
464 2740 591 2771 fundere
613 2741 782 2772 candidum
807 2753 899 2773 vene-

968 1525 1055 1545 num.
1104 1513 1165 1545 Sed
1192 1515 1313 1555 nigrum
1341 1518 1372 1543 et
1393 1519 1493 1543 atrum
1517 1522 1626 1554 perpe-

967 1570 1054 1594 tuum
1070 1563 1131 1603 fere
1147 1562 1305 1604 epitheton
1321 1562 1445 1593 veneni.
1484 1562 1628 1602 Heynius

968 1618 1073 1643 autem
1103 1612 1142 1643 ad
1172 1611 1283 1653 Virgil.
1314 1611 1443 1642 [Eneid.
1467 1610 1523 1642 vii.
1551 1612 1625 1642 354.

968 1667 1084 1697 monet,
1102 1662 1197 1693 verba
1220 1663 1373 1692 madidum
1393 1663 1498 1692 sudore
1522 1663 1626 1691 veneni

969 1722 1029 1742 non
1058 1711 1102 1742 ita
1127 1711 1281 1754 capienda
1309 1721 1387 1746 esse,
1417 1710 1505 1752 quasi
1534 1721 1625 1741 exsu-

968 1760 1058 1791 diisse
1088 1771 1160 1790 eum
1188 1770 1342 1790 venenum
1369 1759 1547 1795 crediderit,
1572 1758 1626 1790 sed

966 1811 1102 1839 sudorem
1132 1812 1234 1839 veneni
1265 1809 1387 1851 poetica
1416 1815 1447 1839 et
1471 1809 1627 1850 exquisita

968 1858 1085 1890 ratione
1109 1858 1228 1889 dietum
1251 1869 1316 1890 esse
1336 1869 1390 1900 pro
1410 1868 1531 1889 veneno
1553 1858 1626 1888 sim-

968 1907 1111 1949 pliciter3
1135 1909 1287 1939 madidum
1311 1913 1417 1938 autem
1436 1907 1512 1937 nihil
1529 1907 1626 1943 aliud,

969 1956 1027 1987 nisi
1043 1957 1245 1998 profluentem
1261 1956 1322 1988 oris
1337 1956 1464 1993 saniem,
1478 1956 1628 1988 indicare.

969 2006 1031 2036 Sed
1047 2017 1142 2047 quum
1158 2013 1248 2048 poeta
1261 2017 1344 2037 nunc
1364 2006 1467 2037 omnia
1487 2006 1628 2037 ardentia

970 2056 1077 2097 fingat,
1094 2061 1188 2097 atque
1204 2056 1235 2086 in
1251 2056 1333 2086 omni
1350 2056 1380 2086 h.
1396 2057 1417 2087 l.
1432 2056 1556 2097 ingenio
1571 2066 1627 2087 suo

970 2104 1139 2135 luxurianti
1171 2105 1284 2146 passim
1322 2104 1495 2146 indulgeat,
1520 2111 1555 2136 ut
1587 2105 1627 2136 ad

970 2164 1035 2184 ver.
1071 2155 1129 2184 173
1161 2154 1365 2190 admonitum,
1398 2155 1505 2196 quidni
1533 2155 1627 2186 etiam

969 2203 1167 2245 Scorpionem
1179 2203 1342 2234 sudantem
1354 2204 1536 2245 cogitemus,
1544 2215 1625 2247 prae-

969 2252 1074 2282 sertim
1087 2263 1183 2294 quum
1195 2254 1288 2283 verba
1303 2253 1363 2284 huc
1379 2253 1518 2284 ducant?
1537 2255 1627 2285 Scor-

968 2301 1070 2343 pionis
1096 2309 1199 2332 autem
1220 2302 1322 2333 cauda
1336 2302 1450 2334 desinit
1471 2303 1504 2333 in
1520 2315 1627 2334 curva-

970 2358 1030 2381 tam
1055 2353 1216 2391 cuspidem,
1233 2357 1264 2382 et
1288 2362 1409 2393 semper
1429 2352 1459 2382 in
1482 2352 1545 2382 ictu
1566 2359 1624 2388 est,

969 2400 1116 2442 nulloque
1134 2406 1290 2431 momento
1301 2400 1443 2431 meditari
1459 2408 1570 2437 cessat,
1588 2412 1626 2432 ne

969 2449 1093 2489 quando
1118 2449 1198 2480 (lesit
1221 2449 1398 2480 occasioni:
1420 2450 1502 2480 Plin.
1523 2451 1564 2481 H.
1580 2452 1624 2482 N.

968 2497 1012 2528 xi.
1037 2500 1090 2529 25.
1138 2499 1209 2528 Non
1239 2499 1361 2535 mirum,
1390 2499 1414 2529 si
1441 2510 1518 2539 puer
1543 2500 1625 2531 hunc

969 2547 1089 2578 metuit.

1012 2598 1087 2627 204.
1114 2598 1184 2627 Sine
1211 2597 1300 2639 lega]
1336 2597 1408 2628 Sine
1437 2597 1543 2628 ordine
1571 2604 1626 2630 aut

970 2645 1109 2687 imperio.
1144 2646 1239 2687 Apud
1262 2646 1390 2676 Lucian.
1410 2646 1443 2677 d.
1460 2646 1481 2677 l.
1503 2657 1626 2679 currum

970 2695 1093 2736 rapiunt
1121 2696 1193 2736 ἄρτι
1216 2696 1276 2737 μὲν
1297 2695 1350 2726 ἐπὶ
1376 2696 1416 2727 τὰ
1443 2696 1532 2732 λαιὰ,
1559 2695 1626 2738 μετ’

971 2743 1082 2785 ὀλίγυν
1104 2743 1134 2775 δὲ
1159 2744 1212 2775 ἐπὶ
1238 2745 1276 2775 τὰ
1300 2743 1394 2776 (egui.
1413 2746 1465 2775 καὶ
1485 2746 1554 2776 ἅνω
1573 2746 1626 2776 καὶ
