1763 3181
228 199 313 241 162

619 198 670 239 P.
699 197 912 240 OVIDII
945 197 1223 239 NASONIS

229 314 357 361 Tum
382 314 514 361 facta
538 320 615 360 est
640 313 813 377 Libye,
841 313 996 377 raptis
1022 312 1308 360 humoribus
1333 320 1473 369 aestu,

229 391 408 447 Arida3
438 398 541 437 tum
570 389 819 452 Nymphae
845 389 1004 453 passis
1025 389 1304 452 fontesque,
1331 390 1570 453 lacusque

232 468 488 515 Deflevere
514 466 695 513 comis:
726 467 903 529 quaerit
930 467 1123 514 Boeotia
1149 467 1349 523 Dircen,

229 544 390 606 Argos
416 542 746 606 Amymonen,
775 542 979 606 Ephyre
1005 543 1264 590 Pirenidas
1290 544 1464 591 undas.
1515 545 1611 588 240

231 620 340 668 Nec
367 621 541 667 sortita
564 620 672 667 loco
697 620 940 668 distantes
965 621 1168 668 flumina
1193 622 1323 685 ripas

229 697 360 745 Tuta
383 704 606 744 manent:
648 697 824 744 mediis
850 697 1030 745 Tanais
1056 697 1259 745 fumavit
1284 697 1333 744 in
1358 697 1520 751 undis,

230 776 530 837 Peneosque
556 790 726 831 senex,
754 774 1226 838 Teuthranteusque
1255 775 1454 831 Caicus,

232 852 298 899 Et
321 852 452 899 celer
479 851 720 908 Ismenos,
749 868 862 898 cum
888 852 1138 900 Phocaico
1166 852 1488 916 Erymantho,

229 930 547 992 Arsurusque
573 929 751 976 iterum
771 929 1022 987 Xanthus,
1044 930 1303 993 flavusque
1320 929 1605 993 Lycormas,

273 1087 349 1116 237.
378 1086 499 1127 Libya]
524 1085 643 1117 Graecis
667 1085 752 1117 dicta
773 1091 819 1117 est
839 1087 884 1116 A-

229 1135 324 1167 frica:
342 1134 427 1166 Plin.
446 1136 541 1166 H.N.
558 1147 589 1166 ν.
602 1146 735 1177 prooem.
768 1135 885 1166 Imitati

229 1190 301 1215 sunt
317 1190 416 1226 poetae
433 1184 549 1215 Latini.
587 1186 694 1214 Arida.
711 1184 740 1214 A
756 1183 887 1225 Synesio

229 1233 328 1275 Epist.
357 1234 408 1264 67.
433 1233 534 1274 Libya
557 1231 696 1274 διψηρά;
730 1232 802 1263 hinc
832 1233 885 1262 Li-

230 1285 307 1324 byn-ze
336 1294 432 1313 arenae
460 1282 539 1313 infra
564 1281 608 1313 iv.
637 1283 710 1313 512.
763 1281 887 1312 Servius

229 1332 335 1363 scribit
363 1332 495 1373 Libyam
533 1331 626 1362 fuisse
659 1331 775 1362 dictam
804 1331 886 1372 quod

229 1383 334 1413 λεῖπει
349 1381 365 1412 ὁ
381 1383 480 1418 ῦετος,
498 1380 603 1411 deficit
619 1381 737 1422 pluvia.

272 1433 346 1463 239.
365 1432 481 1465 Quaerit
498 1431 623 1461 Boeotia.
657 1430 706 1460 Cf.
721 1429 785 1460 xiii.
806 1430 888 1469 6893

228 1492 357 1522 qiam-ere
382 1481 542 1521 eleganter
571 1479 716 1521 exprimit
735 1479 888 1521 cupidita-

230 1536 291 1561 tem
319 1529 363 1560 rei
389 1528 508 1559 amissae
535 1528 768 1570 recuperandas.
818 1529 888 1559 Hoc

229 1591 289 1610 non
319 1578 550 1614 intellexerunt,
576 1577 688 1619 quibus
726 1577 756 1607 h.
780 1578 801 1608 l.
825 1588 889 1608 me-

230 1627 289 1659 lius
314 1627 433 1669 placuit
457 1629 605 1667 qiam-itur.
643 1626 756 1667 virgil.
776 1627 888 1657 AEn.i.

229 1679 303 1709 217.
329 1677 439 1708 eodem
469 1687 572 1713 sensu,
603 1679 690 1707 socios
718 1679 888 1716 requirunt.

231 1728 335 1763 Dirce,
364 1728 432 1757 fons
460 1726 605 1762 Boeotiae,
630 1736 724 1767 prope
753 1726 888 1763 Thebas,

228 1775 450 1812 nobilissimus,
466 1786 484 1806 a
507 1775 614 1811 Dirce,
631 1786 725 1806 uxore
750 1776 839 1816 Lyci,
857 1775 889 1806 in

230 1836 302 1857 eum
318 1835 477 1856 conversa.

272 1875 346 1904 240.
370 1875 541 1914 Amymone,
568 1872 635 1903 fons
661 1872 765 1913 Argiae
795 1883 888 1914 prope

229 1925 376 1954 Lernam.
401 1923 512 1953 Strabo
524 1921 722 1962 viii.p.371.
767 1922 889 1952 Nomen

227 1972 255 2003 ei
277 1972 365 2002 dedit
384 1971 558 2012 Amymone
582 1970 741 2012 Nympha.
773 1970 889 2012 Hygin.

230 2022 293 2052 fab.
311 2022 389 2059 169;
406 2021 546 2062 Propert.
560 2020 591 2050 ii.
606 2022 658 2050 20.
699 2020 819 2061 Ephyre
835 2031 888 2051 an-

230 2069 409 2112 tiquissimis
423 2069 611 2111 temporibus
624 2069 709 2100 dicta
722 2077 767 2100 est
779 2070 888 2100 Corin-

230 2121 312 2156 thus,
335 2119 367 2150 in
387 2119 475 2161 cujus
500 2129 621 2150 summa
643 2129 712 2149 arce
736 2120 888 2160 (Acroco-

229 2169 348 2209 rintho)
366 2168 424 2199 suit
442 2169 563 2204 Pirene,
580 2169 646 2199 fons
668 2167 769 2199 Musis
787 2180 887 2206 sacer,

231 2219 321 2261 aquis
356 2217 580 2260 limpidissimis
617 2223 649 2248 et
685 2218 888 2250 suavissimis.

229 2269 339 2300 Strabo
352 2267 416 2297 viii.
438 2278 468 2309 p.
482 2268 555 2298 521.
578 2266 660 2298 Plin.
683 2267 724 2297 H.
738 2268 780 2297 N.
799 2267 842 2298 iv.
859 2269 889 2299 4.

234 2318 343 2348 Pirene
365 2316 432 2346 fons
452 2315 497 2346 sic
519 2315 620 2346 dictus
638 2326 656 2346 a
677 2315 798 2356 Pyrene
820 2327 888 2347 mu-

229 2367 317 2402 liere,
350 2375 431 2406 quat,
460 2370 591 2395 mortem
621 2364 675 2394 filii
708 2364 828 2406 lugens,
857 2364 889 2395 in

231 2426 301 2447 eum
319 2414 433 2445 fontem
450 2413 508 2444 suit
523 2424 682 2444 conversa.

273 2465 346 2495 241.
370 2463 638 2503 Sortito—ripas]
675 2462 821 2494 Flumina
845 2463 891 2494 la·-

230 2513 367 2545 tissima:
405 2515 521 2548 sortita,
556 2523 625 2553 quae
661 2512 750 2542 nobis
781 2517 891 2543 natura

231 2563 436 2603 contigerunt.

274 2612 348 2642 242.
367 2610 486 2646 Tanais,
498 2609 589 2640 hodie
602 2610 679 2646 Dan,
691 2609 803 2640 fluvius
815 2611 891 2651 Scy·

231 2660 304 2691 thiae
324 2665 489 2695 tortuosus,
507 2660 660 2701 Europam
683 2657 832 2689 dirimens
853 2660 892 2690 ab

231 2709 319 2745 Asia,
345 2714 439 2750 atque
464 2719 497 2740 se
527 2718 699 2739 exonerans
727 2708 758 2738 in
788 2708 891 2740 lacum

231 2758 425 2791 Maeotidem.
449 2757 533 2788 Plin.
552 2758 593 2788 H.
607 2757 648 2789 N.
662 2757 703 2788 iv.
720 2759 770 2787 12.

996 1087 1071 1117 243.
1098 1084 1287 1126 Peneosque]
1313 1085 1363 1115 De
1380 1085 1488 1119 Ρεηεο,
1503 1083 1573 1114 vide
1588 1083 1611 1114 i.

953 1136 1035 1167 569:
1051 1147 1156 1172 senem
1180 1135 1250 1166 vide
1266 1135 1305 1165 ad
1322 1134 1343 1164 i.
1362 1135 1435 1165 580.
1469 1134 1516 1164 Ex
1534 1133 1610 1163 Ten-

954 1186 1089 1220 thrania,
1107 1195 1176 1226 quae
1193 1194 1285 1227 supra
1299 1182 1456 1214 [Eolidem
1472 1188 1528 1218 est,
1544 1183 1614 1213 Cai-

954 1245 1006 1264 cus
1037 1234 1134 1265 amnis
1163 1233 1296 1275 profluit,
1326 1243 1507 1274 quanquam
1535 1232 1566 1263 h.
1589 1231 1613 1262 l.

954 1283 1056 1325 potius
1086 1294 1104 1313 a
1138 1287 1242 1312 monte
1280 1282 1475 1318 Teuthranie,
1503 1281 1556 1323 qui
1585 1281 1613 1312 ei

955 1332 1130 1374 adjacebat,
1145 1331 1373 1362 Teuthranteus
1387 1331 1518 1362 dicitur:
1544 1330 1614 1361 vide

955 1382 1099 1412 Holsten.
1123 1380 1162 1412 ad
1188 1380 1337 1422 Stephau.
1362 1380 1462 1410 Urbb.
1485 1380 1517 1410 in
1539 1383 1614 1411 Τευ-

956 1430 1089 1473 Opapia.

999 1481 1073 1510 244.
1098 1479 1230 1509 Ismenus
1243 1484 1314 1510 ante
1325 1478 1450 1509 Thebas
1466 1488 1518 1519 per
1531 1488 1615 1509 cam-

956 1540 1031 1571 pum
1052 1529 1181 1560 fluebat.
1213 1528 1296 1558 Hinc
1319 1527 1434 1558 Thebae
1460 1526 1616 1569 Ἰσμηνοῦ

958 1579 1070 1616 πόλιςε
1108 1578 1171 1608 vid.
1201 1578 1309 1608 Senec.
1335 1578 1430 1608 Herc.
1457 1577 1520 1608 OEt.
1544 1579 1615 1608 140.

959 1628 1178 1668 Erymanthus,
1192 1626 1337 1657 Arcadise
1352 1626 1464 1657 fluvius
1479 1637 1496 1657 e
1512 1631 1616 1657 monte

957 1677 1131 1718 cognomini
1146 1677 1178 1707 in
1189 1676 1348 1718 Alpheum
1359 1675 1509 1706 defluens.
1533 1675 1616 1706 Plin.

959 1727 1000 1757 H.
1016 1727 1058 1757 N.
1072 1727 1114 1757 iv.
1130 1727 1160 1757 6.
1182 1725 1308 1756 Callim.
1324 1725 1354 1754 h.
1369 1725 1441 1756 Jov.
1459 1726 1508 1756 18.
1552 1726 1615 1756 Sed

960 1777 1084 1807 Phoc-idi
1105 1786 1196 1806 nemo
1217 1785 1356 1816 unquam
1375 1773 1504 1805 fluvium
1526 1775 1617 1817 hujus

958 1825 1088 1855 nominis
1101 1824 1221 1855 tribuit.
1267 1823 1379 1864 Itaque
1398 1834 1451 1865 pro
1471 1824 1616 1855 Phocaico

956 1875 1123 1916 legendum
1141 1873 1224 1904 haud
1245 1872 1338 1903 dubie
1354 1878 1400 1903 est
1414 1872 1464 1903 vel
1485 1872 1615 1913 Psopha-

957 1926 1011 1960 ico,
1035 1929 1068 1953 ut
1090 1922 1180 1953 multi
1203 1921 1348 1957 suadent,
1371 1921 1421 1951 vel
1446 1931 1517 1952 cum
1542 1922 1616 1953 Pal-

957 1984 1041 2004 mero
1062 1972 1101 2003 ad
1117 1973 1252 2003 Pausan.
1277 1970 1393 2001 Arcad.
1410 1982 1440 2012 p.
1455 1971 1528 2002 419.
1544 1971 1615 2001 Pso-

956 2024 1046 2061 phcro.
1076 2022 1198 2061 Psophis
1232 2020 1314 2051 enim
1352 2020 1424 2050 urbs
1460 2020 1617 2057 Arcadiae,

957 2081 1051 2113 quam
1068 2069 1294 2112 praeterlabitur
1309 2067 1530 2109 Erymanthus.

1000 2121 1074 2150 245.
1099 2117 1269 2158 Xanthus]
1308 2116 1436 2147 Fluvius
1450 2117 1614 2159 Trojanus,

957 2168 1041 2199 idem
1064 2166 1254 2198 Scamander
1280 2166 1400 2196 dictus:
1435 2167 1541 2197 iterum
1566 2179 1617 2198 ar-

956 2229 1055 2253 surus,
1066 2223 1202 2259 tempore
1216 2216 1360 2258 TrojanO,
1373 2214 1438 2251 ubi,
1456 2226 1550 2256 quum
1568 2222 1617 2247 tu-

957 2266 1048 2297 midis
1073 2266 1219 2296 fluctibus
1242 2265 1274 2295 in
1297 2263 1455 2295 Achillem
1478 2263 1617 2301 irrueret,

957 2316 1122 2347 Vulcanus
1133 2320 1253 2345 tantam
1268 2314 1295 2345 ei
1311 2312 1439 2343 immisit
1452 2313 1532 2353 ignis
1543 2313 1616 2350 vim,

959 2372 991 2396 ut
1020 2365 1150 2400 arderet,
1178 2364 1269 2393 Hom.
1295 2362 1337 2393 Il.
1366 2365 1404 2398 Φ,
1431 2363 1616 2394 212-384,

957 2414 1007 2445 Sic
1022 2415 1125 2455 glossa
1139 2412 1233 2443 nostri
1249 2412 1329 2443 Cod.
1345 2411 1386 2442 R.
1401 2412 1427 2442 B
1441 2424 1447 2441 ε
1475 2412 1620 2442 Xanthus

947 2464 1079 2505 fluvius,
1090 2463 1294 2503 quiposterius
1304 2463 1392 2491 etiam
1408 2462 1531 2490 ardebat
1548 2467 1620 2491 tem-

955 2524 1025 2552 pore
1048 2512 1152 2551 Trqjae.
1199 2511 1370 2551 Lycormas,
1386 2508 1511 2551 rapidus
1528 2510 1618 2540 AEto-

959 2561 1008 2591 liae
1032 2559 1155 2596 fluvius,
1179 2567 1287 2602 postea
1310 2559 1429 2589 Euenus
1451 2558 1554 2589 dictus
1573 2558 1618 2588 ix.

961 2610 1032 2640 104.
1086 2609 1224 2639 Vocatur
1243 2608 1359 2649 flavus,
1386 2606 1481 2637 etiam
1510 2607 1620 2637 Senec-

960 2660 1055 2690 Herc.
1071 2658 1136 2688 (Εἰ.
1153 2658 1226 2688 591.
1241 2657 1280 2687 ob
1297 2666 1420 2688 arenam
1441 2656 1565 2691 flavam,
1587 2659 1621 2685 ut

949 2709 1054 2749 flavus
1082 2707 1195 2738 Tiberis
1220 2705 1309 2747 Virg.
1331 2704 1459 2736 AEneid.
1483 2703 1536 2736 vii.
1559 2705 1621 2742 313

959 2769 1063 2798 uquam
1101 2757 1218 2798 flavam
1255 2755 1335 2787 dixit
1372 2755 1510 2786 Pacuv.:
1555 2753 1622 2785 vid.
