1763 3181
401 162 1020 203 METAMORPHOSEON
1055 162 1173 202 LIB.
1208 161 1316 202 VII.
1469 164 1553 203 471)

174 275 220 322 N
225 291 320 323 unc
346 291 546 338 quoque
570 277 782 332 habent3
823 292 1027 338 parcum
1056 291 1211 337 genus
1237 282 1313 322 est
1338 275 1552 337 patiens-

370 368 467 414 que
492 352 732 406 laborum,

173 427 484 491 Quaesitique
509 435 677 483 tenax,
704 435 754 475 et
778 429 863 490 qui
890 427 1102 490 quaesita
1125 434 1393 473 reservent.

173 503 241 550 Hi
265 511 314 551 te
340 505 402 551 ad
427 505 575 560 bella,
603 521 746 568 pares
772 505 912 551 annis
937 504 1230 566 animisque,
1258 510 1555 564 sequentur;

174 579 341 634 Quum
366 581 596 643 primum,
625 581 709 642 qui
734 588 783 628 te
808 579 1016 627 feliciter
1037 579 1216 635 attulit,
1246 578 1424 634 Eurus,
1463 581 1558 625 659

175 656 337 703 Eurus
364 657 496 704 enim
517 658 764 713 attulerat,
792 657 938 703 fuerit
962 659 1181 702 mutatus
1208 655 1256 700 in
1281 655 1507 701 Austros.

236 733 386 781 VIII.
415 734 620 781 Talibus
640 741 792 796 atque
814 733 921 781 aliis
942 734 1142 794 longum
1165 731 1473 778 sermonibus
1490 730 1557 775 illi

176 810 452 873 Implevere
477 811 637 857 diem:
679 810 803 856 lucis
828 825 942 872 pars
968 808 1139 854 ultima
1163 823 1348 854 mensae

177 886 269 932 Est
288 886 431 943 data3
460 902 560 932 nox
586 886 799 933 somnis:
821 886 969 947 jubar
994 900 1170 931 aureus
1191 883 1438 930 extulerat
1457 883 1558 937 sol;

178 963 356 1010 Flabat
379 964 542 1010 adhuc
570 963 748 1018 Eurus,
776 962 1095 1023 redituraque
1119 961 1228 1007 vela
1250 960 1470 1006 tenebat.

177 1039 257 1086 Ad
284 1040 564 1102 Cephalum
584 1040 810 1086 Pallante
837 1037 947 1092 sati,
965 1037 1044 1083 cui
1070 1036 1298 1098 grandior
1313 1043 1448 1090 aetas,
1466 1036 1561 1081 665

177 1116 258 1163 Ad
283 1132 450 1178 regem
477 1115 747 1179 Cephalus,
775 1114 920 1160 simul
945 1119 994 1159 et
1019 1111 1247 1158 Pallante
1272 1111 1424 1157 creati

179 1192 516 1239 Conveniunt:
543 1193 631 1239 sed
647 1192 809 1239 adhuc
826 1205 992 1252 regem
1009 1205 1155 1252 sopor
1170 1189 1301 1235 altus
1326 1187 1558 1234 habebat.

181 1268 384 1332 Excipit
406 1268 638 1315 AEacides
663 1269 771 1314 illos
797 1268 846 1314 in
871 1267 1040 1314 limine
1065 1266 1295 1312 Phocus:

182 1343 312 1391 Nam
337 1344 591 1396 Telamon,
618 1344 882 1405 fraterque,
908 1344 1037 1389 viros
1063 1343 1125 1389 ad
1151 1342 1282 1388 bella
1313 1341 1561 1401 legebant.

183 1421 384 1468 Phocus
408 1421 459 1467 in
482 1420 687 1467 interius
721 1420 952 1483 spatium,
979 1418 1315 1481 pulchrosque
1341 1431 1566 1462 recessus

224 1575 297 1605 656.
315 1574 450 1604 Parcum
473 1585 569 1615 genus
589 1573 657 1614 est.]
686 1573 767 1605 Cum
792 1573 840 1604 his
905 1573 969 1604 lam
995 1572 1117 1607 decore,
1138 1569 1371 1611 diligentissime
1394 1575 1424 1599 et
1449 1569 1566 1599 suavis-

184 1623 360 1654 conferatur
388 1623 545 1658 Horatius,
572 1624 601 1653 I.
632 1623 732 1653 Serm.
755 1622 776 1653 i.
799 1623 840 1652 33
907 1621 983 1652 sime
1009 1620 1158 1651 narravit.
1206 1620 1369 1658 Implevere
1389 1620 1477 1653 diem,
1493 1627 1565 1647 con<

182 1683 253 1713 sqq.
306 1673 429 1706 Quaesiti
457 1677 555 1708 tenna,
584 1677 615 1702 et
643 1674 692 1711 qui
720 1672 842 1711 qnaesita
908 1674 1123 1712 sumpserunt:
1150 1673 1249 1698 totum
1274 1667 1368 1702 diem,
1383 1676 1477 1707 quam
1502 1667 1567 1696 lon-

183 1727 333 1752 reservent
346 1720 455 1751 eodem
468 1720 612 1751 redeunt.
649 1720 782 1754 Quaesita
796 1731 842 1750 re-

184 1776 312 1805 servent,
329 1769 461 1805 scilicet,
477 1769 705 1810 Myrmidones.

230 1819 304 1849 659.
336 1818 438 1848 Eurus
467 1823 605 1848 mutatur
635 1818 667 1847 in
698 1817 754 1848 lib.
780 1816 843 1847 viii.

231 1916 412 1946 661—865.
450 1915 596 1954 Cephalus
631 1921 658 1945 et
690 1914 841 1954 Procris-J

187 1965 347 2007 Cephalus
372 1975 468 2005 quum
493 1965 532 1995 ab
551 1964 673 1995 Aurora
693 1964 845 2005 impulsus

187 2013 340 2055 conjugis,
356 2013 458 2054 ipsum
482 2023 543 2043 non
567 2012 773 2054 agnoscentis,
788 2023 845 2053 pu-

190 2062 330 2093 dicitiam
351 2066 383 2092 et
401 2061 552 2092 tentasset
571 2066 603 2092 et
617 2061 849 2097 labefactiisset,

188 2111 258 2147 illa,
288 2110 406 2152 pudore
435 2110 554 2141 suffusa
579 2110 659 2151 fugit
683 2109 715 2140 in
745 2109 850 2146 silvas,

190 2159 264 2190 inde
287 2168 408 2190 reversa
420 2158 562 2200 Cephalo
585 2158 681 2188 donat
695 2168 805 2188 canem
821 2163 851 2188 et

187 2208 342 2250 jaculum.
389 2207 484 2238 Canis
504 2213 641 2238 mutatur
662 2208 695 2237 in
715 2217 847 2244 saxum3

185 2257 293 2298 jaculo
319 2256 477 2297 Cephalus
502 2256 681 2298 imprudens
703 2255 851 2286 interficit

194 2305 335 2336 Procrin.
381 2304 507 2335 Confer.
522 2305 700 2335 Antoninus
723 2305 850 2335 Libera-

192 2353 242 2389 lis,
263 2364 335 2395 cap.
351 2354 389 2383 21
406 2365 416 2391 3
438 2353 660 2394 ApollodoruS,
686 2353 732 2384 II.
748 2353 792 2382 iv.
811 2354 850 2391 7;

193 2403 258 2433 ΙΙΙ.
273 2414 325 2433 xv.
341 2403 356 2431 l
371 2414 379 2440 3
394 2402 549 2443 Hyginus,
565 2402 672 2432 fabula
688 2403 760 2432 189.
770 2403 829 2432 241
842 2414 850 2439 ;

194 2450 329 2486 Servius,
353 2451 393 2481 ad
418 2450 548 2481 AEneid.
565 2450 607 2481 vi.
623 2452 706 2487 4483
732 2451 851 2480 Pausa-

196 2499 273 2536 nias,
304 2499 401 2530 Attic.
429 2510 461 2540 p.
484 2500 547 2536 913
579 2500 687 2529 Boeot.
717 2510 750 2540 p.
775 2499 849 2528 746.

198 2549 387 2579 Narraverat
405 2555 446 2584 et,
462 2554 496 2578 ut
515 2558 532 2578 e
557 2547 660 2578 Schol.
677 2548 714 2578 ad
733 2547 794 2577 Od.
812 2553 851 2577 Λ.

195 2597 269 2627 320.
307 2601 445 2637 apparet,
474 2595 682 2636 Pherecydes,
717 2605 850 2636 quocum

196 2644 330 2675 Ovidius
354 2645 417 2674 fere
442 2643 605 2674 consentit.
659 2643 795 2672 Extabat
821 2652 851 2671 e-

196 2691 271 2723 tiam
284 2692 445 2734 Sophoclis
460 2691 591 2722 Procris.
636 2691 749 2721 Noster
764 2690 852 2720 fabu-

909 1730 966 1760 gus
981 1726 1038 1755 est,
1053 1719 1086 1749 in
1102 1718 1149 1747 his
1165 1723 1196 1747 et
1207 1716 1359 1747 similibus
1373 1715 1565 1746 sermonibus

911 1772 1137 1808 transegerunt.
1198 1766 1274 1795 Pars
1312 1767 1441 1801 ultima,·
1475 1763 1569 1804 Regii

913 1816 1006 1847 nostri
1022 1823 1053 1847 et
1068 1815 1195 1856 quidam
1209 1814 1351 1853 alii‚pa1·s
1365 1815 1495 1853 optima5
1511 1823 1568 1842 mi-

912 1875 971 1895 nus
998 1865 1088 1899 bene,
1114 1862 1255 1903 quamvis
1279 1863 1390 1901 optima
1415 1871 1483 1903 pars
1508 1860 1570 1890 diei

912 1913 944 1944 in
969 1913 1146 1953 regionibus
1169 1910 1435 1946 meridionalibus,
1450 1910 1504 1940 ubi
1531 1910 1570 1940 ab

912 1968 981 1992 ortu
997 1962 1059 1992 fere
1075 1961 1147 1991 solis
1163 1960 1260 1991 servet
1276 1959 1382 1995 aether,
1395 1959 1435 1989 sit
1449 1960 1570 1994 ultima,

915 2011 954 2040 ab
984 2010 1059 2040 hora
1088 2019 1169 2040 nona
1200 2018 1299 2049 usque
1337 2008 1377 2038 ad
1406 2007 1571 2043 decimam,

916 2060 999 2090 unde
1022 2059 1103 2089 hanc
1118 2064 1239 2100 partem
1255 2056 1396 2087 ultimam
1410 2067 1525 2087 mensae
1542 2062 1572 2086 et

911 2109 992 2150 jocis
1021 2111 1295 2139 consecraverant:
1320 2106 1414 2136 immo
1440 2105 1573 2147 prandia

916 2157 1077 2187 vetustiori
1112 2166 1179 2185 aevo
1215 2154 1340 2185 omnino
1377 2154 1573 2195 ignorabant.

921 2206 1058 2240 Tenebat,
1072 2204 1236 2235 retinebat.

961 2254 1034 2283 666.
1054 2254 1103 2282 Ad
1117 2263 1214 2292 vregem
1225 2263 1236 2288 ‚·
1261 2251 1300 2281 ad
1317 2251 1462 2280 AEacum.
1485 2250 1576 2288 Sopor

918 2302 1059 2337 habebam
1082 2301 1215 2330 habetur
1237 2309 1355 2340 sopore,
1379 2298 1432 2339 qui
1456 2297 1575 2338 sopitus

913 2350 1012 2391 jacet.
1050 2349 1168 2379 Eodem
1183 2347 1285 2383 modo,
1299 2358 1388 2378 versu
1404 2347 1477 2377 800.
1493 2356 1575 2376 (ιιηον

920 2400 1052 2429 habebat.

961 2448 1034 2477 669.
1052 2447 1164 2486 Legere
1180 2447 1256 2474 viros
1276 2444 1396 2485 phrasis
1410 2443 1530 2484 propria
1543 2442 1574 2472 in

919 2495 976 2525 hac
1002 2506 1056 2531 re;
1095 2494 1138 2523 sic
1168 2492 1330 2532 Virgilius,
1362 2491 1489 2521 [Eneid.
1513 2490 1575 2521 viii.

918 2543 991 2573 547.
1008 2543 1068 2576 Qui
1081 2552 1137 2571 sese
1154 2544 1184 2570 ιή.
1199 2542 1274 2570 bella
1295 2546 1471 2579 sequantur,
1494 2539 1573 2568 Pru·-

917 2598 1027 2622 stantes
1048 2594 1157 2620 virtute
1174 2591 1256 2629 legit.

964 2640 1039 2669 670.
1063 2639 1099 2667 In.
1123 2639 1249 2668 inter-ins
1272 2639 1415 2676 spatium:
1443 2635 1474 2665 in
1498 2634 1574 2664 mdi-

919 2689 977 2718 bus
999 2693 1086 2718 erant
1104 2689 1217 2726 primm,
1240 2688 1394 2716 interiores
1412 2690 1443 2715 et
1466 2685 1574 2714 incanus
