1763 3181
207 180 294 223 272
595 183 645 223 P.
680 180 889 224 OVIDII
925 182 1204 224 NASONIS

213 297 464 343 Immunes
490 313 692 360 operum
718 297 957 352 dominas,
984 297 1295 359 famulasque
1321 310 1536 347 suorum,

213 374 425 421 Pectora
450 374 576 437 pelle
602 374 718 436 tegi,
745 374 953 421 crinales
980 374 1165 421 solvere
1192 373 1353 427 vittaS‚
1561 372 1589 416 6

215 451 359 498 Serta
382 452 553 507 comis,
575 451 802 498 manibus
828 449 1113 497 frondentes
1139 465 1332 496 sumere
1357 449 1572 511 thyrSOS,

210 527 465 584 Jusserat;
507 535 558 575 et
583 543 762 574 saevam
787 527 890 573 laesi
913 526 1013 574 fore
1040 526 1253 573 numinis
1278 526 1400 572 iram

211 603 522 652 Vaticinatus
549 611 681 651 erat:
722 610 896 667 parent
919 610 1204 665 matresque
1230 617 1510 663 nurusque;

212 680 478 744 TeIasque,
501 681 825 742 calathosque
846 679 1128 742 infectaque
1152 695 1307 743 pensa
1327 682 1592 741 reponunt;

212 756 444 820 Turaque
469 758 615 814 dant3
658 756 1013 820 Bacchumque
1035 763 1212 803 vocant
1238 754 1592 816 Bromiumque

415 834 734 898 Lyaeumque,
1348 832 1592 892 [matrem.

213 909 623 974 Ignigenamque‚
669 916 931 972 satumque
978 909 1172 964 iterum,
1216 909 1475 970 solumque
1519 906 1592 953 bi-

215 986 429 1035 Additur
448 987 524 1034 his
551 986 770 1051 Nyseus,
798 986 1188 1048 indetonsusque
1212 984 1497 1048 Thyoneus,
1540 985 1596 1029 13

941 1160 1023 1191 lictis
1038 1160 1128 1191 rebus
1149 1159 1292 1191 omnibus
1316 1163 1493 1190 accurrunt.
1537 1157 1600 1189 Ex-

942 1209 1053 1252 pressit
1082 1208 1258 1251 Euripides,
1283 1208 1314 1239 in
1341 1207 1488 1243 Bacchis,
1512 1217 1601 1238 versu

946 1260 1015 1290 117.
1031 1259 1084 1290 ubi
1106 1264 1199 1289 ruunt
1220 1257 1271 1300 ἀφ’
1294 1257 1401 1293 ἱστῶν,
1420 1257 1511 1298 παρὰ
1532 1268 1601 1299 κερ-

215 1172 287 1193 nam
303 1162 419 1204 νεβρὸς
435 1167 481 1193 est
495 1161 660 1193 hinnulus:
685 1161 756 1192 vide
771 1161 874 1192 Schol.

216 1211 324 1253 Eurip.
350 1212 390 1243 ad
413 1211 527 1242 Phoen.
550 1221 615 1242 ver.
634 1211 706 1243 798.
755 1211 873 1253 Tegei-e,

217 1263 345 1294 verbum
367 1261 523 1304 proprium
539 1260 571 1291 in
587 1259 697 1296 sacris,
716 1272 809 1302 quum
825 1261 875 1291 vel

217 1316 312 1353 caput
339 1311 458 1342 velatur
482 1310 581 1346 sertis,
603 1310 653 1340 vel
678 1310 710 1341 in
733 1309 876 1341 Baccha-

216 1360 339 1391 nalibus
363 1370 474 1401 corpus
499 1358 691 1389 nebridibus.
740 1359 878 1390 crinales

216 1412 308 1445 vittae,
323 1409 419 1445 vittae,
437 1408 551 1450 quibus
575 1408 674 1440 crines
693 1409 876 1439 coerceban-

219 1465 276 1490 tur.
322 1457 519 1489 Bacchantes
533 1457 627 1493 enim,
643 1463 678 1488 ut
692 1457 783 1488 modo
798 1457 877 1488 vidi-

218 1520 296 1545 mus,
310 1508 411 1550 passis
435 1507 557 1549 capillis
579 1517 701 1538 currere
725 1506 877 1537 solebant.

218 1558 321 1589 Etiam
346 1556 429 1599 apud
449 1555 563 1597 virgil.
577 1555 703 1586 AEneid.
723 1555 778 1586 vii.
804 1556 876 1586 403.

217 1608 285 1638 haec
303 1606 388 1647 orgia
409 1605 452 1636 sic
477 1604 668 1641 indicuntur,
685 1605 795 1634 Solvite
815 1606 876 1634 cri-

218 1657 300 1686 nales
317 1657 412 1685 ritltrs.
443 1654 540 1689 Serta,
557 1653 680 1684 frondes
695 1652 878 1695 pampineos

217 1710 272 1736 aut
287 1704 489 1735 hederaceos.
538 1703 622 1737 Lm,
639 1703 747 1744 spreti.

263 1755 312 1785 10.
339 1754 489 1793 Telasque,
506 1752 720 1792 calathosque]
753 1751 800 1781 En
812 1751 877 1792 jam

218 1803 307 1834 tertio
323 1801 609 1836 animadvertimus,
623 1801 692 1831 vide
705 1800 760 1831 lib.
772 1799 793 1831 i.
809 1801 878 1830 193.

218 1858 249 1884 et
273 1851 318 1882 iii.
340 1852 414 1882 530.
437 1850 495 1880 hoc
520 1849 704 1891 quantitatis
730 1849 878 1880 mendum

220 1913 281 1933 non
307 1907 412 1932 extare
440 1900 472 1930 in
496 1898 607 1930 nostris
631 1899 801 1930 Codicibus
826 1898 879 1940 qui

219 1951 336 1982 habent
356 1950 396 1979 Et
417 1950 498 1984 telas,
515 1949 711 1989 calathosque.
756 1948 880 1979 Recen-

219 2001 312 2033 tiores
348 1999 494 2034 editores,
536 1998 720 2029 auctoritate
755 1998 880 2039 Virgilii

218 2050 298 2086 freti,
325 2050 378 2091 qui
407 2047 576 2090 aliquando
605 2049 642 2078 τὸ
670 2058 724 2088 qne
753 2057 878 2078 caesurae

219 2100 318 2131 vicem
345 2107 453 2139 gerens
481 2097 608 2138 longum
634 2095 718 2133 fecit,
744 2095 823 2127 illud
847 2096 879 2126 in

220 2147 369 2180 Ovidium
382 2145 449 2178 sine
462 2146 552 2177 metri
563 2146 689 2187 jactura
699 2145 879 2176 intulerunt.

220 2196 431 2235 Quamobrem
445 2195 606 2235 vulgatam
629 2193 795 2224 lectionem
818 2203 879 2224 non

221 2245 419 2276 mutavimus.
443 2242 525 2274 Vide
540 2242 580 2273 ad
595 2242 640 2273 iii.
656 2242 729 2273 350.
760 2242 881 2272 Calathi

221 2300 309 2326 erant
331 2293 363 2323 in
379 2292 460 2323 vasis
483 2291 698 2327 muliebribus,
713 2291 839 2322 fiscellae
864 2301 880 2322 e

220 2342 389 2373 viminibus
415 2340 518 2377 factae,
545 2351 613 2382 quae
642 2341 681 2371 ab
707 2340 770 2371 ima
794 2346 881 2382 parte

222 2396 372 2433 angustae,
397 2389 548 2432 paulatim
572 2400 603 2420 se
628 2389 660 2419 iu
684 2388 881 2420 latitudinem

221 2441 382 2476 laxabant,
412 2439 522 2470 Graece
549 2438 694 2480 τάλαροι.
748 2439 883 2479 Etymol.

222 2490 271 2522 M.
307 2488 460 2530 τάλαρος,
499 2487 703 2525 καλαθίσκος,
741 2487 881 2529 κόφινος.

222 2537 364 2580 Speciem
401 2537 514 2567 calathi
548 2536 603 2567 dat
639 2535 807 2578 Spanhem.
843 2535 882 2566 ad

224 2586 348 2618 callim.
364 2597 396 2628 p.
415 2586 487 2617 652.
532 2585 570 2616 In
593 2596 629 2617 eo
651 2597 740 2626 pensa
761 2595 817 2616 sua
836 2595 882 2616 re-

223 2636 380 2678 ponebant
401 2634 546 2666 lanificae.
594 2634 725 2676 Infecta,
746 2645 801 2677 pro
824 2633 882 2664 im-

224 2685 372 2726 perfecta,
404 2684 498 2725 paulo
534 2683 714 2715 insolentius
750 2684 880 2715 dictum.

225 2733 274 2764 Sic
297 2740 327 2764 et
346 2734 388 2765 vi.
405 2734 479 2764 202.
531 2734 700 2773 Repnmrnt,
725 2740 785 2764 etc.
818 2733 881 2764 Re-

942 1308 1049 1344 κίδων,
1065 1321 1083 1338 α
1100 1309 1165 1339 telis
1179 1314 1207 1339 et
1221 1320 1240 1338 a
1252 1309 1358 1339 radiis.

990 1360 1038 1389 11.
1064 1358 1270 1399 Bacchumque
1290 1363 1409 1391 vocant,
1426 1355 1504 1396 εἴα]
1542 1354 1603 1386 Ar-

944 1415 1126 1448 gumentum
1151 1412 1290 1437 recenset
1314 1406 1510 1448 hymnorum,
1534 1403 1602 1446 qui-

944 1457 1002 1487 bus
1019 1455 1245 1487 celebraverint
1267 1455 1440 1486 Bacchum.
1484 1453 1602 1494 Hymni

944 1505 1025 1537 enim
1049 1505 1335 1547 complectebantur
1350 1504 1487 1539 nomina,
1503 1502 1601 1534 virtu-

944 1562 990 1586 tes
1017 1560 1047 1585 et
1071 1565 1119 1585 res
1142 1559 1246 1595 gestas
1271 1554 1428 1584 Deorum:
1454 1552 1518 1582 vid.
1543 1553 1602 1583 Or-

943 1604 1052 1646 pheus,
1068 1604 1176 1645 hymn.
1191 1604 1245 1634 51.
1261 1601 1315 1633 ubi
1336 1601 1444 1633 eadem
1466 1602 1528 1633 fere
1549 1611 1604 1632 no-

944 1653 1038 1683 mina.
1084 1653 1124 1682 Et
1139 1652 1290 1683 habemus
1308 1650 1359 1681 hic
1375 1652 1479 1682 locum
1496 1650 1604 1682 classi-

945 1713 1015 1733 cum
1032 1702 1070 1733 de
1084 1701 1224 1737 Baccho,
1241 1711 1376 1742 quocum
1391 1700 1433 1731 ef.
1446 1700 1509 1730 III.
1520 1701 1605 1731 Fast.

946 1753 1029 1790 713;
1052 1751 1162 1781 Horat.
1174 1750 1207 1781 ii.
1219 1749 1354 1788 0d.16;
1377 1749 1605 1792 Senec.OEdip.

946 1811 1009 1832 ver.
1025 1801 1087 1831 404
1102 1811 1173 1841 sqq.
1220 1799 1377 1829 Bromius:
1408 1798 1479 1830 vide
1501 1798 1541 1830 ad
1561 1798 1607 1829 iii.

947 1852 1021 1883 528.
1054 1851 1170 1891 Lya’us,
1183 1849 1237 1891 qui
1248 1859 1339 1880 curas
1353 1848 1457 1885 solvit,
1473 1859 1491 1879 a
1503 1848 1608 1880 λύειν.

949 1900 1110 1942 Ignigena‚
1126 1898 1324 1941 πυρογενὴς.
1368 1899 1418 1929 De
1441 1897 1499 1928 hoc
1515 1904 1546 1929 et
1568 1897 1607 1929 de

946 1959 1016 1990 sqq.
1037 1948 1158 1979 duobus
1184 1958 1247 1979 ver.
1265 1946 1328 1977 vid.
1342 1947 1387 1977 iii.
1401 1947 1464 1977 309
1484 1957 1552 1988 sqq.
1576 1953 1608 1978 et

947 2008 1018 2040 quae
1034 2008 1089 2028 nos
1107 2003 1137 2028 et
1156 1996 1199 2027 ibi
1213 2002 1245 2028 et
1266 1996 1306 2027 ad
1321 2006 1443 2028 versum
1457 1997 1531 2033 253,
1549 2005 1604 2027 no·

946 2047 1091 2078 tavimus.
1136 2047 1260 2077 Nomen
1285 2051 1389 2076 autem
1414 2047 1538 2076 bimater
1568 2045 1607 2076 ab

946 2097 1013 2138 ipso
1035 2095 1150 2127 ovidio
1170 2094 1326 2136 signatum
1342 2094 1473 2125 videtur.
1517 2095 1607 2126 Grae-

947 2146 991 2177 cis
1006 2146 1087 2176 hanc
1108 2145 1147 2175 ob
1169 2154 1295 2175 causam
1317 2142 1445 2184 ὃίθυρος
1467 2142 1569 2174 dictus
1590 2153 1608 2173 a

947 2195 1052 2226 multis
1081 2193 1237 2225 creditur:
1283 2193 1354 2224 vide
1383 2191 1500 2224 Mureti
1528 2193 1606 2224 Var.

948 2245 1035 2275 Lect.
1050 2243 1113 2274 xix.
1129 2243 1157 2274 1.

996 2295 1042 2324 13.
1069 2293 1185 2334 Nyseus
1203 2303 1222 2323 a
1246 2292 1340 2332 Nysa,
1355 2296 1458 2321 monte
1477 2296 1509 2322 et
1531 2291 1607 2322 urbe

949 2342 1062 2377 Indiae,
1085 2340 1139 2372 ubi
1160 2340 1320 2371 educatus.
1336 2339 1380 2370 iii.
1396 2340 1473 2370 314.
1511 2339 1607 2380 Thyo-

950 2403 1020 2422 neus
1042 2390 1112 2422 ἀπὸ
1137 2392 1194 2422 τοῦ
1214 2389 1315 2426 Θύειν,
1331 2399 1350 2421 a
1371 2389 1511 2425 furendo,
1526 2388 1610 2420 unde

949 2446 981 2471 et
1003 2439 1202 2471 Bacchantes
1225 2438 1371 2479 Thyades.
1391 2438 1495 2469 Schol.
1509 2437 1608 2479 Apol-

949 2488 1014 2520 lon.
1045 2488 1085 2518 ad
1111 2488 1229 2529 Argon.
1258 2487 1280 2518 i.
1305 2488 1378 2518 636.
1430 2487 1609 2518 Indetonsus

949 2549 1003 2580 pro
1025 2540 1171 2574 intonsus,
1189 2537 1400 2578 ἀκειρεκόμης,
1418 2537 1562 2578 frequens
1577 2543 1609 2567 et

950 2586 1107 2629 Apollinis
1126 2592 1157 2618 et
1174 2586 1293 2617 Bacchi
1313 2586 1484 2628 epitheton,
1500 2586 1540 2616 ob
1555 2596 1606 2616 co-

950 2646 1031 2666 mam
1052 2636 1246 2678 promissam,
1263 2646 1357 2677 quam
1376 2635 1469 2666 etiam
1490 2635 1521 2665 in
1539 2645 1606 2665 mo-

950 2685 1104 2716 numentis
1125 2685 1250 2716 habent.
1290 2685 1398 2726 Longa
1419 2695 1503 2715 comoe
1525 2685 1607 2714 Bac-

950 2723 1011 2769 chi,
1036 2734 1119 2775 apud
1143 2734 1334 2769 Martialem,
1354 2734 1394 2764 iv.
1418 2733 1523 2775 Epigr.
1544 2733 1604 2763 45:
