1763 3181
370 179 984 224 METAMORPHOSEON
1017 179 1137 220 LIB.
1171 178 1274 219 VII.

1425 179 1506 220 441

134 297 231 352 Qui
251 298 399 344 crista
419 297 701 360 linguisque
718 297 875 343 tribus
891 294 1164 359 praesignis,
1178 301 1228 341 et
1247 294 1386 340 uncis
1418 296 1507 340 150

111 426 113 429 ,
134 374 380 422 Dentibus
404 374 694 429 horrendus,
722 380 889 420 custos
914 378 1019 420 erat
1044 370 1210 418 arietis
1235 370 1385 417 aurei.

134 450 282 498 Hunc
307 459 571 515 postquam
596 451 776 514 sparsit
801 449 989 498 Lethaei
1015 448 1232 510 gramine
1255 447 1417 501 succi;

133 528 399 590 Verbaque
423 535 498 575 ter
523 528 649 575 dixit
668 527 890 591 placidos
909 525 1138 573 facientia
1162 540 1376 579 somnos,

134 603 258 658 Quae
282 621 416 652 mare
441 605 708 661 turbatum,
732 620 844 667 quae
864 602 1058 665 concita
1081 601 1284 648 flumina
1302 600 1506 655 sistant;

136 681 349 728 Somnus
374 681 423 727 in
448 681 644 743 ignotos
670 682 836 728 oculos
863 679 1088 735 advenit3
1119 686 1168 725 et
1191 694 1309 725 auro

1419 679 1508 723 155

136 756 295 805 Heros
319 757 549 805 AEsonius
575 758 786 822 potitur3
826 756 1085 821 spolioque
1110 755 1368 818 superbus,

135 834 359 883 Muneris
378 842 628 883 auctorem
653 851 838 890 secum,
865 833 1022 898 spolia
1045 833 1214 887 altera,
1241 838 1458 895 portans,

180 969 252 1000 152.
283 968 441 1005 Lethaeu55
472 968 590 999 habens
615 967 678 998 vim
702 978 789 1009 sopo-

135 1017 264 1054 rificam,
301 1023 335 1048 ut
374 1018 476 1048 lethoea
512 1029 673 1057 papavera,
703 1017 791 1058 Virg.

136 1067 253 1108 Georg.
275 1067 316 1098 iv.
342 1068 418 1098 545.
450 1066 548 1108 Apud
574 1067 672 1109 Orph.
699 1067 792 1097 1002.

136 1116 202 1158 ipse
226 1116 371 1157 Orpheus
397 1126 538 1146 somnum
567 1115 711 1152 advocat,
739 1127 791 1146 ve-

136 1165 225 1197 niens
239 1165 339 1208 sopiat
354 1165 417 1196 vim
439 1165 590 1196 draconis.
637 1166 709 1199 Quae
723 1176 792 1195 con-

136 1216 207 1251 cita,
232 1220 292 1246 etc.
316 1225 354 1244 ex
378 1213 526 1256 Apollon.
547 1214 591 1245 iii.
613 1215 693 1245 530:
717 1214 792 1256 φάρ-

136 1268 236 1299 μακα,
268 1258 337 1294 τοῖς
369 1257 422 1288 καὶ
456 1258 628 1299 ποταμοὺς
660 1255 793 1296 ἵστησιν

135 1306 222 1348 ἄφαρ
251 1305 417 1338 κελαδεινὰ
444 1304 589 1348 ῥέοντας.
641 1306 691 1338 Cf.
714 1307 794 1337 infra

137 1366 201 1386 ver.
219 1356 290 1387 199.

183 1405 256 1436 155.
283 1404 426 1446 Ignotos5
460 1414 537 1445 quos
562 1414 686 1435 somnus
713 1415 792 1435 nun—

137 1464 231 1496 quam
243 1460 450 1496 oppresserat.
474 1454 602 1489 Seneca,
610 1454 698 1485 Med.
710 1455 771 1484 472
784 1466 790 1484 :

138 1515 235 1534 somno
265 1505 380 1534 lumina
405 1506 506 1545 ignoto
529 1505 612 1534 dure.
662 1504 793 1534 Somnus

137 1553 298 1594 eleganter
312 1552 426 1584 dicitur
440 1564 553 1593 repere,
569 1555 714 1592 obrepere,
727 1555 793 1583 sub-

138 1613 251 1642 repere,
277 1604 429 1641 irreper25
453 1601 516 1632 vid.
539 1601 707 1632 Heinsius:
741 1602 793 1632 sed

139 1661 201 1681 non
220 1650 322 1681 minus
338 1650 498 1692 eleganter
512 1652 625 1686 venire,
642 1652 734 1687 abire,
748 1662 795 1681 re-

139 1701 204 1731 dire
214 1711 226 1738 ;
258 1699 323 1731 vid.
350 1700 558 1731 Burmannus.
610 1701 704 1730 Auro.
733 1700 795 1730 Hie

139 1759 292 1791 nequeam
317 1759 380 1780 non
406 1750 519 1780 referre
547 1748 629 1780 docti
650 1749 796 1780 Farnabii

139 1799 294 1830 diatriben
319 1799 360 1829 ad
385 1798 467 1830 hunc
492 1799 606 1830 locum.
651 1803 671 1816 ‘⁶
689 1799 794 1836 Auro,-

141 1858 233 1879 aureo
243 1847 358 1879 vellere
370 1860 378 1877 :
395 1848 450 1879 sed
460 1847 536 1890 quid
548 1847 627 1878 illud
636 1849 648 1878 Ἰ.
664 1848 795 1879 Utrum-

140 1908 180 1928 ne
207 1897 287 1929 aries
311 1907 382 1928 vere
411 1907 504 1928 aureo
530 1897 644 1928 vellere
668 1891 797 1938 insignis

140 1956 179 1977 ex
200 1946 351 1977 Mercurii
375 1947 542 1977 contactu?
564 1951 600 1976 ut
614 1945 723 1976 volunt
737 1946 796 1977 Or—

141 1995 252 2037 pheus,
280 1995 480 2037 Apollonius,
509 1995 663 2031 Catullus,
692 1995 796 2037 cujus-

141 2044 225 2076 modi
245 2055 265 2076 a
286 2044 444 2076 Simonide
466 2050 617 2076 vocantur
642 2055 798 2087 purpurea

141 2099 197 2124 aut
210 2093 356 2125 candida.
377 2094 410 2125 J.
424 2094 526 2125 Tzetz.
545 2093 704 2135 Πρόβατα
719 2105 797 2135 χρυ·

142 2143 267 2185 σόχροα
290 2142 427 2185 φέροντα
451 2144 516 2182 τὴν
537 2143 653 2185 &piavi
674 2143 726 2173 An
742 2153 796 2174 na-

141 2192 205 2223 tivo
224 2191 359 2233 insignia
373 2192 477 2228 rutilo,
495 2192 601 2233 qualia
615 2192 710 2223 habet
725 2193 796 2223 Ibe-

141 2240 212 2273 ria?
234 2240 350 2283 quippe
372 2240 416 2272 ibi
438 2241 554 2272 talento
577 2240 715 2282 singulos
737 2240 797 2271 emi

142 2291 254 2321 arietes
267 2290 310 2327 εἰς
323 2290 380 2328 τὰς
395 2290 548 2332 ὀσχείρας
563 2290 654 2321 refert
675 2290 797 2326 Strabo,

142 2340 199 2371 lib.
223 2339 267 2370 iii.
309 2340 411 2382 Spart.
439 2340 471 2370 in
496 2339 560 2370 vita
596 2338 799 2376 Diadumeni,

142 2389 223 2421 inter
245 2388 369 2431 imperii
391 2388 584 2430 adipiscendi
611 2388 725 2425 omina,
752 2399 798 2420 re-

143 2443 250 2470 censet
264 2437 296 2468 in
313 2448 386 2479 agro
400 2437 498 2479 patris
513 2438 580 2479 ejus
596 2448 669 2468 oves
683 2448 799 2479 purpu-

143 2498 212 2519 reas
226 2493 325 2519 natas.
370 2487 452 2518 Vide
467 2497 537 2528 quae
557 2497 612 2517 nos
627 2486 667 2517 ad
684 2487 801 2528 Thyes-

145 2543 198 2568 ten
226 2537 366 2573 Senecae,
395 2546 485 2567 versu
513 2537 589 2567 222.
618 2536 658 2566 de
687 2546 799 2566 arcano

143 2585 380 2617 Tantalidarum
411 2585 507 2616 ariete
535 2591 568 2616 et
595 2591 716 2626 sceptro
744 2595 799 2615 au-

144 2640 222 2666 rato.
265 2634 318 2665 An
345 2634 421 2665 forte
447 2634 554 2676 phiala
579 2639 667 2665 erant
695 2644 799 2669 aurea,

146 2684 236 2726 cujus
254 2683 286 2714 in
301 2683 404 2715 medio
419 2683 614 2725 prominebat
628 2694 731 2724 caper.
747 2688 800 2714 aut

149 2744 246 2774 agnus
271 2734 405 2764 aureus?
435 2738 468 2774 ut
495 2732 587 2763 habet
618 2732 800 2767 Athenaeus,

857 966 912 998 lib.
932 966 973 997 vi.
995 966 1025 995 4.
1063 965 1111 995 An
1133 963 1293 1006 opulentia
1315 963 1512 1004 Scytharum,

858 1015 941 1058 apud
970 1025 1046 1056 quos
1073 1013 1276 1050 aurifodinae3
1299 1023 1356 1042 nec
1378 1022 1438 1042 non
1462 1022 1511 1042 ra-

858 1071 964 1096 menta
983 1064 1048 1094 auri
1071 1062 1250 1094 fluminibus
1271 1062 1412 1098 devecta,
1429 1068 1460 1092 et
1474 1062 1514 1092 ab

858 1114 967 1145 incolis
991 1118 1139 1154 excerpta
1161 1112 1275 1143 tabulis
1298 1111 1459 1153 perforatis
1483 1115 1514 1141 et

859 1163 1025 1194 velleribus
1046 1160 1218 1192 transverso
1240 1160 1366 1191 flumine
1382 1170 1512 1202 suspen—

861 1214 912 1250 sis,
933 1212 1057 1253 Phryxo
1083 1210 1178 1253 prius,
1201 1210 1313 1241 deinde
1337 1210 1440 1240 Iasoni
1460 1219 1513 1240 ex-

860 1260 1024 1302 peditionis
1056 1270 1193 1295 causam,
1222 1258 1321 1300 poetis
1353 1258 1513 1288 fabulandi

859 1314 1076 1350 argumentum
1105 1308 1279 1339 dederunt!
1322 1308 1375 1337 An
1406 1306 1514 1347 utique

860 1359 1012 1400 templum
1041 1364 1106 1388 erat
1134 1369 1152 1388 a
1176 1357 1311 1398 Phryxo,
1339 1357 1392 1398 qui
1418 1356 1512 1387 Chal-

859 1407 969 1449 ciopen
989 1407 1070 1448 regis
1090 1406 1230 1438 Colchici
1252 1406 1348 1437 filiam
1371 1406 1514 1443 duxerat,

858 1457 1030 1493 conditum,
1054 1467 1189 1498 auroque
1216 1456 1299 1497 quod
1326 1467 1363 1487 ex
1390 1455 1514 1487 Graecia

859 1517 964 1537 secum
981 1506 1162 1541 abstulerat,
1179 1505 1310 1546 aliisque
1325 1504 1516 1546 ἀναθήμασι

859 1555 1004 1591 ditatum,
1019 1555 1058 1585 ad
1075 1554 1158 1596 quod
1173 1555 1222 1585 vel
1236 1553 1450 1595 repetendum,
1466 1554 1516 1585 vel

859 1604 953 1635 etiam
978 1603 1182 1645 praedandum
1206 1603 1392 1644 navigarunt
1414 1602 1514 1643 Argo-

861 1654 991 1683 nautael
1026 1652 1190 1694 spoliatum
1228 1651 1261 1681 id
1298 1662 1317 1682 a
1354 1652 1517 1683 Pharnace

861 1703 957 1744 prius,
980 1701 1095 1733 deinde
1132 1712 1149 1732 a
1186 1700 1370 1731 Mithridate
1398 1702 1516 1742 Perga-

862 1762 952 1782 meno
974 1750 1070 1781 tradit
1093 1751 1212 1786 Strabo,
1228 1750 1283 1781 lib.
1298 1750 1340 1780 xi.
1385 1749 1437 1780 An
1461 1750 1516 1781 de-

863 1799 957 1841 nique
981 1799 1059 1830 liber
1085 1800 1341 1830 membranaceus
1370 1810 1407 1829 ex
1437 1799 1516 1830 arie-

862 1854 929 1880 tum
968 1848 1101 1890 pellibus
1147 1854 1321 1885 contextus,
1358 1847 1425 1878 auri
1460 1858 1516 1890 per

863 1897 1022 1939 chymiam
1061 1896 1246 1928 conficiendi
1287 1903 1384 1928 artem
1420 1897 1519 1928 conti-

863 1949 963 1978 nens'!
986 1953 1021 1978 ut
1034 1946 1115 1977 inter
1130 1946 1217 1983 alios,
1231 1945 1262 1976 in
1283 1945 1376 1988 δέφας
1394 1947 1518 1978 Suidas.

863 1997 913 2027 De
929 1996 1029 2027 aureis
1045 1996 1136 2026 malis
1149 1997 1217 2033 τοῖς
1231 1995 1356 2037 μήλοις,
1375 1995 1446 2027 vide
1461 1995 1517 2028 lib.

861 2045 905 2076 iv.
922 2047 996 2076 638.
1039 2045 1103 2083 Qui
1122 2045 1162 2076 ad
1185 2055 1284 2075 mores
1307 2045 1446 2076 fabulam
1470 2056 1517 2076 re-

862 2095 976 2131 ferunt,
990 2095 1134 2125 Iasonem
1147 2094 1255 2124 volunt
1266 2105 1284 2124 a
1295 2093 1430 2125 Chirone
1441 2094 1518 2125 edu-

863 2150 980 2180 catum,
1003 2143 1191 2184 doctumque
1213 2142 1315 2178 ἴασιν,
1330 2148 1428 2173 artem
1452 2154 1518 2174 me-

863 2193 958 2224 dendi
984 2192 1188 2234 sanandique,
1209 2198 1276 2223 tum
1303 2192 1425 2228 mentis,
1451 2199 1517 2222 tum

863 2242 997 2284 corporis
1025 2242 1146 2272 morbos
1173 2241 1343 2282 accepisse.
1391 2241 1516 2273 Medeae

864 2291 981 2331 itaque,
1010 2290 1042 2320 id
1070 2295 1117 2321 est
1147 2288 1275 2331 μὴδεος,
1302 2289 1422 2320 consilii
1458 2301 1517 2331 ope
1565 2324 1567 2326 ,

864 2339 1068 2370 violentorum
1098 2339 1266 2369 affectuum
1292 2344 1409 2374 tauros,
1438 2339 1518 2380 inju-

865 2388 930 2423 riae,
950 2387 1077 2423 fraudis,
1100 2387 1250 2424 avaritiae,
1274 2387 1422 2422 libidinis,
1441 2388 1516 2419 alio-

865 2447 996 2478 rumque
1030 2436 1174 2467 vitiorum
1216 2442 1372 2478 serpentes
1407 2437 1516 2469 domu-

867 2485 964 2516 isse.'’

909 2535 983 2566 156.
1005 2535 1100 2565 Herus
1118 2535 1280 2571 AEsonius;
1302 2534 1401 2565 Jason
1425 2536 1516 2567 AEso-

864 2583 962 2614 uides.
1009 2584 1147 2614 Muneris
1162 2590 1333 2620 auctorem,·
1356 2583 1516 2620 Medeam,

864 2632 995 2663 alterum
1010 2632 1153 2673 spolium,
1169 2643 1239 2673 quae
1255 2638 1362 2663 auctor
1377 2639 1407 2663 et
1422 2643 1517 2665 causa

864 2681 932 2715 fuit.
961 2687 995 2712 ut
1024 2681 1114 2712 Iason
1143 2682 1257 2712 vellere
1287 2691 1379 2712 aureo
1406 2682 1517 2723 potire-

865 2736 924 2761 tur.
