1763 3181
403 177 1020 221 METAMORPHOSEON
1055 175 1173 217 LIB.
1204 176 1268 217 ΙΙ.

1442 177 1525 218 197

147 295 408 359 Delphice,
436 294 703 358 poscebat3
745 309 856 340 nam
883 308 972 339 nec
998 292 1277 340 rescindere
1303 291 1467 353 magni

141 373 294 419 Jussa
317 371 346 418 J
352 371 455 418 ovis
480 377 705 434 poteras:
747 385 854 425 nec,
883 369 923 415 si
950 369 1232 416 rescindere
1257 384 1447 432 posses,

142 449 283 496 Tunc
309 450 510 496 aderas:
553 448 683 503 Elin,
712 446 1067 509 Messeniaque
1093 463 1207 493 arva
1231 446 1445 493 colebas,

145 526 275 574 Illud
301 533 405 574 erat
429 532 641 589 tempus,
670 540 769 587 quo
794 531 843 570 te
868 523 1088 587 pastoria
1111 523 1256 587 pellis

1428 525 1524 568 680

144 603 322 661 Texit3
364 618 589 665 onusque
615 601 706 648 fuit
731 601 921 647 dextrae
949 600 1187 663 silvestris
1214 600 1368 655 oliva;

143 680 376 737 Alterius,
404 680 572 743 dispar
597 677 817 741 septenis
843 677 1010 724 fistula
1029 678 1217 724 cannis.

144 757 379 820 Dumque
399 773 535 803 amor
550 762 626 802 est
640 771 785 810 curae,
805 754 923 801 dum
949 761 998 801 te
1024 762 1110 801 tua
1133 754 1299 800 fistula
1323 753 1522 806 mulcet,

143 833 468 881 Incustoditae
494 832 665 896 Pylios
691 837 1029 878 memorantur
1053 831 1102 877 in
1128 847 1270 893 agros

144 911 457 959 Processisse
482 911 633 958 boves
655 927 664 957 :
693 910 830 956 videt
853 909 940 956 has
963 908 1218 955 Atlantide
1245 906 1382 953 Maia
1428 908 1522 952 685

142 1054 218 1096 quid
239 1055 363 1091 viderit,
390 1055 422 1086 in
445 1055 538 1086 dicat.
585 1055 645 1086 Sed
668 1054 797 1085 eandem

142 1104 242 1135 fabul.
280 1104 372 1135 etiam
416 1104 583 1140 Hesiodus,
626 1104 798 1139 Nicander,

144 1153 387 1195 Didymarchus,
413 1154 598 1195 Antigonus.
614 1152 799 1195 Apollonius

144 1202 287 1234 Rhodius
308 1210 525 1241 narraverant,
549 1204 632 1234 unde
650 1214 717 1234 eam
731 1202 797 1237 An-

143 1252 278 1289 toninus,
308 1253 378 1283 Lib.
407 1253 539 1284 Metam.
569 1254 622 1283 23.
651 1253 796 1294 repetiit:

142 1313 212 1343 quae
227 1302 306 1333 ratio
320 1303 413 1344 paulo
426 1303 551 1344 propius
561 1302 600 1333 ad
611 1302 797 1333 Ovidianam

144 1351 277 1382 accedit.
313 1352 351 1382 In
372 1363 410 1383 ea
434 1352 567 1383 occurrit
586 1353 708 1388 Battus,
734 1352 797 1393 qui,

142 1401 284 1432 mercede
312 1407 453 1444 accepta,
476 1401 634 1432 silentium
657 1401 798 1443 spondet,

141 1456 173 1481 et
192 1461 210 1481 a
232 1451 389 1481 Mercurio
404 1450 563 1487 redeunte,
580 1461 676 1492 quum
692 1450 798 1481 datam

142 1499 236 1531 fidem
269 1501 400 1537 falleret,
429 1500 462 1531 in
498 1511 607 1531 saxum
636 1505 798 1539 mutatui-5

141 1560 322 1591 quanquam
346 1550 378 1580 in
402 1550 469 1581 aliis
484 1549 671 1591 quibusdam
692 1550 795 1586 rebus,

142 1603 177 1629 ut
210 1599 273 1630 suis
309 1599 385 1630 locis
421 1598 607 1635 videbimus,
646 1598 799 1629 dissentit.

144 1649 318 1690 Philyreius
341 1659 360 1679 a
383 1649 511 1691 Philyra
534 1654 646 1686 matre,
665 1658 799 1689 quacum

141 1699 303 1735 Saturnus,
333 1704 458 1741 sumpta
486 1700 602 1740 equina
632 1698 738 1733 forma,
768 1698 799 1728 in

141 1749 229 1779 Peho
269 1755 373 1779 monte
415 1758 598 1788 congressus
637 1747 799 1778 habuerat.

143 1799 289 1841 Apollon.
311 1799 344 1829 ii.
362 1799 467 1837 12363
489 1798 601 1839 virgil.
621 1798 736 1839 Georg.
751 1796 797 1828 iii.

141 1850 279 1880 92—94.
324 1848 374 1879 Sic
391 1847 508 1880 Chiron
529 1853 595 1878 erat
611 1849 692 1878 heros
707 1858 798 1877 sensu

142 1898 290 1940 antiquo;
313 1898 412 1940 ἥρωες
427 1898 510 1928 enim
529 1897 603 1927 olim
623 1896 699 1927 dicti
715 1902 798 1933 sunt,

141 1948 194 1990 qui
210 1959 229 1979 a
243 1949 313 1979 Deo
329 1948 438 1978 Deave
453 1947 597 1989 prognati
613 1951 712 1977 erant.

184 1997 257 2028 677.
274 1996 336 2028 Nec
350 1996 543 2036 rescindere]
563 1996 636 2026 Non
653 1995 735 2026 enim
750 2006 797 2026 re-

140 2047 282 2079 scindere
297 2047 367 2078 Diis
386 2048 459 2078 licet.
479 2052 551 2078 acta
565 2045 695 2077 aliorum
710 2047 796 2077 Deo-

141 2108 219 2128 rum.
244 2096 335 2128 Conf.
350 2096 394 2127 iii.
409 2098 472 2128 236
488 2108 495 2135 ;
513 2096 575 2128 xiv.
592 2097 665 2127 784.
690 2095 797 2126 Fluxit

140 2147 199 2179 hoc
225 2157 263 2178 ex
285 2146 428 2188 Euripid.
457 2146 553 2188 Hipp.
573 2156 637 2177 ver.
660 2147 753 2176 1328.
778 2156 797 2175 a

140 2208 203 2239 quo
223 2196 290 2228 haec
312 2197 451 2227 Deorum
474 2196 524 2227 lex
548 2196 690 2227 confecta
711 2195 796 2226 vide-

141 2251 209 2277 tur:
235 2245 370 2277 Valken.
392 2245 432 2276 ad
455 2244 486 2275 d.
502 2245 523 2275 l.
568 2246 696 2279 Adai-as,
713 2244 797 2275 scili-

141 2301 192 2326 cet
202 2295 235 2325 in
243 2294 414 2330 Thessalia,
426 2294 478 2325 ubi
489 2294 652 2325 habitabat
663 2292 779 2323 Chiron
790 2306 797 2330 ;

141 2344 256 2376 etenim
278 2355 340 2375 non
361 2344 419 2374 nisi
441 2355 577 2385 praesens
599 2343 687 2374 Deus
709 2353 799 2384 opem

142 2395 219 2425 ferre
242 2399 364 2436 poterat
385 2393 517 2424 afflictis.
562 2392 676 2434 Apollo
694 2398 798 2422 autem

143 2444 272 2479 abierat,
295 2443 390 2473 boves
414 2453 567 2483 quaerens,
592 2441 624 2472 in
647 2442 798 2483 Pelopon-

141 2502 262 2528 nesum,
287 2492 342 2522 ubi
368 2492 432 2522 Elis
454 2497 486 2522 et
508 2491 653 2522 Messenia
679 2490 743 2521 sive
764 2497 798 2531 (e

143 2541 276 2572 dialecto
290 2540 424 2577 Dorica)
442 2540 593 2571 Messania
608 2550 692 2570 arva.

131 2615 136 2619 .
186 2591 258 2620 680.
277 2590 342 2624 Quo
361 2596 389 2620 te
409 2591 540 2629 pastoria
560 2589 673 2629 pellis]
693 2589 800 2618 Pasto-

143 2650 208 2672 rem
222 2640 261 2671 ab
276 2639 386 2670 habitu
400 2650 504 2670 rursus
518 2639 670 2680 designat.
707 2639 802 2668 Pellis

142 2689 287 2720 humeros
300 2694 457 2730 pastorum
467 2694 571 2729 tegere
586 2688 715 2719 solebat.
739 2687 802 2717 Ba-

144 2739 250 2770 culum
282 2738 477 2779 oleagineum
507 2745 628 2779 gestare
662 2737 803 2767 solebant

190 2788 291 2819 VOL.
314 2787 364 2817 III
371 2810 379 2817 .

867 1061 1016 1095 pastores.
1042 1054 1149 1096 Apoll.
1168 1053 1199 1084 ii.
1222 1053 1281 1083 34:
1309 1057 1403 1092 atque
1428 1049 1523 1080 etiam

867 1104 950 1146 apud
967 1104 1080 1145 virgil.
1098 1104 1165 1134 Ecl.
1179 1102 1244 1132 viii.
1260 1102 1311 1132 16.
1335 1102 1460 1131 Damon
1477 1099 1522 1129 in-

867 1155 985 1185 cumbit
1014 1156 1100 1184 tereti
1135 1155 1228 1184 olivae.
1274 1153 1314 1182 Et
1346 1150 1526 1192 gestabatur

866 1207 998 1240 (lettera,
1015 1205 1147 1234 Theocr.
1162 1203 1211 1233 Id.
1228 1201 1278 1233 vii.
1298 1201 1432 1231 15—19.
1450 1209 1525 1240 quo-

867 1265 938 1285 cum
948 1254 997 1284 hic
1013 1255 1100 1284 locus
1113 1264 1129 1283 e
1144 1258 1248 1283 nostra
1261 1251 1392 1282 lectione
1403 1259 1525 1290 egregie

867 1304 1033 1344 conspirat.
1070 1303 1152 1332 Nam
1171 1307 1201 1332 et
1216 1300 1258 1331 ibi
1273 1305 1376 1342 pastor
1390 1297 1526 1329 humeris

868 1354 1008 1385 indutam
1030 1353 1124 1383 habet
1140 1352 1259 1391 pellem,
1277 1348 1387 1391 δέρμα,
1404 1353 1435 1378 et
1455 1350 1523 1378 ‹Iem-

868 1409 931 1434 tera
947 1403 1005 1434 fert
1020 1414 1052 1433 ea*
1075 1404 1199 1432 oleastro
1212 1402 1331 1440 pedwn,
1350 1396 1525 1440 άγριελαίω

866 1452 1010 1494 δεξιτερᾷ
1030 1451 1185 1493 κορύνην.
1229 1448 1297 1479 Tali
1323 1447 1431 1478 habitu
1452 1457 1524 1477 con-

866 1501 1038 1543 spiciuntur
1062 1505 1199 1542 pastores
1223 1497 1306 1540 apud
1329 1498 1475 1528 Goraeum
1494 1495 1527 1525 ii.

867 1562 897 1581 n.
913 1552 947 1581 9.
962 1556 993 1581 et
1014 1547 1248 1580 Borionium·in
1268 1545 1401 1577 Collect.
1414 1544 1525 1585 Antiq.

866 1601 944 1632 Tab.
966 1601 1017 1630 87.
1065 1600 1159 1634 Onus,
1185 1595 1338 1638 quidquid
1362 1600 1523 1636 gestatur:

868 1650 928 1681 lv.
944 1650 1027 1679 Fast.
1040 1649 1114 1679 241.
1129 1658 1203 1677 onus
1219 1646 1363 1687 inguinis.
1395 1643 1525 1677 Fistula,

867 1709 964 1740 quum
988 1697 1102 1738 Apollo
1126 1695 1205 1726 alias
1226 1694 1327 1736 lyram
1349 1691 1524 1722 moderare-

867 1755 924 1780 tur.
969 1748 1017 1778 De
1043 1746 1110 1788 ejus
1135 1745 1245 1780 forma,
1260 1743 1326 1774 vid.
1348 1741 1425 1773 adi.
1448 1741 1523 1771 711.

869 1798 991 1827 Cannis.
1015 1795 1163 1827 Heinsius
1175 1794 1317 1836 putabat,
1330 1790 1447 1832 abipsa
1459 1790 1525 1820 Na-

865 1846 949 1877 sonis
964 1856 1058 1875 manu
1075 1854 1141 1874 esse
1157 1849 1275 1883 septena
1290 1841 1403 1882 fistula
1415 1851 1525 1871 canna.

909 1897 982 1926 683.
1001 1895 1138 1933 Dumque
1153 1891 1262 1931 amora]
1290 1891 1359 1921 Hoc
1375 1889 1413 1920 de
1428 1899 1525 1918 amore

866 1947 942 1976 forte
972 1943 1104 1975 Ovidius
1137 1941 1268 1977 addidit,
1298 1939 1373 1981 quia
1398 1938 1524 1980 Apollo,

867 2006 964 2038 quum
987 1993 1084 2025 serius
1104 1990 1233 2022 Admeti
1254 1994 1393 2021 armenta
1416 1997 1524 2029 pasce-

865 2051 921 2081 ret,
946 2043 996 2074 vel
1026 2042 1247 2083 Hymenaeum,
1273 2037 1402 2069 Admeti
1429 2046 1523 2077 nepo-

864 2100 938 2129 tem,
952 2092 1084 2127 amasse,
1101 2090 1150 2121 vel
1166 2088 1263 2131 ipsius
1278 2086 1408 2118 Admeti
1423 2095 1524 2116 amore

865 2142 974 2174 arsisse
998 2140 1140 2172 traditur.
1187 2138 1325 2168 Mulcere
1345 2134 1460 2177 passim
1486 2133 1524 2163 de

864 2192 1035 2225 carminum
1055 2196 1086 2221 et
1106 2189 1242 2220 musices
1257 2185 1422 2217 suavitate.
1462 2185 1524 2225 Py-

868 2244 912 2273 lus
936 2241 1027 2272 dictae
1048 2245 1121 2270 sunt
1139 2238 1230 2269 urbes
1249 2241 1311 2267 tres
1325 2235 1356 2265 in
1371 2235 1525 2275 Pelopon-

868 2302 950 2322 neso.
988 2291 1083 2320 Nunc
1103 2287 1199 2328 Pylus
1214 2283 1306 2316 Nelei
1320 2285 1351 2314 in
1365 2281 1528 2324 Triphylia

867 2351 961 2382 prope
988 2338 1060 2369 Elin
1081 2335 1277 2376 intelligitur.
1319 2332 1427 2363 Posuit
1449 2332 1523 2362 fem.

869 2389 1073 2423 incustmlitoe,
1099 2390 1188 2416 erant
1212 2383 1305 2418 enim,
1324 2393 1354 2412 v.
1379 2381 1471 2411 Hom.
1494 2379 1526 2410 in

868 2440 971 2470 Merc.
991 2438 1060 2467 192.
1079 2436 1182 2465 πᾶσαι
1197 2433 1336 2471 Θὴλειαι.

910 2488 984 2518 685.
1013 2486 1095 2515 Videt
1125 2483 1205 2523 has.]
1235 2483 1302 2512 Has
1331 2481 1405 2510 vidit
1437 2480 1524 2508 Mer·

867 2536 980 2571 curius,
1008 2533 1124 2576 quippe
1150 2532 1182 2562 in
1208 2531 1350 2572 Cyllene,
1380 2527 1524 2558 Arcadiae

869 2591 982 2620 monte,
999 2588 1101 2613 natus.
1136 2582 1212 2611 Arte
1224 2591 1288 2615 sua,
1303 2584 1375 2609 nota
1385 2577 1451 2611 illa,
1464 2586 1526 2617 qua

868 2634 1053 2667 excellebat,
1070 2630 1256 2663 calliditate.
1282 2629 1373 2659 Hom.
1383 2627 1415 2656 in
1427 2627 1527 2656 Merc.

870 2685 929 2715 76:
955 2682 1066 2720 δολίης
1080 2675 1103 2711 δ’
1120 2680 1157 2711 οὐ
1172 2678 1288 2716 λήθετο
1302 2676 1435 2718 τέχνης.
1467 2674 1526 2705 Ille

870 2733 952 2764 enim
969 2733 1107 2766 callidus,
1123 2728 1267 2769 qvidqvid
1287 2726 1526 2766 p!‹1cuit,jsm1›s‹›

1015 2782 1023 2810 l
