1763 3181
409 161 1028 204 METAMORPHOSEON
1060 161 1179 202 LIB.
1212 160 1293 202 VI.
1454 160 1538 201 4:23

157 276 437 325 Dilaniant:
466 294 579 341 pars
605 277 720 324 inde
745 277 876 324 cavis
902 278 1094 324 exultat
1119 276 1318 333 ahenis,

140 353 280 401 ·Pars
299 355 512 402 verubus
533 354 735 401 stridet:
764 360 969 400 manant
988 354 1261 417 penetralia
1283 354 1415 400 tabo.
1439 355 1533 399 646

157 429 249 477 His
275 431 479 478 adhibet
503 432 610 493 conj
620 447 686 477 ux
712 431 935 492 ignarum
959 429 1117 477 Terea
1136 429 1336 485 mensis,

157 507 223 555 Et
246 508 392 572 patrii
416 508 565 555 moris
592 524 785 555 sacrum
809 507 1033 563 mentita,
1061 508 1195 569 quod
1221 506 1304 553 uni

157 585 252 632 Fas
278 585 342 632 sit
367 586 500 633 adire
524 586 641 642 viro,
669 586 875 633 comites
903 585 1214 646 famulosque
1238 584 1459 631 removit.

156 661 280 709 Inde
301 663 478 710 sedens
501 663 622 710 solio
647 662 832 710 Tereus
859 659 1081 709 sublimis
1108 661 1236 708 avito
1439 663 1534 706 650

154 738 400 796 Vescitur,
422 740 573 803 inque
599 757 737 788 suam
764 756 852 787 sua
872 740 1061 787 viscera
1085 738 1306 800 congerit
1331 737 1508 784 alvum.

154 815 414 880 Tantaque
429 834 527 864 nox
543 817 690 864 animi
707 824 797 873 est,
813 823 842 840 ‘⁶
856 816 974 880 Ityn
984 817 1080 863 huc
1093 814 1377 870 arcessite‚”
1388 813 1530 861 dixit.

155 892 479 942 Dissimulare
504 895 678 958 nequit
701 894 919 941 crudelia
943 892 1124 956 gaudia
1148 891 1358 947 Procne,

151 969 366 1034 Jamque
391 988 491 1019 suae
517 972 723 1036 cupiens
749 971 966 1018 existere
992 969 1165 1016 nuntia
1188 968 1369 1024 cladis3
1437 970 1532 1014 654

153 1047 349 1095 “Intus
374 1049 545 1105 habes,
564 1050 696 1112 quod
721 1048 932 1113 poscis,⁷’
955 1049 1044 1095 ait:
1077 1045 1414 1109 circumspicit
1434 1045 1531 1099 ille,

151 1123 319 1188 Atque
338 1126 422 1173 ubi
442 1126 506 1172 sit
521 1127 716 1189 quaerit;
747 1126 1002 1189 quaerenti,
1020 1125 1298 1186 iterumque
1317 1121 1530 1176 vocanti,

153 1201 295 1248 Sicut
319 1209 425 1249 erat
449 1203 631 1266 sparsis
656 1203 814 1250 furiali
839 1203 975 1250 caede
1001 1202 1209 1265 capillis,

150 1277 386 1335 Prosiliit,
414 1279 654 1342 Ityosque
679 1286 828 1343 caput
853 1279 1129 1326 Philomela
1153 1284 1411 1324 cruentum

151 1353 293 1402 Misit
315 1356 365 1402 in
388 1372 473 1404 ora
495 1357 621 1420 patri
641 1374 650 1404 :
690 1373 781 1404 nec
805 1364 1027 1419 tempore
1052 1355 1226 1402 maluit
1250 1354 1350 1400 ullo

150 1430 306 1479 Posse
329 1433 481 1505 loqui,
509 1440 559 1481 et
581 1433 770 1481 meritis
793 1433 967 1481 testari
992 1433 1173 1494 gaudia
1198 1431 1361 1478 dictis.
1434 1432 1530 1477 660

148 1508 387 1557 Thracius
411 1510 599 1573 ingenti
623 1527 820 1558 mensas
846 1511 1058 1557 clamore
1082 1509 1291 1572 repellit,

150 1585 489 1651 Vipereasque
513 1588 611 1635 ciet
637 1587 814 1652 Stygia
837 1588 899 1634 de
923 1587 1048 1634 valle
1075 1601 1263 1633 sorores
1287 1602 1295 1632 :

192 1773 265 1804 651.
290 1772 408 1803 Viscera
421 1784 432 1811 ;
455 1772 525 1803 vide
542 1772 581 1804 ad
596 1784 626 1803 v.
644 1774 693 1804 18.
726 1773 800 1804 Imi-

149 1828 231 1854 tatus
246 1823 394 1853 Nostrum
409 1828 456 1853 est
469 1822 615 1854 Valerius
630 1823 800 1858 Maximus,

147 1871 200 1903 vii.
224 1873 263 1903 6:
297 1883 353 1913 quo
380 1873 495 1902 diutius
517 1878 633 1902 armata
653 1874 802 1912 juventus

148 1925 259 1953 viscera
273 1934 327 1953 sua
342 1925 499 1954 visceribus
519 1924 580 1952 suis
601 1923 704 1958 aleret,
724 1923 753 1952 in
773 1923 801 1952 'e-

149 1972 217 2002 lices
231 1974 410 2003 cadaverum
430 1973 582 2012 reliquias,
601 1977 660 2002 etc.
699 1972 801 2002 Verbo

138 2032 303 2063 'congerere
313 2033 384 2052 mox
395 2021 559 2064 opponitur
572 2031 698 2062 egerere.
723 2021 800 2056 Nor,

147 2071 282 2107 caecitas,
298 2071 483 2112 ignorantia.

190 2121 266 2151 660.
291 2121 412 2151 Meritis
430 2122 528 2157 dictis,
545 2118 802 2150 convenientibus

144 2169 258 2201 verbis.

190 2220 263 2251 662.
290 2220 422 2260 Viperias
435 2230 555 2255 sororeS,
564 2218 597 2249 id
613 2222 670 2253 est,
686 2217 802 2252 Furias,

147 2269 293 2301 audacter
314 2269 443 2306 dictum,
459 2279 590 2310 quarum
610 2266 704 2298 comis
719 2266 803 2307 vipe-

146 2329 187 2349 rae
203 2318 342 2350 intextae.
388 2320 509 2355 Pectus,
525 2316 730 2354 ventriculus3
756 2327 800 2346 re-

145 2375 250 2405 serato,
272 2375 387 2408 pectore
415 2378 542 2410 egerere,
566 2366 610 2397 nil
636 2365 705 2401 nisi,
730 2376 801 2395 evo-

145 2429 240 2449 mere.
287 2418 504 2449 Gronovianus
535 2416 661 2458 quidem
692 2415 799 2450 habet,

146 2478 202 2510 pro
223 2478 351 2509 egerere,
375 2469 500 2509 exigere,
523 2464 606 2507 quod
627 2474 714 2505 aeque
739 2463 800 2493 ele-

147 2527 224 2557 gans
238 2517 437 2548 Burmannus
455 2514 598 2557 judicat3
621 2518 652 2543 at
670 2512 802 2543 Codices

146 2566 239 2596 nostri
254 2565 329 2596 dant
342 2576 459 2607 egerere
474 2564 557 2605 quod
572 2569 655 2594 recte
671 2560 804 2592 servavit

148 2615 196 2646 Cl.
208 2616 327 2657 Gierig.
358 2616 555 2654 Demersaque
571 2611 706 2654 praetulit
720 2611 800 2640 Bur-

145 2675 277 2695 mannus
287 2664 371 2706 quod
386 2669 418 2694 et
427 2662 529 2704 Regio
539 2662 698 2704 placuerat
705 2671 714 2698 3
731 2669 802 2689 nam

148 2714 276 2755 vulgata
297 2716 492 2753 immensaque
511 2712 617 2753 inepta
637 2716 695 2741 est.
743 2709 803 2738 De-

869 1775 963 1814 mergi
979 1771 1093 1814 passim
1108 1771 1146 1801 de
1162 1770 1240 1801 cibis
1255 1767 1418 1803 devoratis,
1429 1773 1463 1798 ut
1479 1779 1532 1798 xv.

874 1823 954 1859 1053
985 1820 1061 1851 ibid.
1090 1820 1162 1850 387.
1210 1819 1357 1853 Bustztm3
1393 1816 1531 1858 τύμβον.

870 1870 1040 1911 Longinus,
1073 1870 1093 1899 f.
1128 1870 1159 1899 3.
1187 1868 1342 1909 vituperat
1379 1866 1528 1906 Gorgiam

869 1921 979 1951 Leont.
993 1918 1046 1960 qui
1062 1918 1201 1949 vultures
1213 1917 1334 1947 dixerat
1350 1926 1416 1946 esse
1432 1916 1529 1954 sepul-

870 1982 922 2000 cra
936 1971 1014 2004 viva,
1031 1979 1125 2010 quam
1147 1965 1413 2008 reprehensionem
1434 1963 1528 1994 etiam

870 2020 901 2050 in
913 2019 971 2049 hoc
984 2021 1100 2048 busirim
1116 2017 1277 2046 miserabile
1289 2014 1399 2045 cadere
1411 2012 1530 2043 Tollius

867 2075 898 2100 et
921 2066 1067 2098 Pearcius
1095 2066 1134 2097 ad
1157 2066 1245 2095 illurn
1268 2062 1398 2104 Longini
1424 2063 1527 2092 locum

869 2117 1057 2148 existimant.
1087 2117 1203 2146 Verum
1219 2112 1379 2153 Longinus
1395 2122 1455 2141 non
1471 2110 1529 2141 nisi

868 2169 936 2197 viva
971 2167 1109 2206 sepulcra
1137 2163 1302 2204 vituperat,
1331 2161 1406 2202 quia
1441 2160 1528 2190 nulla

869 2217 1012 2257 sepulcra
1028 2218 1093 2245 riva
1110 2219 1200 2243 sunt:
1227 2211 1296 2241 vide
1313 2210 1433 2240 Ernesti
1451 2209 1525 2239 Init.

869 2265 1001 2295 Rhetor.
1017 2268 1095 2293 sect.
1116 2262 1191 2292 319.
1223 2261 1262 2290 In
1279 2258 1400 2299 Gorgiae
1418 2258 1526 2288 vitium

866 2313 977 2344 incidit
992 2311 1164 2345 Lucretius,
1179 2321 1209 2339 v.
1225 2309 1285 2339 991
1302 2321 1307 2338 z
1338 2308 1411 2337 l'ira
1426 2309 1527 2337 ridens

867 2366 931 2395 viro
950 2363 1066 2402 sepeliri
1090 2363 1196 2391 viscera
1213 2360 1305 2388 busto.
1350 2357 1452 2386 Etiam
1475 2355 1528 2386 alii

867 2419 967 2456 poetae
980 2418 1119 2442 ventrem
1136 2420 1206 2440 cum
1223 2407 1386 2449 sepulchro
1401 2416 1528 2447 compa-

868 2463 985 2493 rarunt.
1034 2461 1229 2490 Burmannus
1251 2455 1357 2487 laudat
1372 2455 1527 2496 Lycophr.

869 2513 957 2542 Cass„
982 2510 1053 2540 159.
1077 2509 1130 2549 qui
1157 2506 1195 2537 de
1219 2506 1330 2537 Cerere
1358 2503 1526 2533 mandente

869 2559 994 2600 Pelopis
1028 2558 1190 2587 humerum
1222 2553 1315 2584 dicit:
1353 2551 1524 2593 ἒτὺμβευσε

870 2608 969 2649 τάφῳ,
982 2606 1035 2637 ubi
1050 2606 1176 2636 Tzetzes
1191 2602 1295 2644 τάφον
1310 2601 1527 2642 interpretatur

870 2656 1027 2699 γαστέρα.
1072 2654 1180 2685 Attius
1217 2652 1249 2682 in
1278 2651 1374 2681 Atreo
1388 2662 1393 2679 :
1436 2649 1526 2679 Natis

870 2707 1039 2745 sepulcrum
1053 2710 1093 2734 est
1105 2705 1162 2742 ipse
1174 2711 1293 2741 parens.
