1763 3181
419 175 1036 239 M'ETAMORPHOSEON
1068 197 1185 238 LIB.
1220 197 1302 238 IV.
1454 198 1539 240 309

160 309 306 365 Quod
330 312 534 359 mortale
558 311 666 369 fuit,
693 313 1106 376 majestatemque
1129 312 1392 361 verendam

157 388 425 452 Imposuit3
444 405 726 452 nomenque
742 389 886 437 simul
901 388 1179 453 faciemque
1197 389 1415 447 novavit3
1441 392 1537 438 540

157 464 540 529 Leucotheeque
568 466 731 513 Deum
756 481 869 513 cum
901 473 1058 513 matre
1087 466 1371 513 Palaemona
1395 466 1537 515 dixit.

224 541 441 589 Sidoniae
466 543 689 598 comites,
719 550 960 606 quantum
982 544 1196 598 valuere,
1225 550 1448 606 sequutae

157 618 311 681 Signa
335 618 535 682 pedum,
563 619 719 683 primo
744 619 911 667 videre
937 619 1205 666 novissima
1229 635 1378 667 saxo:

156 695 204 742 N
209 711 266 742 ec
291 695 495 742 dubium
516 695 579 743 de
603 702 761 742 morte
787 702 922 752 ratae,
952 696 1229 743 Cadmeida
1253 695 1430 760 palmis

154 772 471 836 Deplanxere
486 774 704 830 domum,
723 773 889 821 scissae
906 790 1019 821 cum
1034 781 1171 821 veste
1187 774 1416 837 capillos:
1440 776 1535 821 545

156 849 327 912 thue
348 866 521 914 parum
540 852 705 914 justae,
733 850 1040 913 nimiumque
1066 850 1115 896 in
1141 850 1318 914 pellice
1342 865 1502 907 saevae,

154 924 396 974 Invidiam
420 927 583 975 fecere
610 927 731 975 Deae
755 945 764 976 :
805 928 1028 975 convicia
1051 927 1080 974 J
1086 944 1183 974 uno

154 1001 271 1049 Non
295 1004 430 1062 tulit3
468 1010 534 1060 et,
564 1010 594 1028 “
614 1003 814 1052 Faciam
837 1021 922 1053 vos
948 1005 1081 1069 ipsas
1106 1003 1371 1060 maxima,”
1393 1003 1535 1060 dixit,

154 1083 186 1102 “
215 1078 427 1127 Saevitiae
455 1088 776 1129 monumenta
799 1081 973 1129 meae.”
1034 1081 1137 1129 Res
1164 1081 1300 1129 dicta
1324 1087 1539 1144 sequuta

350 1165 428 1206 est
450 1175 459 1206 ε

152 1227 284 1281 Nam
294 1250 406 1297 quae
418 1235 667 1299 praecipue
677 1235 835 1283 fuerat
850 1235 948 1299 pia,
968 1240 999 1259 “
1013 1234 1344 1298 Prosequar,'’
1357 1233 1533 1298 inquit,

155 1316 186 1334 “
208 1310 268 1357 In
288 1311 413 1359 freta
432 1313 655 1375 reginam
671 1313 716 1369 ;’'
734 1313 1016 1376 saltumque
1033 1313 1223 1368 datura,
1236 1312 1419 1359 moveri
1441 1315 1531 1359 551

153 1386 305 1435 Haud
328 1405 540 1451 usquam
566 1390 755 1453 potuit;
797 1391 1104 1454 scopuloque
1130 1391 1277 1437 affixa
1300 1389 1522 1437 cohaesit.

150 1464 340 1521 Altera,
367 1466 487 1512 dum
513 1466 656 1514 solito
682 1474 841 1514 tentat
866 1468 1105 1530 plangore
1129 1466 1273 1514 ferire

151 1542 380 1600 Pectora,
403 1551 619 1592 tentatos
646 1545 797 1592 sentit
821 1545 1028 1607 riguisse
1052 1544 1281 1591 lacertos.

154 1619 266 1676 Illa,
288 1636 462 1669 manus
480 1628 534 1668 ut
553 1621 678 1669 forte
698 1622 978 1670 tetenderat
1003 1621 1052 1666 in
1074 1620 1222 1667 maris
1238 1619 1412 1676 undas,
1441 1622 1537 1667 555

879 1771 945 1796 erat
967 1765 1115 1796 inventio.
1161 1766 1200 1795 In
1230 1764 1370 1795 litoribus
1397 1764 1479 1794 enim
1507 1769 1539 1795 et

877 1826 947 1844 sara
976 1825 1042 1845 esse
1073 1820 1103 1844 et
1131 1825 1197 1844 ares
1219 1812 1402 1844 commorari
1427 1812 1539 1843 solent.

193 1764 267 1795 539.
284 1764 428 1805 Majestas
452 1767 592 1802 verenda,
608 1766 676 1807 ipsa
697 1765 809 1796 divim·-

150 1817 209 1849 tas,
225 1819 256 1843 et
278 1815 416 1853 imposuit
437 1813 632 1855 exquisitius,
649 1825 744 1855 quam
760 1817 810 1845 de—

150 1862 206 1892 dit.
220 1861 263 1893 ix.
273 1863 357 1892 268:
387 1862 444 1892 Ubi
466 1864 604 1893 mortales
632 1863 811 1904 Tirynthius

153 1911 249 1941 Exuit
280 1912 708 1954 artus—Coepit—uugusta
734 1914 811 1954 fieri

148 1963 302 2002 gravitate
313 1963 470 1992 verendus.
504 1962 620 1992 Nomen
635 1961 683 1998 iis,
700 1973 809 1993 secun-

151 2009 226 2040 dum
249 2010 487 2052 Apollodorum,
510 2021 528 2041 a
555 2010 660 2041 nautis
685 2011 811 2053 imposi-

149 2065 228 2097 tum,
244 2060 358 2102 quibus
382 2071 453 2091 cum
481 2066 669 2102 tempestate
689 2061 813 2091 luctan-

152 2109 235 2139 tibus
263 2119 355 2151 opem
381 2108 496 2139 ferunt.
542 2108 692 2139 Meminit
720 2109 812 2151 hujus

152 2157 230 2188 Deae
251 2157 319 2199 jam
341 2158 468 2189 Homer.
485 2157 548 2188 Od.
566 2161 602 2188 E.
619 2158 693 2189 333.
717 2169 786 2200 sqq.
802 2171 808 2188 z

152 2205 286 2248 Κάδμου
313 2205 475 2249 Θυγάτηρ,
493 2207 710 2249 καλλίσφυρος
724 2207 810 2244 Ἰνὼ,

148 2254 315 2295 Λευκοθέη,
327 2256 347 2294 ἣ
363 2257 445 2297 πρὶν
461 2256 520 2297 μὲν
536 2255 594 2295 ἔην
609 2256 738 2298 βροτὸς,
751 2262 811 2288 etc.

146 2305 346 2336 Leucotheen
369 2305 474 2336 Latini
491 2305 624 2336 Matrem
640 2306 805 2343 Matutam,

149 2354 331 2385 Palaemona
356 2354 529 2385 Portunum
549 2354 714 2386 dixerunt:
740 2355 806 2386 vid.

147 2403 358 2435 Munkersad
385 2404 503 2445 Hygin.
535 2404 598 2436 fab.
622 2404 657 2436 ii.
704 2405 807 2442 Caete-

146 2463 215 2484 rum
235 2453 315 2484 hanc
331 2452 407 2484 Inus
432 2453 734 2486 transformationem
756 2465 807 2485 ce-

149 2501 226 2533 cinit
240 2501 337 2533 etiam
351 2502 519 2534 Ramlerus
534 2503 671 2533 carmine
683 2503 809 2546 elegan-

149 2550 278 2582 tissimo.

191 2600 267 2631 542.
292 2600 420 2632 Sidoniae
446 2602 577 2636 comites,
604 2601 683 2641 etc.]
716 2601 808 2631 Hanc

148 2648 390 2690 appendiculam
412 2649 516 2681 caeten‘
541 2660 602 2680 non
626 2649 756 2685 habent,
779 2655 810 2680 et

150 2696 273 2739 adjecta
282 2697 406 2729 videtur
416 2699 456 2729 ab
470 2698 537 2741 ipso
549 2697 675 2730 Ovidio.
704 2699 810 2736 Quum

150 2751 182 2777 et
211 2743 340 2779 c'omites
370 2748 528 2780 mutandae
562 2754 677 2784 essent,
708 2745 811 2778 facilis

196 2795 298 2827 VOL.
313 2796 376 2828 III.

878 1863 1016 1899 Sidoniae,
1034 1874 1104 1893 mox
1125 1862 1294 1893 Ismenides.
1341 1862 1539 1901 Deplanrere,

878 1912 1009 1948 scilicet,
1026 1922 1058 1942 se
1079 1918 1202 1953 propter
1218 1913 1348 1942 domum.
1388 1911 1439 1941 Ita
1454 1910 1537 1952 apud

879 1962 1016 1998 Graecos,
1041 1961 1219 1997 τίλλεσθαι,
1243 1960 1429 1996 κόπτεσθαι,
1454 1959 1537 1991 τύπ-

879 2011 988 2042 τεσθαι
1013 2011 1098 2046 τινὰ,
1114 2020 1157 2045 se,
1178 2020 1234 2040 sua
1249 2014 1387 2051 pectora,
1410 2008 1539 2040 tundere

878 2066 1001 2101 propter
1039 2059 1186 2100 aliquem.
1224 2057 1328 2089 Tibul.
1358 2058 1384 2089 I.
1409 2057 1462 2088 vii.
1485 2059 1538 2089 28.

875 2110 1019 2150 plangere
1046 2109 1237 2147 Memphitem
1263 2109 1371 2143 bovem,
1392 2106 1445 2137 ubi
1466 2106 1538 2138 vide

879 2157 1052 2198 Heynium,
1079 2156 1112 2187 in
1137 2157 1213 2187 Obs.
1249 2155 1402 2186 Invidiam
1417 2155 1535 2198 fecere,

879 2206 1026 2237 conviciis
1049 2212 1080 2237 et
1105 2205 1371 2247 objurgationibus
1393 2204 1431 2235 de
1455 2205 1538 2236 fama

878 2257 945 2297 ejus
973 2255 1185 2291 detraxerunt,
1215 2253 1321 2284 odium
1350 2253 1378 2284 ei
1406 2253 1536 2284 concili—

877 2306 981 2335 arunt.

919 2355 992 2385 550.
1009 2354 1090 2384 Nam
1102 2365 1164 2393 quae
1177 2354 1337 2393 praecipue,
1353 2352 1430 2393 etc.]
1450 2353 1536 2389 Quo-

876 2404 961 2434 niam
996 2402 1028 2433 in
1066 2401 1149 2434 saxis
1184 2408 1288 2444 partes
1321 2401 1538 2434 memorabiles

877 2453 983 2489 nullae,
1009 2458 1045 2483 ut
1081 2451 1137 2482 has
1173 2462 1297 2493 quoque
1334 2450 1534 2482 transforma-

877 2501 975 2533 tiones
995 2512 1066 2532 cum
1088 2500 1238 2531 varietate
1263 2500 1370 2542 aliqua
1393 2506 1424 2531 et
1448 2501 1537 2542 copia

876 2550 988 2582 referre
1017 2556 1132 2593 posset,
1158 2556 1258 2592 gestus
1283 2549 1419 2579 diversos
1449 2555 1536 2580 nota-

876 2600 931 2637 vit,
968 2600 1001 2630 in
1027 2599 1140 2641 quibus
1178 2598 1306 2629 comites
1335 2597 1535 2639 deprehensae

876 2649 960 2688 sint3
986 2649 1018 2681 in
1044 2660 1105 2691 quo
1129 2654 1161 2680 et
1198 2648 1267 2690 ipso
1294 2647 1453 2689 ingenium
1481 2657 1535 2678 an-

877 2697 1017 2740 tiquioris
1045 2702 1196 2739 sequutus
1221 2702 1281 2729 est.
1327 2695 1409 2728 Vide
1440 2695 1480 2727 ad
1505 2707 1536 2728 v.

880 2748 951 2778 182.

1006 2796 1035 2826 K
1052 2796 1071 2826 k
