1763 3181
206 159 292 202 482
594 158 644 198 P.
677 155 889 198 OVIDII
923 155 1202 197 NASONIS

207 274 367 321 Lutea
390 288 534 320 mane
560 272 694 317 videt
718 270 873 333 pulsis
899 269 1090 316 Aurora
1113 271 1348 326 tenebris,

208 349 526 410 Invitumque
552 346 708 409 rapit:
751 346 898 392 liceat
923 344 1042 391 mihi
1067 362 1181 392 vera
1206 345 1384 393 referre

206 425 341 472 Pace
368 424 505 478 Deae,
534 422 666 485 quod
693 421 757 467 sit
783 436 922 467 roseo
948 421 1236 483 spectabilis
1262 438 1361 477 ore,

209 500 357 555 Quod
381 506 550 547 teneat
572 497 715 551 lucis,
743 504 910 543 teneat
934 496 1147 542 confinia
1168 498 1345 552 noctis,

211 576 472 624 Nectareis
489 575 622 637 quod
639 575 797 621 alatur
816 572 982 634 aquis:
1012 588 1104 634 ego
1122 573 1326 619 Procrin
1344 575 1593 627 amabam:

209 652 424 700 Pectore
450 651 646 698 Procris
673 657 794 704 erat,
815 648 1013 695 Procris
1040 649 1159 695 mihi
1185 666 1380 713 semper
1406 650 1453 696 in
1478 666 1577 697 ore.

213 729 366 776 Sacra
383 728 492 783 tori,
514 727 777 788 coitusque
797 740 964 780 nOVOS,
988 725 1335 787 thalamosque
1356 733 1597 780 recentes,

212 805 480 867 Primaque
505 803 690 850 deserti
716 802 989 849 referebam
1014 801 1200 848 foedera
1223 802 1354 848 lecti.
1505 805 1601 848 710

213 881 355 928 Mota
381 881 490 927 Dea
510 888 612 936 est;
654 886 720 935 et,
751 885 779 903 “
804 879 925 925 siste
950 884 1079 934 tuas,
1107 878 1314 939 ingrate,
1342 878 1597 940 querelas:

213 957 419 1004 Procrin
444 956 620 1011 habes
642 955 797 1002 dixit:
840 960 870 977 ‘⁸'
893 954 1028 1017 quod
1050 953 1090 1000 si
1112 969 1222 1000 mea
1241 953 1444 1017 provida
1463 970 1600 1000 mens

214 1032 329 1081 Non
345 1032 580 1080 habuisse
594 1032 728 1079 voles
748 1031 791 1078 :’'
818 1047 1000 1093 meque
1016 1030 1085 1076 illi
1102 1031 1226 1077 irata
1240 1031 1444 1077 remisit.
1487 1032 1599 1092 [est,

214 1109 347 1156 Dum
372 1110 536 1164 redeo,
563 1123 862 1170 mecumque
889 1106 1011 1154 Deae
1036 1114 1308 1154 memorata
1332 1113 1560 1161 retracto,

215 1184 342 1233 Esse
367 1191 529 1232 metus
554 1184 720 1247 coepit,
748 1199 810 1230 ne
831 1184 944 1246 jura
963 1183 1152 1245 jugalia
1176 1184 1359 1246 conjux
1508 1186 1603 1230 715

216 1261 331 1309 Non
356 1262 483 1309 bene
509 1262 786 1317 servassem
826 1259 1080 1322 faciesque
1105 1267 1326 1322 aetasque
1345 1260 1558 1322 jubebat

217 1337 434 1385 Credere
461 1337 785 1393 adulterium3
827 1336 1158 1400 prohibebant
1181 1337 1383 1383 credere
1402 1352 1579 1383 mores.

219 1414 321 1461 Sed
352 1422 519 1462 tamen
553 1413 835 1461 abfueram:
876 1413 965 1460 sed
998 1420 1048 1460 et
1079 1413 1186 1460 haec
1220 1419 1340 1468 erat,
1367 1412 1499 1459 unde
1531 1428 1604 1459 re-

415 1490 599 1544 dibam,

219 1571 338 1601 Gaude.
373 1570 534 1612 Hyginus:
554 1571 630 1600 Cum
646 1572 795 1600 matutino
808 1576 878 1600 tem·
989 1572 1064 1601 710.
1091 1570 1216 1602 Foedera
1233 1571 1302 1600 lecti
1317 1575 1388 1600 sunt
1410 1569 1606 1601 concubitus.

216 1631 285 1659 pore
299 1621 332 1649 in
348 1626 471 1651 montem
486 1622 601 1654 elissa,
616 1620 747 1655 Aurora,
761 1618 881 1649 Tithoni
947 1619 1016 1649 Art.
1041 1619 1148 1650 Amat.
1173 1619 1206 1649 ii.
1229 1619 1302 1649 462.
1312 1618 1419 1659 foedus
1439 1620 1610 1649 concubitus

218 1670 337 1708 conjux,
346 1679 411 1698 eum
421 1670 574 1699 adamavit
583 1670 715 1708 petitque
724 1670 761 1698 ab
772 1678 803 1697 eo
813 1679 881 1698 con-
948 1674 1053 1710 petere
1065 1680 1073 1707 ;
1097 1673 1128 1698 et
1150 1667 1193 1699 iii.
1209 1669 1285 1698 593.
1302 1669 1424 1697 ¹rivalem
1439 1669 1610 1708 partitaque

1501 426 1594 468 705

218 1719 374 1747 cubitum.-
397 1721 448 1748 cui
474 1718 622 1757 Cephalus
647 1719 779 1758 negavit,
805 1719 882 1756 quod

222 1766 330 1796 Procri
331 1767 427 1806 fidem
439 1767 561 1796 dederat
570 1777 581 1802 ,·
598 1765 680 1807 quod
692 1771 883 1807 postremum

219 1814 380 1856 Cephalus
396 1825 466 1845 mox
482 1813 604 1856 copiose
620 1820 652 1845 et
664 1814 798 1845 suaviter
814 1824 883 1854 per-

220 1863 370 1905 sequitur,
385 1864 544 1905 praefatus,
557 1869 592 1894 ut
605 1863 699 1894 fidem
714 1873 803 1893 suam
819 1873 884 1893 am-

220 1911 384 1953 plificaret,
413 1912 562 1942 nonnulla
594 1912 633 1942 de
661 1911 787 1941 Aurorae
814 1910 883 1952 pul-

220 1959 408 1991 chritudine.
451 1960 547 2001 Apud
562 1957 801 2001 Apollodorum,
817 1959 881 1989 ΙΙΙ.

221 2008 284 2039 xiv.
299 2011 330 2040 3.
345 2009 424 2040 alius
442 2010 601 2048 Cephalus,
618 2020 636 2039 a
658 2015 760 2040 nostro
781 2009 884 2040 diver-

221 2068 284 2094 sus,
300 2058 449 2088 Mercurii
469 2062 500 2088 et
523 2059 639 2089 Herses
656 2057 748 2093 filius,
763 2060 884 2098 rapitur

222 2106 262 2137 ab
278 2105 411 2137 Aurora.

266 2155 339 2185 704.
363 2155 469 2185 Liceat
495 2155 580 2191 mihi,
604 2153 681 2194 etc.]
730 2153 817 2185 Licet
845 2154 885 2185 sit

223 2203 294 2233 Dea
316 2208 347 2233 et
372 2202 591 2244 pulcherrima,
616 2207 647 2233 et
669 2202 885 2244 potentissima

222 2256 254 2282 et
289 2250 470 2282 suavissime
503 2251 622 2287 vivens,
658 2260 727 2291 quae
762 2250 887 2291 singula

223 2299 319 2330 alium
353 2299 538 2330 movissent:
579 2299 618 2330 ad
653 2299 886 2331 multitudinem

222 2358 322 2379 rerum
360 2347 506 2378 lectorem
546 2347 681 2378 advertit
718 2348 885 2389 repetitum

223 2398 310 2436 qiiod.
358 2396 496 2436 Confinia
510 2397 584 2427 lucis
598 2409 606 2426 :
630 2396 736 2427 confer
752 2397 794 2428 iv.
809 2397 886 2428 399.

226 2445 380 2475 Nectareae
391 2455 484 2484 aquae,
497 2451 613 2481 nectar,
627 2444 714 2481 ut‚ii.
729 2446 799 2475 120.
815 2446 886 2475 Am-

225 2495 323 2524 brosiae
338 2504 452 2523 succus.
497 2493 554 2523 Vis
575 2499 623 2524 est
637 2493 669 2523 in
687 2493 818 2534 repetito
834 2504 888 2524 no-

225 2542 308 2572 mine
335 2542 466 2571 Procris.
511 2541 560 2572 Sic
585 2541 746 2582 Virgilius,
771 2542 889 2582 Georg-

224 2590 268 2621 iv.
283 2590 345 2620 465
361 2600 447 2631 sqq.:
475 2590 525 2626 Te,
539 2592 638 2621 (lalcis
653 2592 773 2630 conjux,
793 2597 819 2621 te
832 2592 890 2621 solo

228 2641 260 2669 in
277 2640 362 2669 litore
373 2649 480 2674 secum,
499 2638 538 2669 Te
557 2640 691 2670 veniente
712 2640 772 2675 die,
791 2646 818 2670 te
838 2641 886 2670 de-

227 2689 347 2718 cedente
362 2688 495 2718 canebat.

939 1718 1063 1759 jadera
1089 1719 1180 1754 lecti‚·
1215 1715 1345 1747 Heroid.
1369 1716 1390 1747 i.
1418 1717 1449 1746 7.
1476 1719 1611 1747 temerati.

940 1767 1063 1808 sa‘dera
1083 1768 1174 1803 lecti5
1199 1765 1306 1796 Sabin.
1328 1765 1349 1796 i.
1369 1766 1443 1795 131.
1462 1765 1539 1801 dies,
1560 1767 1611 1805 qui

951 1821 1070 1844 renovet
1081 1814 1205 1856 Jirdera
1231 1816 1322 1850 [θεῆς
1346 1823 1450 1854 supra,
1472 1813 1516 1844 iii.
1538 1814 1612 1844 292.

955 1863 1074 1893 Veneris
1085 1863 1192 1903 sadus
1207 1864 1295 1893 inire.
1339 1863 1417 1892 Mox
1433 1872 1495 1892 non
1515 1872 1612 1904 appa-

950 1916 1008 1947 ret,
1024 1922 1078 1942 cur
1102 1914 1257 1952 ingratum
1281 1909 1406 1941 dixerit.
1452 1909 1611 1947 Heinsius,

950 1970 987 1991 ex
1018 1960 1222 1995 Bononiensi,
1246 1959 1355 1990 laudat
1379 1962 1495 2000 ignare,
1517 1959 1613 2001 idque

951 2009 1099 2051 explicat,
1124 2019 1244 2039 morum
1273 2007 1377 2039 uxoris
1406 2014 1467 2038 tuae
1494 2008 1613 2049 ignare.

951 2057 1055 2087 Possis
1081 2063 1113 2088 et
1136 2057 1341 2098 interpretari,
1365 2056 1516 2091 nesciens,
1538 2056 1613 2098 quid

952 2105 1007 2136 tibi
1023 2106 1129 2147 prosit,
1147 2111 1213 2141 aut,
1232 2105 1288 2135 tibi
1307 2105 1411 2142 instet,
1427 2110 1461 2136 ut
1476 2105 1510 2136 ii.
1531 2106 1591 2136 100
1605 2118 1611 2135 :

951 2154 1009 2184 hoc
1036 2155 1115 2184 bene
1144 2153 1289 2184 convenit
1317 2165 1387 2195 sqq.
1442 2154 1527 2184 Habe
1553 2165 1611 2185 vox

951 2213 1066 2239 eorum,
1094 2202 1147 2244 qui
1166 2202 1330 2239 indicant,
1360 2214 1392 2234 se
1429 2203 1512 2234 nolle
1547 2214 1612 2234 rem

953 2251 1070 2293 eripere
1093 2252 1194 2282 alteri.
1240 2251 1335 2293 Apud
1358 2251 1532 2293 Hyginum,
1556 2251 1614 2282 mi-

954 2312 1012 2331 nus
1033 2300 1178 2342 ambigue
1195 2301 1336 2331 Aurora:
1366 2301 1452 2337 Nolo,
1467 2308 1503 2331 ut
1513 2301 1615 2342 sallas

944 2350 1051 2389 fidem,
1069 2351 1125 2379 nisi
1147 2350 1202 2379 illa
1219 2352 1304 2388 prior
1316 2349 1485 2390 fefellerit.
1529 2350 1615 2384 Quod

952 2399 977 2427 si
997 2409 1072 2433 mea,
1090 2403 1152 2428 etc.
1195 2397 1257 2428 Sed
1277 2397 1313 2433 si,
1330 2398 1443 2438 inquit,
1458 2398 1615 2439 praevideo

954 2446 1068 2480 futura.
1084 2445 1192 2487 cupies
1205 2456 1365 2486 nunquam
1380 2445 1524 2477 habuisse
1539 2447 1613 2477 Pro-

955 2495 1032 2526 crin.

999 2544 1072 2574 714.
1098 2543 1251 2579 Retracto,
1267 2553 1389 2574 mecum
1405 2543 1517 2584 cogito,
1531 2549 1563 2574 ut
1574 2544 1615 2575 iv.

957 2593 1030 2622 568.
1075 2592 1166 2627 Jara,
1181 2592 1294 2622 officia.

999 2641 1072 2670 718.
1098 2640 1275 2680 δρᾶ-κώ]
1313 2640 1448 2681 Elegans
1464 2640 1615 2682 hujusvo-

956 2688 1001 2719 cis
1026 2688 1177 2730 repetitio,
1193 2695 1224 2719 et
1246 2699 1284 2719 ea
1299 2699 1357 2719 vox
1384 2699 1465 2719 nuuc
1489 2695 1533 2719 est
1557 2688 1615 2719 cri-
