1763 3181
236 203 321 245 170

625 203 676 244 P.
711 203 923 246 OVIDII
957 202 1236 245 NASONIS

239 317 442 381 Excipit
469 315 730 373 Eridanus,
757 318 1096 382 fumantiaque
1121 318 1277 366 abluit
1299 334 1399 366 ora.

305 395 493 442 Naides
520 393 779 457 Hesperiae
803 395 966 442 trifida
989 395 1231 442 fumantia
1254 395 1454 442 flamma

1521 398 1616 442 325

238 471 462 535 Corpora
507 471 627 518 dant
668 471 875 528 tumulo,
920 471 1223 535 signantque
1263 472 1358 518 hoc
1403 471 1618 519 carmine

435 564 611 595 SflXUm
630 565 639 595 ἰ

237 630 268 648 “
295 624 392 672 Hic
419 626 543 673 situs
568 632 646 673 est
670 624 948 683 Phaethon,
976 642 1146 673 currus
1172 625 1342 687 auriga
1365 624 1584 688 paterni3

237 701 400 756 Quem
425 702 466 748 si
491 719 589 749 non
613 702 788 758 tenuit,
817 703 1009 766 magnis
1032 710 1199 750 tamen
1224 702 1412 750 excidit
1436 700 1619 748 ausis.’'

237 778 368 826 Nam
394 788 535 842 pater
559 779 802 826 obductos
827 780 965 827 luctu
990 779 1286 827 miserabilis
1312 795 1442 842 aegro

238 855 546 903 Condiderat
568 856 765 913 vultus3
807 863 872 913 et,
902 857 941 903 si
968 857 1116 904 modo
1142 856 1405 911 credimus,
1432 870 1587 901 unum

236 932 344 980 Isse
369 934 498 982 diem
525 933 632 981 sine
661 935 778 981 Sole
798 933 991 982 ferunt:
1032 933 1263 981 incendia
1286 933 1453 979 lumen
1522 934 1614 978 331

235 1009 567 1068 Praebebant3
607 1010 891 1074 aliquisque
917 1012 1046 1058 malo
1066 1010 1160 1057 fuit
1185 1027 1303 1056 usus
1328 1010 1377 1056 in
1403 1010 1501 1056 illo.

234 1086 302 1134 At
328 1087 589 1151 Clymene,
611 1094 880 1151 postquam
905 1087 1033 1135 dixit
1058 1103 1373 1150 quaecunque
1397 1086 1594 1134 fuerunt

237 1164 295 1211 In
320 1165 470 1212 tantis
495 1165 708 1213 dicenda
731 1165 891 1222 malis,
914 1165 1154 1229 lugubris,
1182 1172 1232 1212 et
1256 1180 1443 1219 amens,

276 1332 352 1361 324.
379 1331 529 1372 Excipit]
578 1331 684 1373 Longe
714 1331 830 1374 quippe
856 1334 895 1364 ab

235 1379 397 1422 AEthiopia
413 1380 508 1411 distat
520 1380 694 1412 Eridanus:
712 1381 812 1413 Ἐνθα
825 1382 895 1414 ποτ’

235 1429 422 1461 αἰθαλόεντι
449 1431 564 1468 τυπεὶς
593 1432 678 1472 πρὸς
704 1431 823 1473 στέρνα
847 1435 895 1464 κε’-

234 1480 355 1522 ραυιιῷ,
377 1478 536 1521 Ἡμιδαὴς
563 1479 696 1512 Φαέθων
718 1480 820 1513 πέσεν
839 1483 896 1524 ἅρ-

233 1542 335 1571 ματος
369 1528 520 1561 Ἠελίοιο.
565 1530 715 1572 Apollon.
745 1530 787 1562 iv.
816 1531 895 1573 Arg.

236 1580 299 1610 Ora
335 1581 443 1615 abluit,
480 1585 516 1609 ut
552 1579 636 1621 apud
673 1580 896 1617 Claudianum,

234 1627 343 1659 xxviii.
369 1629 451 1666 1663
474 1628 528 1659 ubi
552 1627 708 1659 Eridanus
734 1629 819 1670 palla
843 1641 896 1660 ve-

233 1677 328 1714 latus,
344 1677 394 1708 cui
421 1677 584 1709 Phaethon
606 1678 754 1715 intextus,
771 1681 898 1710 vulnera

235 1726 309 1756 Iuvit
325 1727 439 1756 anheli.

277 1776 460 1806 325—366.
487 1776 601 1807 Naides
628 1776 789 1816 Hesperioe,
815 1777 894 1818 etc.]

235 1824 374 1855 Ultimus
410 1830 511 1859 actus,
545 1825 597 1866 qui
635 1826 898 1868 metamorphosin

235 1873 384 1909 continet,
397 1879 522 1915 propter
534 1884 628 1915 quam
639 1874 738 1905 omnis
748 1874 786 1905 de
797 1875 898 1907 Phae-

234 1922 340 1953 thonte
357 1923 419 1953 fab.
434 1929 569 1954 narrata.
607 1924 721 1954 Naides
737 1924 898 1964 Hesper-ite,

234 1972 380 2013 nymphae
403 1972 542 2003 Italicae:
578 1973 650 2003 vide
676 1973 715 2003 ad
740 1984 807 2004 ver.
823 1975 898 2005 258.

238 2021 354 2062 T¹'ffida
373 2022 516 2063 flamma.
555 2021 712 2057 Fulmine,
742 2023 825 2063 quod
853 2023 898 2055 ita

233 2069 434 2113 pingebatur.
482 2071 526 2102 Ut
550 2071 633 2102 enim
664 2071 780 2102 tridens
806 2073 895 2114 Nep-

234 2125 320 2156 tuno,
344 2120 388 2151 sic
414 2120 552 2151 trifidum
573 2121 690 2151 fulmen
718 2121 897 2153 attribuitur

235 2170 317 2201 Jovi.
362 2170 390 2200 A
407 2169 522 2211 triplici
541 2175 694 2211 potestate
716 2170 759 2200 sic
776 2171 896 2201 dictum

234 2219 358 2249 volunt:
376 2219 446 2250 ferit
461 2218 555 2256 enim,
571 2225 725 2260 penetrat,
736 2225 767 2251 et
783 2220 895 2251 adurit.

238 2267 394 2304 Tumulus,
421 2271 528 2309 χῶμα,
557 2273 640 2299 terra
668 2273 821 2304 extructa,
845 2269 895 2300 cui

235 2329 369 2356 corpora,
390 2328 469 2354 ossa„
487 2320 604 2348 dantur
623 2323 676 2348 aut
700 2317 896 2350 mandantur.

236 2366 356 2403 Surum,
372 2366 474 2403 λιθὸς,
491 2366 611 2405 στήλη,
628 2366 775 2397 columna
790 2368 895 2408 sepul-

235 2416 337 2452 cralis,
367 2415 487 2458 cippus.
543 2416 693 2452 Carmine,
721 2415 895 2458 ἐπιγραφῆ,

233 2464 343 2503 titulo;
367 2475 438 2495 nam
462 2476 594 2499 carmen,
620 2475 816 2506 quaecunque
837 2466 895 2496 for-

235 2514 322 2545 mula
338 2515 511 2545 verborum.
549 2515 690 2556 Signum,
703 2515 896 2557 insculpunt,

234 2564 364 2594 verbum
401 2563 558 2605 proprium
587 2561 618 2593 in
651 2563 708 2594 hac
736 2574 787 2594 re:
824 2564 895 2595 vide

235 2611 411 2643 Heinsium.
468 2612 562 2643 Tales
601 2618 706 2642 autem
741 2612 895 2654 inscripti-

235 2672 310 2692 ones
330 2661 432 2703 prisca
452 2660 508 2691 illa
529 2667 604 2692 aetas
624 2660 787 2702 ignoravit.
831 2661 896 2692 Ini-

236 2709 313 2740 tium
349 2710 476 2740 solenne
512 2709 690 2751 hujusmodi
720 2709 893 2747 titulorum,

239 2759 300 2789 Hic
314 2761 388 2789 situs
402 2765 454 2795 est,
471 2765 525 2789 aut
540 2759 692 2798 hicjacet.
740 2760 798 2789 Siti
814 2760 895 2790 enim

963 1331 1097 1375 proprie,
1108 1331 1234 1363 conditi.
1251 1330 1320 1362 Cic.
1331 1331 1430 1371 Legg.
1439 1328 1471 1360 ii.
1481 1329 1533 1359 22.
1557 1328 1623 1359 No-

963 1381 1039 1412 mini
1068 1382 1100 1412 in
1129 1381 1228 1412 titulis
1257 1380 1391 1411 breviter
1423 1378 1624 1409 ascribeban-

963 1437 1012 1462 tur
1028 1442 1075 1462 res
1089 1437 1197 1473 gestae.
1238 1430 1360 1466 Tenuit,
1374 1427 1519 1464 obtinuit,
1530 1427 1622 1463 tueri,

964 1490 1068 1520 regere
1099 1479 1222 1521 potuit3
1261 1488 1376 1519 magna
1404 1483 1509 1508 tamen
1537 1481 1626 1507 erant

964 1538 1050 1564 ausa,
1066 1527 1179 1569 quibus
1195 1526 1321 1558 excidit.
1357 1527 1435 1558 Haec
1451 1525 1518 1568 ipsa
1529 1525 1626 1555 verba

964 1580 1172 1618 quem—ausis
1214 1577 1254 1607 ad
1290 1576 1413 1606 virtutis
1453 1574 1624 1606 studiosum

965 1627 1125 1658 transtulit
1150 1628 1283 1662 Seneca,
1308 1625 1347 1656 de
1367 1625 1444 1656 Vita
1467 1624 1578 1659 Beata,
1594 1633 1624 1654 c.

965 1676 1029 1707 xxi.
1046 1677 1096 1707 Cf.
1112 1677 1205 1707 etiam
1222 1676 1260 1706 de
1277 1675 1368 1706 Prov.
1384 1677 1414 1706 5.
1429 1679 1509 1705 extr.
1525 1672 1626 1704 Aliter

966 1731 1070 1757 autem
1079 1724 1234 1768 judicavit
1246 1725 1355 1756 Horat.
1365 1724 1425 1756 IV.
1437 1723 1499 1755 Od.
1510 1723 1552 1754 xi.
1563 1724 1604 1754 25
1616 1735 1622 1752 :

968 1776 1073 1807 Terret
1087 1778 1238 1806 ambustus
1255 1775 1409 1805 Phaethon
1424 1784 1532 1804 avaras
1541 1784 1613 1813 spes.

1009 1827 1083 1857 329.
1108 1825 1216 1866 Nam]
1265 1824 1407 1861 Librarii,
1423 1823 1476 1865 qui
1494 1822 1573 1853 Nam
1592 1823 1625 1853 in

966 1876 1008 1905 Ac
1044 1874 1217 1910 mutarunt,
1248 1873 1442 1915 ignorabant,
1477 1884 1547 1902 nam
1581 1871 1625 1902 sic

965 1924 1050 1966 poni,
1068 1929 1103 1955 ut
1122 1922 1421 1964 subintelligendum
1437 1921 1478 1953 sit
1495 1921 1625 1963 aliquid,

965 1973 1063 2005 veluti
1087 1973 1119 2004 h.
1130 1974 1150 2004 l.
1167 1979 1255 2015 pater
1275 1972 1403 2015 quIdem
1419 1972 1536 2007 aberat,
1552 1981 1625 2002 nam

965 2024 1002 2060 is,
1018 2029 1079 2054 etc.
1102 2022 1153 2053 Sic
1168 2030 1199 2053 et
1214 2022 1255 2053 vi.
1270 2023 1345 2052 271.
1392 2021 1544 2052 obducere
1558 2021 1626 2052 vul-

965 2078 1041 2108 tum,
1067 2072 1106 2103 ad
1134 2082 1297 2103 moerorem
1324 2081 1527 2113 componere:
1563 2071 1626 2102 Ca-

963 2123 1052 2153 saub.
1068 2121 1108 2152 ad
1124 2123 1254 2152 Sueton.
1269 2121 1340 2152 Tib.
1355 2121 1408 2152 68.
1450 2121 1555 2162 AEger,
1571 2120 1625 2162 qui

963 2181 1034 2202 eum
1059 2171 1210 2202 reddebat
1232 2181 1360 2212 aegrum,
1386 2175 1420 2201 ut
1444 2181 1521 2212 oeger
1541 2181 1626 2201 amor

964 2220 1053 2261 Virg.
1074 2221 1190 2261 Georg.
1214 2219 1256 2250 iv.
1278 2220 1351 2250 464.
1396 2219 1466 2255 Isse,
1488 2218 1624 2255 fluxisse,

964 2270 1196 2311 praeterlapsum
1219 2279 1299 2300 esse.
1354 2269 1543 2309 Aliquisque,
1559 2274 1622 2299 etc.

965 2318 1182 2360 ineptissimus
1192 2318 1291 2359 jocuS.
1318 2318 1433 2348 Parum
1443 2327 1524 2347 sanae
1538 2327 1624 2348 men-

964 2367 1002 2398 tis
1017 2373 1064 2398 est
1083 2366 1116 2396 in
1138 2366 1245 2397 mundi
1267 2366 1392 2396 interitu
1412 2365 1532 2407 jocari:
1556 2377 1625 2397 usus

963 2418 997 2446 in
1022 2417 1085 2452 illo,
1101 2420 1134 2446 ut
1158 2415 1222 2446 xiv.
1239 2415 1313 2446 268.
1328 2426 1399 2446 usus
1422 2417 1453 2445 in
1465 2415 1569 2456 folio;
1594 2427 1624 2446 x.

964 2466 1038 2496 213.
1054 2467 1133 2496 calor
1149 2467 1180 2495 in
1196 2466 1270 2495 illis.

1007 2515 1080 2545 334.
1100 2515 1263 2556 Lugubris,
1279 2518 1382 2544 vestes
1398 2514 1543 2554 lugubres
1557 2513 1623 2545 sive

964 2568 1046 2593 atras
1066 2563 1188 2597 induta,
1206 2563 1281 2593 forte
1297 2569 1328 2592 et
1342 2561 1469 2592 resectis
1489 2562 1623 2593 tonsisve

963 2612 1098 2653 capillis.
1146 2612 1279 2642 Laniare
1298 2621 1391 2652 grave
1414 2612 1553 2647 verbum,
1569 2611 1623 2643 sed

963 2669 1070 2703 aptum
1096 2661 1195 2692 luctui
1219 2660 1369 2692 acerbiori
1393 2660 1622 2702 antiquissimo-

963 2722 1030 2742 rum
1052 2718 1083 2742 et
1110 2710 1231 2741 rudium
1257 2710 1358 2741 adhuc
1383 2710 1551 2746 hominum,
1567 2710 1623 2752 qui

963 2760 1120 2802 unguibus
1142 2760 1220 2791 adeo
1240 2770 1293 2791 ora
1314 2765 1345 2790 et
1363 2764 1490 2801 pectora
1510 2758 1622 2800 palmis
