1729 3207
368 211 989 255 METAMORPHOSEON
1022 212 1142 254 LIB.
1174 211 1215 254 I.
1427 215 1486 257 73

109 330 299 394 Sponte
323 345 428 385 sua,
455 328 562 376 sine
584 328 712 391 lege,
739 328 889 376 fidem
914 334 1206 391 rectumque
1232 328 1444 376 colebat.

106 407 263 454 Poena
285 412 550 469 metusque
575 406 781 453 aberant
800 423 811 462 ;
851 421 943 452 nec
966 406 1118 452 verba
1138 405 1349 452 minacia
1372 405 1474 452 fixo

107 483 222 531 AEre
245 483 566 546 legebantur3
606 497 698 529 nec
725 481 938 545 supplex
963 482 1109 528 turba
1131 481 1376 535 timebant

104 560 135 607 J
139 559 298 607 udicis
322 575 407 608 ora
431 559 534 607 sui:
575 559 664 607 sed
689 566 829 606 erant
853 558 959 606 sine
979 559 1150 622 judice
1174 561 1287 606 tuti.

106 637 342 685 Nondum
365 652 496 685 caesa
519 637 637 692 suis,
665 636 980 700 peregrinum
1004 643 1066 683 ⁴ut
1087 638 1270 684 viseret
1300 638 1488 693 orbem,

107 714 382 771 Montibus,
408 714 458 761 in
480 714 695 777 liquidas
720 714 867 779 pinus
893 714 1223 762 descenderat
1247 715 1434 772 undas3

106 791 361 855 Nullaque
385 792 636 848 mortales,
664 798 846 856 praeter
872 807 976 847 sua,
1003 791 1149 838 litora
1172 798 1364 838 norant.
1426 794 1489 838 96

107 868 342 917 Nondum
367 869 649 934 praecipites
675 869 946 933 cingebant
970 868 1157 933 oppida
1180 868 1353 917 fossae:

108 945 222 994 Non
245 947 367 994 tuba
390 945 582 1003 directi,
610 963 708 993 non
732 946 841 994 aeris
867 962 1053 994 cornua
1071 946 1206 1004 flexi,

107 1103 146 1134 Id
168 1109 273 1134 autem
293 1102 368 1134 dum
382 1104 496 1135 Noster
516 1103 611 1136 latius
632 1110 765 1135 tractare

105 1152 216 1189 voluit,
239 1152 352 1196 ineptae
372 1154 564 1195 garrulitatis
586 1153 765 1196 exemplum

104 1202 202 1234 dedit.
232 1203 330 1233 Erant
342 1203 483 1235 homines
494 1204 559 1234 sine
572 1204 693 1245 legibus
705 1214 766 1234 non

105 1252 286 1283 metuebant
308 1263 435 1294 poenam
457 1252 573 1294 legum,
597 1263 659 1284 non
680 1253 766 1294 lege-

105 1301 181 1331 bant
189 1301 276 1343 leges
285 1301 467 1344 propositas,
475 1309 564 1334 erant
574 1302 640 1334 sine
646 1302 765 1344 judice,

106 1360 168 1381 non
179 1351 363 1382 mutuebant
368 1351 520 1393 judicem,
531 1351 586 1383 sed
597 1357 685 1383 erant
700 1351 767 1383 sine

104 1398 213 1441 judice
239 1399 310 1431 tuti.
361 1400 430 1431 Hoc
458 1411 531 1432 vero
556 1406 603 1432 est
630 1400 764 1442 garrire!

105 1449 264 1481 Caeterum
306 1449 447 1481 similiter
488 1450 767 1482 vetustissimorum

106 1497 265 1530 hominum
293 1510 393 1531 mores
422 1505 510 1531 notat
536 1499 678 1536 Tacitus,
701 1499 768 1531 An-

108 1547 170 1578 nal.
185 1547 240 1579 lib.
253 1547 299 1579 iii.
314 1549 366 1580 26.

139 1598 192 1628 91.
202 1598 236 1628 N
234 1609 266 1628 ec
272 1598 607 1640 verba—legebantur]
617 1598 767 1630 Nondum

106 1645 193 1688 leges
201 1646 274 1677 latae
287 1654 385 1679 erant.
406 1649 503 1679 Erant
514 1659 585 1690 ergo
594 1647 767 1689 ἀθέμιστοι,

106 1701 142 1727 ut
165 1696 318 1739 Cyclopes
346 1697 431 1740 apud
455 1699 584 1729 Homer.
599 1697 630 1729 d.
652 1698 675 1728 l.
717 1698 767 1729 Cf.

107 1744 230 1776 Platon.
254 1745 292 1776 de
314 1746 411 1788 Legg.
428 1746 474 1777 iii.
492 1747 560 1778 init.
584 1752 616 1778 et
639 1746 767 1778 Aristot.

109 1795 193 1837 Rep.
209 1794 232 1826 i.
248 1797 279 1826 2.
302 1795 401 1838 Leges
412 1802 504 1827 vocat
514 1795 626 1836 (etiam
642 1808 671 1828 v.
687 1796 767 1837 669)

106 1847 194 1877 verba
213 1849 356 1883 minacia,
374 1846 448 1888 quia
465 1857 576 1889 poenas
599 1846 766 1879 minantur.

107 1895 167 1926 Hae
189 1894 272 1937 apud
296 1896 457 1927 Romanos
482 1896 514 1926 in
538 1898 624 1927 aenez's
651 1896 767 1927 tabulis

107 1943 213 1975 incisae
225 1944 258 1975 in
274 1944 441 1987 Capitolio,
458 1950 513 1976 aut
528 1945 590 1976 alio
603 1945 671 1976 loco
687 1946 767 1987 pub-

106 1992 176 2029 lico,
181 1994 370 2035 figebantur,
383 2004 436 2025 seu
457 1994 672 2035 affigebantur,
685 1995 769 2026 unde

97 2043 198 2085 figere
213 2044 288 2085 leges
302 2049 334 2075 et
347 2044 482 2086 refigere,
499 2054 552 2086 pro
574 2044 651 2075 ferre
667 2050 699 2075 et
713 2045 768 2075 ab-

107 2103 225 2134 rogare,
238 2099 274 2124 ut
288 2094 328 2124 ab
343 2093 486 2125 omnibus
503 2095 685 2136 legerentur.

150 2142 202 2173 92.
226 2142 354 2182 Supplex
373 2144 463 2173 turba
485 2148 557 2174 sunt
579 2143 634 2179 rei,
649 2152 770 2173 eorum-

109 2202 170 2233 que
182 2191 285 2228 amici‚
299 2191 353 2234 qui
365 2192 515 2223 sordidati
530 2198 561 2223 et
574 2192 680 2223 moesti
695 2203 770 2223 cau-

110 2251 175 2271 sam
189 2251 276 2271 suam
293 2240 476 2272 defendunt.
520 2241 649 2281 Simplex
669 2242 769 2277 turba,

111 2289 194 2331 quod
210 2290 288 2321 Cod.
303 2290 422 2321 Douzae
441 2296 474 2322 et
493 2290 632 2333 quinque
648 2291 770 2322 Heinsii

109 2339 268 2376 exhibent,
279 2340 476 2371 Burmannus
492 2340 595 2383 aptius
606 2340 771 2382 judicabat

109 2394 141 2420 et
163 2389 396 2420 convenientius
419 2389 590 2432 integritati
614 2390 700 2421 aurei
721 2401 769 2421 se—

110 2437 184 2469 culi.
227 2438 272 2469 At
284 2438 310 2470 si
324 2438 551 2481 hoc-praeferas,
565 2439 662 2481 major
676 2439 770 2470 etiam

109 2486 168 2516 erit
188 2485 360 2528 tautologia
381 2487 446 2524 illa,
463 2499 557 2529 quam
576 2488 609 2519 in
629 2488 709 2519 notis
726 2488 769 2519 vi-

110 2535 331 2577 tuperavimus.
376 2537 467 2568 Male
497 2539 591 2569 etiam
616 2543 693 2569 aetas
715 2537 772 2568 illa

112 2586 200 2615 turba
214 2594 388 2617 vocaretur.

154 2634 206 2664 93.
244 2633 314 2664 Sine
335 2634 474 2675 judica]
513 2634 579 2666 Diu
615 2634 768 2672 dubitavi,

111 2686 214 2713 utrum
228 2684 290 2713 sine
305 2685 433 2720 vindice,
449 2693 489 2714 an
503 2686 565 2714 sine
569 2685 678 2724 judice
690 2694 769 2725 prae-

112 2730 231 2762 ferrem.
275 2732 403 2763 Praetuli
439 2732 567 2763 tandem
599 2732 769 2774 posterius:

112 2779 279 2820 praecessit,
309 2791 371 2812 non
400 2786 487 2812 erant
513 2780 655 2822 judicia3
690 2786 772 2812 recte

832 1104 926 1146 igitur
943 1103 1116 1147 subjicitur,
1132 1104 1187 1135 sed
1202 1110 1291 1136 erant
1304 1104 1371 1136 sine
1386 1103 1493 1146 judice

833 1154 913 1194 tuti3
935 1155 1107 1198 praesertim
1137 1165 1233 1196 quum
1264 1154 1397 1186 Ovidius
1423 1166 1496 1186 voc.

833 1205 1011 1249 praecedens
1024 1205 1108 1236 varie
1123 1210 1260 1246 repetere
1276 1204 1386 1241 soleat,
1400 1210 1495 1246 atque

834 1254 864 1286 h.
879 1255 901 1286 1.
917 1265 987 1285 cum
1002 1254 1032 1285 vi
1046 1254 1214 1296 repetitum
1229 1253 1381 1284 videatur.
1422 1254 1496 1284 Vin-

834 1307 901 1341 dex,
920 1304 946 1335 si
969 1304 1038 1346 quis
1057 1303 1089 1334 id
1111 1303 1209 1339 malit,
1224 1309 1326 1345 potest
1340 1309 1372 1334 et
1387 1302 1425 1334 de
1440 1303 1494 1345 ju-

833 1353 903 1386 dice
919 1359 950 1384 et
964 1353 1003 1384 de
1018 1353 1177 1384 defensore
1193 1352 1274 1394 capi.

876 1405 929 1436 94.
954 1404 1097 1434 Nondum
1123 1414 1195 1434 caesa
1217 1401 1305 1443 suis]
1337 1401 1388 1433 Cf.
1403 1402 1496 1443 Virg-

835 1453 906 1484 Ecl.
932 1453 974 1483 iv.
993 1453 1115 1491 32-38;
1140 1452 1245 1482 Tibul.
1269 1452 1296 1482 Ι.
1316 1451 1361 1481 iii.
1385 1451 1499 1482 37-40.

835 1501 1005 1544 Navigatio
1029 1512 1158 1532 summae
1183 1511 1283 1532 aureae
1303 1500 1404 1531 aetatis
1423 1500 1496 1531 sim-

835 1551 969 1594 plicitati
981 1556 1012 1583 et
1027 1551 1199 1593 integritati
1214 1561 1275 1581 non
1295 1550 1370 1581 satis
1384 1561 1498 1581 conve-

834 1601 899 1633 nire
922 1601 1097 1637 videbatur,
1121 1599 1233 1641 partim
1258 1598 1334 1641 quia
1361 1598 1499 1630 maxime

835 1656 972 1692 quaestus
998 1659 1094 1680 causa
1122 1648 1265 1679 instituta
1299 1653 1357 1684 est,
1386 1648 1499 1690 partim

836 1700 911 1741 quia
919 1698 1079 1730 hominum
1090 1698 1186 1729 vitam
1198 1697 1229 1728 in
1241 1697 1351 1728 ultima
1360 1698 1500 1740 pericula

835 1747 972 1790 conjicit,
988 1752 1082 1789 atque
1106 1748 1184 1778 adeo
1206 1746 1358 1778 voluntati
1383 1746 1497 1778 divinae

835 1808 1007 1839 repugnare
1041 1797 1237 1828 credebatur.
1281 1797 1424 1838 Propert.
1452 1796 1500 1829 iii.

835 1847 885 1878 El.
900 1859 930 1878 v.
946 1848 984 1878 41
1000 1857 1068 1888 sqq.

877 1897 929 1928 95.
956 1896 1080 1936 Pinus]
1108 1895 1242 1937 Lignum
1265 1894 1448 1931 resinosum,
1466 1894 1499 1925 in

835 1946 941 1989 primis
956 1951 1030 1988 apta
1045 1945 1218 1976 habebatur
1233 1945 1366 1986 navigiis
1382 1944 1499 1976 facien-

836 1996 885 2027 dis
899 2009 905 2026 :
930 1998 1000 2032 suis,
1016 1995 1075 2026 sibi
1094 1996 1133 2025 ab
1149 1994 1218 2036 ipsa
1233 2000 1344 2025 natura
1359 1994 1497 2035 assigna-

837 2044 894 2076 tis:
917 2046 1111 2087 peregrinum
1124 2046 1231 2081 orbem,
1246 2043 1424 2086 peregrinas
1438 2049 1499 2074 ter-

837 2105 896 2126 ras.
944 2096 1031 2125 Orbis
1051 2105 1134 2136 saepe
1151 2104 1223 2135 pars
1239 2093 1321 2124 orbis
1337 2099 1496 2128 terrarum,

836 2150 872 2175 ut
887 2144 922 2175 ii.
934 2145 1009 2175 254.
1025 2145 1087 2174 322
1101 2155 1109 2180 ζ,
1133 2143 1234 2174 Tacit.
1250 2142 1312 2174 An.
1323 2141 1354 2172 ii.
1366 2143 1397 2172 2.
1436 2143 1498 2172 De-

836 2196 1004 2225 scenderat.
1044 2193 1161 2223 Statius
1187 2192 1243 2223 Sil.
1266 2191 1298 2222 ii.
1322 2192 1355 2222 2.
1380 2192 1410 2222 6.
1435 2192 1496 2222 28:

836 2246 948 2274 invitas
960 2245 1067 2283 dejecit
1084 2244 1114 2272 in
1128 2253 1243 2282 aequora
1253 2243 1355 2282 pinus.
1391 2240 1499 2281 Liqui-

837 2295 901 2328 das,
919 2292 1017 2334 epith.
1030 2302 1155 2322 ornans.

879 2342 1010 2373 97-100.
1035 2339 1178 2371 Nondum
1191 2337 1384 2379 proecipstes]
1410 2338 1499 2368 Non-

837 2391 912 2422 dum
951 2390 1037 2421 bella
1081 2389 1277 2430 gerebantur.
1339 2386 1500 2419 vivebant

837 2440 965 2481 ἥσυχοι,
985 2449 1064 2481 pace
1086 2439 1234 2469 fruentes.
1280 2436 1413 2468 Hesiod.
1431 2447 1497 2467 ver.

839 2490 920 2527 120;
940 2488 1045 2519 Tibul.
1061 2488 1087 2518 I.
1103 2487 1146 2518 iii.
1162 2488 1223 2517 47:
1244 2487 1312 2517 Non
1335 2488 1422 2522 acies,
1439 2498 1500 2516 uon

837 2539 885 2568 ira
896 2539 979 2580 fuit,
995 2549 1053 2568 non
1077 2538 1176 2574 bella5
1199 2547 1252 2566 *nec
1277 2546 1372 2566 ensem
1387 2535 1500 2565 Immiti

837 2597 927 2617 soevus
941 2589 1069 2617 duxerat
1083 2585 1268 2627 artefaber3
1285 2584 1307 2614 i.
1320 2595 1350 2614 x.
1362 2585 1382 2615 9
1396 2597 1402 2613 ι
1430 2583 1499 2614 Non

838 2646 930 2671 arces,
944 2647 1003 2666 non
1018 2636 1116 2665 vallus
1130 2640 1206 2665 erat.
1234 2634 1417 2672 Piwcipites,
1428 2642 1497 2673 pro-

837 2684 955 2715 fundae.

881 2734 933 2764 98.
960 2733 1042 2763 Tuba
1057 2734 1165 2763 directi
1179 2731 1272 2772 aeris.]
1294 2730 1399 2761 Turba
1413 2736 1498 2761 recta

839 2792 876 2814 ex
890 2793 962 2814 aere.
987 2781 1135 2814 Juvenal.
1148 2780 1180 2812 ii.
1198 2780 1274 2811 117:
1300 2786 1380 2811 recto
1394 2786 1500 2810 canta-
