1763 3181
381 168 999 213 METAMORPHOSEON
1032 167 1150 209 LIB.
1183 167 1265 210 IV.

1437 169 1523 211 313

143 284 331 348 Magna
353 301 508 349 nepos
533 284 709 340 fuerat,
738 299 888 347 quem
913 283 1162 330 debellata
1185 283 1380 330 colebat
1427 286 1523 331 604

143 361 312 420 India;
354 378 503 425 quem
528 361 702 425 positis
729 361 1012 409 celebrabat
1035 360 1227 408 Achaia
1250 361 1466 425 templis.

146 438 292 486 Solus
316 438 639 495 Abantiades,
663 439 724 486 ab
750 438 937 501 origine
963 445 1127 486 cretus
1154 438 1346 495 eadem,

143 515 366 564 Acrisius
392 523 633 580 superest,
661 516 746 579 qui
771 515 1016 563 moenibus
1042 522 1210 562 arceat
1233 515 1368 562 urbis

142 592 388 656 Argolicae
406 612 417 652 ;
448 601 718 657 contraque
741 593 903 640 Deum
922 592 1049 640 ferat
1069 608 1231 649 arma;
1268 606 1526 655 genusque

145 670 259 718 Non
283 678 426 735 putet
449 687 558 719 esse
583 671 613 718 J
618 671 749 719 ovis:
790 686 954 735 neque
980 662 1111 718 enirn
1136 669 1165 717 J
1170 669 1273 717 ovis
1299 685 1409 717 esse
1434 686 1524 734 pu-

342 749 481 795 tabat

143 824 356 883 Persea3
397 841 548 889 quem
572 825 737 889 pluvio
760 826 934 874 Danae
954 830 1253 888 conceperat
1270 840 1406 871 auro.
1434 827 1531 871 610

146 901 272 949 Mox
295 909 462 950 tamen
486 902 751 960 Acrisium,
777 909 916 952 tanta
940 908 1017 951 est
1040 901 1305 968 praesentia
1327 901 1444 959 veri,

144 1066 270 1099 neribus
291 1067 392 1110 longis
413 1068 634 1110 laboribusque
658 1069 804 1100 difficilli-

146 1116 204 1147 mis
211 1116 512 1159 susceptisinclaruit
522 1128 572 1150 an.
583 1118 702 1149 circiter
713 1119 804 1149 1348.

146 1175 165 1196 a
181 1165 256 1196 Chr.
272 1176 321 1206 n.;
341 1166 398 1198 sed
411 1177 459 1198 res
476 1167 514 1198 ab
531 1178 567 1198 eo
582 1173 684 1209 gestas
700 1167 744 1198 ita
758 1168 804 1198 sa-

143 1214 256 1246 bulosa
283 1215 452 1257 antiquitas
479 1216 636 1258 pervertit,
665 1222 701 1247 ut
728 1216 806 1247 nihil

146 1263 221 1295 certi
245 1264 338 1296 hodie
358 1264 431 1296 inde
447 1266 512 1296 erui
530 1265 645 1308 possit:
678 1266 742 1297 vid.
767 1265 807 1297 de

145 1323 183 1344 eo
204 1312 355 1345 Herodot.
376 1313 408 1345 ii.
432 1325 463 1344 n.
487 1315 550 1353 913
581 1313 634 1345 vii.
653 1314 707 1345 61.
726 1316 805 1353 150;

146 1362 284 1394 Pausan.
293 1362 579 1405 Corinth.pluribus
588 1362 674 1394 locis.
690 1364 807 1395 Earum

145 1421 247 1443 rerum
257 1411 465 1443 fabulosarum
475 1413 650 1449 nonnullas,
661 1412 807 1455 quoniam

147 1466 178 1492 et
202 1460 277 1502 ipsis
298 1461 582 1492 transformationes
606 1462 723 1499 insunt,
738 1468 808 1505 post

147 1509 321 1541 Bacchicas
336 1510 445 1541 laudes
461 1510 534 1541 hinc
549 1522 673 1542 narrare
688 1511 808 1554 incipit.

148 1559 196 1590 Ac
210 1558 343 1601 primum
359 1559 485 1601 quidem
500 1560 539 1591 de
556 1561 690 1598 Atlante,
706 1561 809 1603 Iapeti

146 1607 222 1644 filio,
238 1618 330 1650 quem
350 1609 494 1645 Perseus,
510 1619 606 1650 quum
621 1609 760 1651 requiem
774 1609 807 1641 in

147 1667 242 1698 regno
255 1657 322 1699 ejus
336 1657 500 1700 impetrare
516 1668 578 1688 non
592 1664 706 1700 posset,
722 1658 806 1701 capi-

147 1706 187 1737 tis
207 1706 352 1737 Medusae
374 1717 468 1748 opera
489 1707 521 1737 in
543 1713 679 1738 montem
695 1718 807 1748 cogno-

148 1755 264 1786 minem
273 1755 419 1787 mutavit.
449 1756 600 1793 Atlantis,
614 1757 729 1787 coelum
741 1767 809 1787 ver—

147 1804 209 1836 tice
223 1804 415 1841 sustinentis,
430 1805 497 1847 jam
518 1805 726 1837 meminerunt
744 1806 809 1837 Ho-

149 1864 224 1885 mer.
247 1853 309 1884 Od.
324 1857 364 1885 A.
388 1855 442 1885 52.
463 1865 531 1896 sqq.
554 1860 585 1885 et
608 1853 737 1885 Hesiod.
753 1855 811 1886 Th.

150 1903 224 1933 517.
235 1903 326 1934 Conf.
342 1903 490 1945 Apollod.
506 1904 534 1934 I.
546 1903 579 1934 ii.
593 1905 634 1941 2;
650 1904 695 1934 ΙΙ.
706 1916 736 1935 ν.
753 1905 788 1934 11
803 1916 812 1943 3

151 1951 271 1994 Hygin.
294 1952 393 1983 fabul.
415 1954 485 1984 150.
505 1952 559 1984 ubi
582 1953 684 1990 Atlas,
710 1954 812 1996 Iapeti

148 2001 241 2036 filius,
257 2001 321 2032 dux
334 2001 481 2033 Titanum
494 2002 609 2033 coelum
626 2013 811 2045 oppugnan-

150 2049 242 2087 tium,
267 2061 285 2082 a
305 2051 385 2082 Jove
409 2052 483 2083 coeli
507 2052 655 2084 fornicem
678 2053 814 2084 humeris

150 2099 229 2131 ferre
244 2099 374 2142 cogitur.
408 2101 530 2144 Nempe
546 2107 685 2144 apparet,
700 2102 812 2134 Atlan-

151 2154 226 2186 tem,
241 2148 343 2191 Iapeti
358 2149 468 2186 filium,
483 2155 515 2181 et
531 2150 709 2188 Atlantem,
727 2152 812 2182 Afri-

151 2208 197 2229 cae
212 2203 362 2234 montem,
380 2198 412 2229 in
428 2199 486 2230 hac
502 2199 610 2230 sabula
624 2210 691 2231 esse
706 2202 814 2232 confu-

152 2257 213 2278 sos.
228 2247 255 2277 E
267 2247 365 2279 schol.
376 2248 472 2278 Hom.
485 2249 524 2279 ΙΙ.
538 2252 574 2280 Σ.
586 2249 661 2279 486.
675 2255 814 2291 apparet,

152 2296 329 2328 Atlanticas
358 2296 481 2329 fabulas
507 2304 656 2330 tractatas
681 2309 748 2330 esse
775 2301 814 2331 ab

153 2345 333 2377 Hellanico.

197 2394 271 2426 604.
294 2395 484 2436 Debellata.]
523 2397 631 2427 Nexus
647 2407 742 2428 eausa
761 2398 816 2429 ad-

154 2442 199 2474 dit
224 2443 344 2485 aliquid
367 2444 406 2475 de
432 2445 570 2479 Baccho,
588 2446 717 2488 ejusque
741 2457 815 2478 con-

153 2497 306 2535 temptore
331 2492 465 2525 Acrisio.
513 2494 684 2526 Debellata.
731 2496 817 2526 Nam

153 2550 225 2572 cum
249 2543 387 2574 exercitu
411 2543 558 2574 Bacchus
581 2545 755 2586 penetravit
777 2545 817 2576 ad

154 2590 261 2628 Indos,
270 2591 462 2634 triumphum
475 2592 513 2624 de
522 2592 560 2624 iis
569 2593 643 2635 egit,
657 2605 817 2636 magnam-

155 2650 217 2681 que
241 2639 314 2672 inde
339 2642 472 2682 gloriam
500 2642 685 2684 deportavit.
722 2644 818 2676 Diod.

157 2687 220 2720 Sic.
235 2689 277 2721 iv.
293 2691 333 2728 33
348 2692 488 2722 Pausan.
506 2704 537 2733 p.
552 2693 614 2723 869
632 2705 639 2730 3
657 2693 742 2724 Curt.
756 2694 816 2724 IX.

159 2748 188 2768 x.
203 2738 257 2769 25.
306 2740 429 2776 Achaia,
447 2741 545 2771 omnis
561 2741 696 2772 Graeeia.

915 1068 988 1099 606.
1012 1066 1220 1107 Abantiades]
1247 1066 1332 1097 Ordo
1347 1077 1455 1108 regum
1470 1066 1530 1098 Ar·

871 1116 1012 1158 givorum
1042 1122 1088 1147 est
1116 1116 1179 1152 hic,
1204 1116 1346 1151 Danaus,
1375 1117 1531 1157 Lynceus,

872 1168 972 1203 Abas,
993 1167 1081 1208 cujus
1104 1166 1160 1197 filii
1178 1166 1319 1196 Acrisius
1340 1172 1371 1197 et
1396 1166 1534 1197 Proetus.

873 1217 1009 1247 Pausan.
1027 1215 1168 1247 Corinth.
1183 1226 1216 1256 p.
1233 1215 1306 1245 145.
1341 1214 1481 1246 Acrisius
1496 1226 1535 1246 ex

873 1267 1015 1308 conjuge,
1045 1275 1139 1306 quam
1174 1263 1227 1294 alii
1259 1263 1449 1305 Eurydicen,
1480 1264 1534 1294 alii

874 1313 1062 1356 Aganippen
1088 1318 1201 1344 vocant
1226 1313 1307 1355 (vid.
1327 1314 1475 1344 Munker.
1497 1313 1538 1344 ad

874 1363 992 1405 Hygin.
1022 1363 1087 1394 fab.
1117 1363 1190 1403 63.)
1223 1363 1362 1404 suscepit
1391 1363 1539 1400 Danaen,

875 1423 944 1454 quae
961 1412 1115 1454 quomodo
1131 1423 1150 1443 a
1167 1412 1258 1448 Jove,
1273 1412 1305 1443 in
1328 1411 1459 1443 imbrem
1483 1422 1539 1443 au-

874 1473 960 1493 reum
976 1473 1134 1498 converso,
1152 1461 1262 1492 vitiata
1281 1461 1331 1498 sit,
1348 1467 1441 1503 atque
1463 1462 1539 1492 Per-

875 1521 928 1542 sea
957 1510 1123 1553 pepererit,
1150 1510 1225 1541 satis
1250 1515 1359 1541 notum
1386 1516 1446 1541 est.
1492 1512 1538 1541 Ab

875 1562 1146 1602 origine—eadem.
1172 1560 1294 1601 Nempe
1305 1559 1442 1601 Agenor,
1454 1560 1538 1590 Cad-

873 1608 916 1639 mi
926 1614 1024 1650 pater,
1036 1616 1067 1640 et
1080 1608 1189 1645 Belus,
1201 1608 1290 1650 cujus
1302 1608 1385 1639 filius
1396 1609 1538 1646 Danaus,

874 1657 984 1689 fratres
1021 1664 1121 1689 erant.
1152 1657 1247 1694 Hinc,
1277 1658 1352 1688 771.
1391 1659 1535 1694 Perseus,

875 1718 965 1748 aeque
981 1718 1017 1738 ac
1034 1707 1185 1743 Cadmus,
1200 1709 1393 1749 Agenorides.
1428 1708 1538 1740 Marni-

877 1757 928 1787 bus
951 1763 1063 1787 arceat.
1097 1756 1211 1787 Confer
1237 1756 1282 1787 iii.
1301 1758 1377 1787 559.
1426 1757 1540 1794 Genus,

877 1806 970 1837 filius.
1025 1806 1171 1836 Fluvium
1195 1817 1306 1836 aurum
1330 1817 1384 1848 pro
1410 1806 1543 1848 vulgari,

878 1854 985 1896 pluvia
1014 1865 1120 1886 aurea.
1178 1854 1250 1886 Sine
1280 1854 1375 1886 dubio
1406 1856 1542 1893 Proetus,

879 1904 1014 1935 Danaen
1029 1903 1204 1941 vitiaturus‚
1221 1914 1328 1935 aureos
1348 1915 1490 1935 nummos
1510 1905 1543 1936 in

878 1954 963 1984 sinus
989 1953 1056 1995 ejus
1080 1953 1202 1990 effudit,
1226 1959 1261 1984 ut
1290 1953 1486 1990 Lactantius,
1512 1959 1544 1985 et

880 2002 932 2033 alii
946 2008 1144 2034 monuerunt.
1182 2004 1202 2034 J
1205 2003 1331 2034 ucunde
1347 2003 1408 2034 vim
1423 2004 1488 2034 auri
1504 2015 1543 2035 ex

880 2050 938 2081 hac
967 2051 1076 2083 fabula
1104 2052 1298 2083 demonstrat
1332 2053 1445 2083 Horat.
1475 2053 1542 2084 III.

882 2099 944 2131 Od.
959 2100 1021 2131 xvi.
1066 2101 1145 2131 Inde
1168 2106 1273 2132 autem
1295 2101 1440 2139 Perseus,
1463 2114 1542 2145 χρυ-

881 2148 1047 2192 σόπατρος
1061 2150 1177 2181 dictus.

925 2199 998 2230 611.
1022 2200 1166 2236 Praesens,
1182 2199 1271 2241 cujus
1286 2199 1332 2231 vis
1353 2206 1385 2231 et
1405 2204 1543 2241 potestas

881 2248 985 2279 statim
1000 2248 1142 2284 sentitur,
1158 2254 1193 2279 ut
1212 2259 1339 2288 prasens
1361 2249 1453 2286 Deus,
1468 2260 1546 2288 prae-

881 2309 946 2329 sens
960 2309 1116 2328 venenum.
1138 2297 1257 2329 Eodem
1268 2308 1360 2330 sensu
1372 2309 1453 2329 nunc
1467 2310 1544 2338 prae-

881 2348 989 2378 sentia.
1028 2347 1181 2385 Nepotem,
1198 2346 1336 2378 divinam
1351 2346 1470 2389 nepotis
1484 2348 1544 2378 ori-

883 2396 998 2438 ginem.
1053 2396 1197 2427 Poenz'tet.
1244 2396 1369 2427 Etenim
1396 2396 1545 2427 Bacchus

883 2451 997 2475 matres
1021 2443 1155 2485 Argivas
1183 2445 1216 2476 in
1241 2445 1375 2476 furorem
1400 2445 1546 2487 conjecit,

885 2499 918 2524 ut
933 2505 1004 2524 suos
1015 2494 1129 2524 liberos
1138 2493 1170 2525 in
1183 2494 1339 2525 montibus
1351 2494 1546 2527 devorarent.

885 2542 1034 2584 Apollod.
1060 2543 1124 2574 III.
1150 2555 1180 2574 v.
1203 2544 1236 2574 2.
1283 2543 1441 2583 Impositus
1465 2544 1548 2575 efflo-

885 2591 1042 2628 Bacchus,
1070 2591 1124 2621 ubi
1151 2600 1281 2622 matrem
1307 2603 1345 2622 ex
1369 2591 1473 2623 inferis
1498 2603 1545 2623 re-

885 2640 1029 2677 duxerat,
1046 2651 1117 2672 cum
1131 2651 1169 2672 ea
1183 2641 1326 2672 sublimis
1340 2641 1418 2672 abiit
1433 2642 1464 2672 in
1479 2653 1544 2673 coe—

886 2690 962 2721 lum.
985 2689 1080 2721 Diod.
1095 2690 1138 2721 iii.
1155 2692 1217 2728 623
1249 2691 1290 2722 iv.
1304 2692 1363 2722 25:
1398 2691 1545 2733 Apollod-

888 2739 949 2770 III.
966 2750 995 2770 v.
1011 2740 1042 2770 3.
