1729 3207
457 201 507 242 M
512 199 1107 242 ETAMORPHOSEON.
1415 200 1474 240 liii

150 317 247 358 Lib.
270 315 350 357 III.
392 314 542 356 Filiam
568 314 761 355 amissam
781 313 959 368 Agenor
985 314 1183 355 Cadmum
1205 314 1331 368 jubet
1357 315 1472 354 inve-

90 397 258 451 stigare.
302 394 433 441 Quod
450 393 552 434 dum
567 391 635 433 ille
652 391 767 440 facit,
785 392 828 432 in
844 391 1015 433 Boeotia
1034 407 1057 432 e
1074 392 1262 433 dentibus
1278 393 1473 433 draconis

90 474 217 515 occisi
236 473 342 514 satis
356 477 614 513 enascuntur
626 470 822 519 homines,
835 471 1087 524 quibuscum
1102 470 1171 512 ille
1188 471 1342 512 deinde
1353 471 1472 512 The-

90 554 165 595 bas
179 552 383 594 condidit.
426 550 542 592 Huic
561 565 646 591 non
667 550 836 590 omnino
852 549 964 592 felici
984 550 1176 592 luctuosa
1192 551 1372 605 primum
1394 551 1475 592 fuit

89 631 302 673 Actaeonis
331 631 499 685 nepotis
532 631 575 671 in
606 645 767 671 cervum
792 630 942 670 mutati
973 629 1213 684 dilaniatio3
1246 645 1342 685 quae
1371 644 1471 670 vero

90 711 265 761 «Iunoni,
287 726 416 766 quum
441 710 626 751 Semelen
647 708 855 764 pellicem,
882 708 1032 749 Cadmi
1061 708 1204 759 filiam,
1234 716 1281 750 ut
1306 724 1471 751 omnem

90 790 302 846 Agenoris
333 790 518 839 domum,
551 789 723 838 odisset,
754 795 875 843 grata
905 788 1009 829 fuit:
1042 788 1225 843 ideoque
1254 790 1308 830 ad
1336 789 1471 842 ipsam

88 869 195 911 facie
211 869 373 910 Beroea
393 869 614 918 accedens,
632 867 732 909 dolo
752 868 908 917 effecit,
931 875 979 909 ut
999 867 1069 909 illa
1089 868 1117 909 J
1120 868 1208 909 ovis
1226 867 1471 909 fulminibus

89 948 421 990 combureretur.
474 948 591 988 Dum
611 947 824 996 Bacchus,
845 962 869 987 e
898 946 1083 987 Semeles
1107 946 1324 1001 flagrantis
1349 954 1472 988 utero

89 1033 294 1076 servatus,
326 1027 369 1068 in
399 1027 521 1068 terris
561 1027 761 1076 nutritur,
790 1026 962 1081 Jupiter
993 1041 1089 1067 cum
1120 1026 1293 1067 Junone
1328 1026 1474 1080 dispu-

88 1113 196 1155 tans,
223 1113 319 1147 utra
349 1106 402 1146 sit
421 1105 572 1147 Venus
600 1105 781 1153 suavior,
815 1104 1020 1145 Tiresiam
1047 1104 1224 1145 adhibet
1251 1104 1471 1154 arbitrum,

87 1184 431 1240 quandoquidem
454 1199 602 1226 sexum
622 1191 847 1238 utrumque
869 1183 1008 1224 fuerat
1029 1190 1245 1238 expertus.
1307 1183 1365 1233 Is,
1385 1183 1472 1225 lata

86 1270 232 1305 contra
255 1263 469 1304 Junonem
493 1264 716 1312 sententia,
738 1264 793 1304 ab
816 1262 888 1303 illa
913 1263 1083 1318 quidem
1103 1263 1195 1303 visu
1220 1262 1426 1318 p'rivatus,
1448 1278 1472 1304 a

86 1341 193 1384 Jove
214 1349 355 1384 autem
370 1342 626 1384 vaticinandi
646 1343 861 1384 scientiam
883 1349 1135 1384 consecutus
1152 1349 1229 1383 est,
1283 1342 1470 1383 Primum

86 1423 175 1477 ejus
203 1422 421 1465 oraculum
452 1423 494 1464 in
521 1423 729 1464 Narcisso
757 1423 1078 1476 comprobatum
1110 1420 1211 1462 fuit:
1245 1421 1316 1476 qui
1341 1436 1472 1475 quum

86 1501 248 1557 puellas
269 1517 427 1552 omnes,
450 1503 559 1544 inter
579 1518 684 1558 quas
705 1510 748 1544 et
769 1503 891 1544 Echo
914 1518 1005 1557 prae
1033 1502 1185 1543 amoris
1209 1502 1471 1557 impatientia

86 1582 128 1622 in
148 1596 285 1622 vocem
316 1581 455 1622 fuerat
486 1596 702 1631 conversa,
725 1581 1029 1630 contemsisset,
1052 1582 1116 1622 sui
1140 1581 1272 1636 ipsius
1297 1581 1470 1622 tandem

87 1676 227 1703 amore
252 1662 571 1711 contabescens,
580 1661 671 1717 flos
692 1668 755 1703 est
776 1661 911 1702 factus
934 1662 998 1702 sui
1018 1661 1209 1701 nominis.
1261 1661 1471 1702 Pentheus

86 1746 225 1781 tamen
244 1746 384 1781 vatem
403 1740 517 1781 hunc
538 1740 766 1790 irridebat3
789 1755 1030 1795 quanquam
1052 1746 1094 1780 et
1115 1739 1197 1794 ipsi
1218 1739 1305 1780 fata
1326 1739 1471 1780 futura

84 1819 360 1874 praedicebat,
400 1820 555 1874 quibus
595 1834 694 1860 mox
733 1827 908 1860 eventus
949 1819 1160 1860 constitit:
1203 1833 1300 1859 nam
1339 1833 1470 1873 quum

87 1897 222 1953 Orgia
242 1897 572 1948 celebrarentur,
593 1897 663 1939 ille
684 1899 914 1947 Bacchum,
937 1898 1016 1938 sub
1036 1912 1220 1951 persona
1240 1896 1385 1938 famuli
1407 1912 1471 1937 sa-

85 1991 251 2018 crorum
271 1976 485 2027 latentem,
507 1985 733 2032 postquam
762 1977 803 2017 T
798 1978 1001 2032 yrrleenos
1020 1983 1171 2018 nautas
1191 1978 1234 2017 in
1255 1978 1471 2032 delphinos

86 2069 176 2096 esse
207 2055 524 2097 transformatos
555 2057 609 2097 ab
636 2057 786 2098 eodem
816 2063 1087 2110 cognoverat,
1114 2057 1156 2096 in
1179 2055 1347 2097 vincula
1371 2071 1469 2097 con-

79 2134 205 2188 Jecit3
237 2135 292 2176 ob
317 2136 433 2190 quod
457 2135 619 2177 facinus
644 2151 668 2176 a
696 2135 879 2177 Bacchis
904 2142 969 2176 est
993 2136 1254 2190 discerptus3
1286 2136 1331 2177 id
1351 2136 1467 2191 quod

84 2226 277 2266 magnam
298 2213 413 2267 apud
435 2228 579 2254 omnes
600 2213 729 2255 fidem
750 2214 877 2255 sacris
899 2213 1150 2255 conciliavit.

142 2290 239 2332 Lib.
263 2291 342 2333 IV.
374 2292 569 2333 Alcithoe
593 2299 733 2334 tamen
757 2300 800 2334 et
822 2308 1002 2342 sororeS‚
1024 2300 1268 2334 constanter
1293 2309 1343 2334 ea
1368 2308 1467 2334 con-

85 2376 333 2420 temnentes,
346 2371 449 2426 ipsis
466 2372 618 2414 diebus
631 2372 747 2414 festis
763 2371 946 2413 lanificio
960 2387 1132 2426 operam
1148 2373 1322 2422 dabant,
1339 2388 1468 2427 opus-

85 2462 166 2501 que
200 2447 398 2491 levabant
429 2450 593 2492 fabellis
623 2452 884 2502 enarrandis,
915 2452 969 2493 de
999 2452 1187 2507 Pyramo
1217 2459 1260 2493 et
1298 2453 1464 2502 Thisbe,

85 2542 263 2581 quorum
294 2530 498 2584 sanguine
533 2531 659 2572 moris
688 2532 810 2587 niger
844 2531 961 2573 color
991 2532 1177 2581 additus,
1209 2532 1263 2572 de
1294 2532 1392 2573 Sole
1421 2532 1464 2572 in

86 2606 353 2661 Eurynomen
372 2622 508 2657 verso,
535 2615 584 2649 ut
606 2623 701 2650 cum
726 2609 976 2652 Leucothoe
1004 2612 1318 2660 concumberet,
1341 2626 1467 2664 quam

85 2685 140 2727 ob
158 2700 246 2727 rem
272 2687 410 2741 Clytie
430 2687 624 2744 zelotypa
642 2690 685 2730 in
701 2690 990 2745 heliotropium
1010 2697 1187 2739 mutata,
1205 2690 1389 2745 denique
1410 2690 1465 2731 de

86 2764 444 2822 Hermaphrodito
478 2775 521 2809 et
555 2767 794 2810 Sahnacide
825 2770 869 2811 in
903 2785 1024 2811 unum
1060 2785 1211 2825 corpus
1240 2771 1461 2814 concretis.
