1763 3181
229 187 313 228 166

620 185 670 226 Ρ.
703 183 915 226 OVIDII
947 182 1225 226 NASONIS

231 303 379 348 Alma
402 308 568 348 tamen
592 299 777 355 Tellus,
803 306 858 346 ut
881 305 987 346 erat
1010 298 1316 345 circumdata
1339 303 1507 361 ponto,

232 378 368 426 Inter
389 393 544 440 aquas
570 376 750 440 pelagi.
777 381 1160 437 contractosque
1184 374 1403 436 undique
1428 372 1606 427 fontes,

232 454 330 509 Qui
357 471 409 502 se
434 454 757 501 condiderant
777 452 826 499 in
851 468 1020 516 opacae
1045 451 1235 499 viscera
1258 450 1444 505 matris,

234 532 445 578 Sustulit
469 530 731 578 omniferos
753 530 880 577 collo
904 537 1049 577 tenus
1075 529 1212 576 arida
1234 528 1427 583 vultus;

1514 527 1610 571 275

233 608 587 672 Opposuitque
613 622 813 653 manum
834 605 1008 663 fronti3
1049 621 1329 668 magnoque
1353 611 1564 650 tremore

235 685 418 732 Omnia
440 684 732 732 concutiens
758 684 959 748 paulum
985 682 1234 737 subsedit3
1275 687 1325 729 et
1349 679 1488 734 infra,

235 762 396 816 Quam
417 762 544 808 solet
563 777 690 816 esse,
708 760 826 817 fuit3
856 759 1090 822 siccaque
1106 759 1173 805 ita
1188 773 1308 805 voce
1322 757 1490 804 locuta
1504 761 1580 802 est
1598 771 1607 801 :

236 846 264 862 “
297 839 348 885 Si
386 839 552 902 placet
586 838 696 894 hoc,
731 838 1005 900 meruique,
1034 836 1171 900 quid,
1210 853 1254 891 o,
1288 842 1375 881 tua
1409 831 1615 880 fulmina

434 921 646 970 cessant,

238 1104 295 1133 Ter
318 1103 428 1134 melius
451 1102 630 1144 repetitum,
652 1112 745 1143 quam
766 1103 791 1133 si
811 1113 890 1133 nun-

235 1164 322 1193 quam
338 1151 480 1182 dixisset.

279 1202 353 1232 272.
370 1202 456 1230 Alma
475 1207 573 1230 tamen
584 1200 700 1240 tellus]
716 1200 790 1230 Post
806 1200 893 1231 illum

239 1250 339 1281 Tellus
354 1249 467 1291 prodit,
483 1260 553 1290 quae
574 1254 640 1279 erat
657 1260 727 1291 pars
742 1248 826 1279 illius
841 1259 894 1280 ca-

235 1299 384 1330 lamitatis
409 1299 554 1334 maxima,
571 1304 669 1328 mater
692 1299 783 1329 etiam
809 1299 895 1329 labo-

236 1349 371 1380 rantium
383 1348 525 1383 fontium,
535 1348 600 1389 qui,
611 1354 645 1378 ut
655 1347 744 1378 liberi
759 1354 895 1390 tempore

237 1398 418 1429 calamitoso
442 1397 475 1428 in
494 1397 596 1428 sinum
619 1398 737 1432 matris,
753 1397 785 1428 in
806 1409 897 1437 opaca

237 1447 308 1487 (ubi
339 1446 414 1484 tuti)
441 1446 508 1488 ejus
537 1446 655 1477 viscera
685 1446 898 1487 confugerant.

238 1496 394 1527 Praeclara
406 1495 487 1527 idea.
514 1495 586 1525 Non
602 1501 705 1526 autem
718 1495 818 1526 Tellus
832 1495 898 1536 ipse

237 1545 318 1576 orbis
344 1551 495 1576 terrarum
522 1544 718 1585 intelligitur,
746 1544 801 1575 sed
827 1545 900 1574 Dea

237 1594 357 1626 telluris
378 1594 410 1624 in
435 1593 525 1625 terris
549 1593 707 1629 habitans,
726 1599 761 1624 ut
783 1594 900 1624 Peneus

239 1649 286 1675 est
301 1643 378 1674 deus
394 1643 490 1674 Penei
506 1643 604 1679 fluvii,
620 1642 652 1673 in
669 1642 753 1674 fonte
770 1642 836 1685 ejus
851 1653 898 1673 se-

238 1692 310 1724 dem
335 1692 465 1723 habens.
509 1692 617 1723 Tellus
637 1702 709 1723 vero
737 1703 798 1723 non
824 1702 900 1722 ausa

237 1746 284 1772 est
305 1746 370 1771 tota
391 1740 523 1782 prodire,
539 1741 594 1771 sed
611 1746 733 1771 tantum
752 1751 789 1771 ex
810 1740 899 1782 aquis

239 1789 353 1831 quibus
376 1789 489 1825 cincta,
506 1795 715 1831 prospectare,
731 1790 899 1831 vultusque

238 1839 360 1870 tollere.
407 1838 536 1870 Exeruit
554 1839 681 1880 quidem
703 1845 734 1870 et
754 1850 898 1876 manum,-

238 1897 308 1919 eam
323 1898 395 1918 vero
415 1898 477 1917 non
497 1898 620 1918 movere
636 1887 715 1918 inter
730 1887 899 1918 dicendum

238 1936 350 1979 potuit,
366 1936 432 1972 sed,
449 1944 483 1967 ut
507 1936 614 1967 oculos
638 1937 677 1967 ab
702 1943 781 1967 aestu
802 1942 834 1967 et
853 1937 899 1967 fa-

240 1985 317 2016 villa
341 1984 535 2021 defenderet,
558 1988 692 2025 opposuit
706 1985 824 2027 fronti.
860 1986 901 2016 Et

240 2033 388 2075 quoniam
411 2044 449 2064 ne
471 2034 515 2064 sic
539 2033 667 2075 quidem
689 2039 799 2064 aestum
824 2034 902 2066 ferre

239 2087 373 2123 poterat,
394 2084 542 2113 subsedit.-
566 2082 724 2114 subsidere
749 2083 821 2113 fecit
841 2088 901 2114 ter-

240 2141 316 2166 ram,
334 2141 514 2172 quanquam
533 2131 694 2170 paululum
713 2137 846 2168 tantum,
863 2143 902 2163 ne

240 2179 363 2220 longius
378 2180 501 2210 abesset
522 2180 560 2210 ab
578 2189 646 2210 arce
659 2180 678 2211 J
681 2179 759 2215 ovis,
774 2180 901 2221 quicum

242 2238 333 2269 agere
356 2228 490 2259 volebat.
526 2228 610 2259 Hinc
629 2240 754 2271 magn-us
780 2236 901 2260 tremor.

241 2277 293 2307 Ita
314 2277 400 2307 labor
413 2277 547 2308 Telluris
568 2283 600 2308 et
621 2287 696 2308 cura
716 2277 749 2308 in
768 2279 902 2310 maximo

241 2326 324 2356 malo
339 2326 419 2356 bene
435 2331 554 2357 notata.
578 2327 677 2362 Alma,
688 2326 791 2357 omnia
803 2327 900 2363 alens,

241 2375 399 2416 proprium
421 2381 452 2406 et
481 2382 587 2417 aptum
611 2381 699 2406 terrae
728 2375 900 2418 epitheton.

247 2424 289 2454 Ut
304 2430 381 2459 erat,
397 2423 440 2461 ὡς
454 2424 531 2465 εἶχε,
550 2424 694 2466 exprimit
717 2430 833 2456 statum
849 2431 903 2456 aut

241 2472 395 2509 habitum,
411 2484 472 2515 quo
496 2473 566 2515 quis
590 2479 666 2510 erat,
683 2474 726 2505 iv.
743 2475 826 2506 473:
853 2487 902 2506 ca-

245 2533 306 2558 nos,
322 2529 356 2553 ut
372 2529 436 2553 erat
455 2524 587 2559 turbata,
604 2524 750 2563 capillos,·
766 2523 900 2555 vi.237:

243 2578 279 2602 ut
296 2578 361 2602 erat
375 2583 505 2611 pronus,·
521 2572 601 2602 244:
618 2574 697 2603 sicut
712 2576 902 2614 ertmtjunc-

244 2622 278 2650 ti.
315 2620 391 2651 Mox
407 2620 618 2652 revocandum
629 2621 750 2662 putavi,
767 2629 904 2653 contrac-

246 2676 354 2709 tosque,
373 2670 412 2700 ab
427 2670 556 2701 Heinsio
569 2670 705 2711 pulsum.
732 2671 805 2701 Non
819 2670 902 2702 enim

243 2717 354 2754 innuit,
371 2729 467 2760 aquas
481 2718 583 2761 pelagi
599 2725 738 2750 constare
754 2730 791 2750 ex
810 2720 901 2750 fonti—

959 1102 1029 1138 bus,
1056 1101 1110 1132 sed
1135 1100 1234 1131 omnis
1264 1097 1384 1140 generis
1409 1107 1507 1139 aquas
1535 1107 1617 1127 com-

960 1161 1128 1182 memorare
1145 1150 1220 1180 vult.

1005 1201 1078 1231 275.
1105 1201 1234 1230 Sustulit
1261 1197 1445 1239 omniferos]
1482 1197 1526 1228 Ut
1552 1195 1620 1226 Au-

963 1257 1069 1281 tumno
1095 1250 1133 1280 ab
1159 1247 1288 1279 Horatio
1313 1253 1401 1287 caput
1425 1249 1518 1286 pomis
1535 1247 1619 1276 deco-

962 1312 1042 1335 rum,
1054 1299 1098 1330 sic
1108 1298 1225 1329 Telluri
1242 1308 1260 1329 a
1271 1298 1386 1328 Nostro
1398 1296 1537 1337 omniferi
1553 1296 1619 1325 vul-

965 1357 1012 1380 tus
1034 1349 1166 1380 dantur:
1191 1347 1358 1389 omniferos,
1374 1345 1558 1377 vocabulum
1581 1345 1621 1376 ab

963 1398 1031 1440 ipso
1039 1397 1154 1429 Ovidio
1163 1397 1291 1432 factum,
1301 1402 1407 1437 aptum
1418 1401 1522 1426 tamen
1533 1400 1619 1425 terrae

965 1446 1127 1489 ’πανόὠρῳ
1149 1452 1180 1477 et
1203 1445 1404 1487 παμμὴτορι,
1420 1454 1488 1486 quae
1507 1446 1618 1476 omnia.

965 1496 1078 1538 quibus
1092 1494 1212 1535 indiget
1226 1500 1336 1524 natura
1351 1493 1573 1534 humana,fert
1590 1498 1622 1523 et

966 1545 1032 1576 alit.
1056 1543 1202 1575 Lucretio
1214 1550 1244 1574 et
1254 1543 1386 1584 Virgilio
1401 1542 1515 1573 dicitur
1529 1543 1621 1572 omni-

965 1606 1083 1634 parens.
1128 1594 1271 1624 Sustulit.
1299 1592 1433 1623 Videtur
1458 1598 1550 1633 poeta
1574 1601 1620 1622 re-

966 1643 1101 1686 spexisse
1125 1642 1165 1673 ad
1190 1643 1292 1672 locum
1306 1640 1469 1672 Pausaniae
1490 1641 1523 1670 in
1539 1639 1623 1671 Atti-

967 1693 1011 1723 cis
1025 1705 1030 1722 :
1049 1691 1144 1723 Ἐστι
1159 1690 1189 1722 δὲ
1202 1692 1256 1722 καὶ
1272 1693 1338 1729 Γῆς
1355 1690 1490 1732 ἄγαλμα
1510 1689 1623 1721 ἱκετευ-

966 1742 1066 1781 ούσης
1094 1741 1169 1773 ὗσαι
1198 1742 1258 1773 τὸν
1289 1740 1362 1772 Δία.
1411 1743 1432 1756 “
1457 1740 1512 1770 Est
1541 1739 1624 1780 apud

967 1790 1174 1822 Athenienses
1201 1789 1402 1821 simulacrum
1426 1789 1528 1819 Terrae
1553 1787 1623 1819 Jovi

966 1838 1182 1882 supplicantis,
1205 1846 1239 1869 ut
1262 1848 1279 1869 e
1307 1837 1388 1869 coelo
1413 1838 1543 1868 imbrem
1570 1836 1623 1867 de-

967 1889 1104 1920 mittat.’'

1011 1938 1085 1968 276.
1110 1937 1320 1976 Opposuitque,
1337 1935 1416 1976 etc.]
1443 1934 1537 1966 Silius
1561 1934 1626 1965 xiii.

968 1988 1029 2018 341
1047 1999 1053 2016 :
1082 1988 1304 2026 Obtendensque
1323 1997 1445 2016 manum
1463 1985 1560 2016 solem
1578 1985 1626 2016 in-

969 2036 1140 2067 fervescere
1156 2035 1247 2065 fronti
1262 2035 1370 2065 Arcet.

1011 2086 1086 2116 278.
1110 2085 1195 2115 Sicca
1216 2084 1296 2124 van]
1324 2084 1404 2120 Quae
1419 2083 1537 2114 venite
1556 2089 1625 2126 gut-

969 2143 1037 2165 ture
1059 2133 1154 2164 sicco.
1191 2133 1260 2164 Hoc
1286 2139 1318 2163 et
1339 2133 1438 2174 magis
1460 2133 1627 2174 poeticum,

970 2188 1001 2214 et
1022 2182 1094 2214 huic
1115 2183 1183 2212 loco
1205 2181 1320 2224 aptius,
1338 2192 1432 2223 quam
1447 2182 1567 2223 vulgat.
1581 2193 1628 2213 sa-

969 2243 1096 2272 craque:
1121 2242 1152 2262 x.
1168 2231 1244 2262 663.
1261 2233 1366 2262 aridus
1378 2232 1542 2261 anhelitus.

1013 2281 1087 2312 279.
1103 2281 1135 2311 Si
1147 2281 1246 2320 placet
1261 2280 1341 2320 hoa]
1361 2280 1431 2310 Non
1448 2279 1629 2322 suppliciter

970 2336 1047 2366 orat,
1072 2329 1127 2361 sed
1154 2336 1219 2360 tota
1244 2335 1291 2360 est
1317 2330 1348 2360 in
1375 2329 1560 2371 indignitate
1584 2331 1628 2361 rei

969 2379 1213 2411 demonstranda
1247 2379 1398 2420 Jovisque
1439 2379 1629 2421 negligentia

969 2427 1153 2459 incusanda.
1186 2429 1273 2459 Inest
1290 2428 1444 2470 aequabile
1460 2434 1490 2459 et
1505 2434 1628 2470 gratum

969 2477 1115 2508 orationis
1146 2478 1273 2509 flumen.
1319 2479 1398 2508 Haec
1428 2484 1629 2520 compensant

970 2524 1123 2557 luxuriem
1147 2525 1273 2568 ingenii,
1290 2537 1359 2568 quae
1376 2527 1408 2557 in
1423 2527 1629 2569 superioribus

971 2574 1134 2616 aliquoties
1149 2575 1295 2606 ostendit.
1319 2575 1424 2607 Prima
1436 2577 1530 2607 verba
1539 2576 1628 2618 quasi

971 2624 1181 2665 captationem
1218 2625 1443 2656 benevolentiae
1472 2625 1629 2667 quandam

971 2672 1098 2704 habent.
1136 2674 1249 2704 Mereri
1271 2674 1354 2705 malo
1371 2685 1462 2705 sensu
1485 2685 1540 2716 pro
1562 2686 1627 2715 pec-

971 2732 1049 2756 care,
1066 2722 1158 2752 etiam
1181 2723 1238 2752 291
1256 2735 1262 2751 ε
1288 2722 1358 2753 vide
1380 2723 1494 2765 Heynii
1512 2724 1627 2754 Obser-
