1763 3181
407 175 1021 218 METAMORPHOSEON
1054 175 1171 216 LIB.
1207 175 1298 216 ΙΙΙ.

1444 177 1528 217 265

153 292 372 356 Corpore
396 293 647 356 depresso,
675 299 726 339 et
751 292 903 355 spinae
929 291 1213 338 curvamina
1236 291 1369 338 flecti

152 368 355 432 Incipit:
394 369 507 416 huic
535 368 777 432 Lycabas,
806 368 865 414 In
891 384 1000 430 quae
1025 367 1276 423 miracula,
1303 367 1446 423 dixit,

150 445 403 493 Verteris?
440 452 491 493 et
514 445 600 492 lati
626 445 794 500 rictus,
823 451 873 492 et
898 444 1063 507 panda
1086 444 1309 507 loquenti

153 521 299 569 Naris
320 529 438 578 erat,
457 537 815 585 squamamque
836 522 963 568 cutis
980 521 1154 567 durata
1167 521 1410 568 trahebat.
1435 524 1530 568 675

150 597 219 645 At
243 599 412 663 Libys,
440 600 697 646 obstantes
723 598 840 644 dum
865 598 969 644 vult
993 598 1248 663 obvertere
1273 614 1451 654 remos,

151 674 210 722 In
234 676 449 740 spatium
473 675 660 723 resilire
685 691 858 722 manus
884 675 1031 722 breve
1055 674 1203 732 vidit3
1244 682 1294 722 et
1317 675 1426 723 illas

148 751 178 798 J
183 769 260 800 am
285 769 383 800 non
407 769 516 800 esse
541 768 731 807 manus,
754 753 857 814 jam
883 751 1059 814 pinnas
1084 767 1231 815 posse
1256 753 1437 800 vocari.

149 829 289 876 Alter
314 830 376 877 ad
400 830 606 877 intortos
632 828 837 892 cupiens
863 828 980 875 dare
1005 828 1207 875 brachia
1230 829 1388 886 funeS‚
1435 833 1530 878 679

152 906 367 953 Brachia
389 923 487 953 non
512 906 710 961 habuit;
740 912 1016 968 truncoque
1037 906 1284 969 repandus
1306 907 1355 953 in
1374 908 1531 955 undas

152 983 372 1047 Corpore
396 984 623 1031 desiluit:
663 983 843 1030 falcata
866 982 1132 1029 novissima
1153 984 1313 1030 cauda
1338 991 1440 1041 est;

152 1059 331 1114 Qualia
354 1061 564 1108 dividuae
591 1061 848 1107 sinuantur
873 1075 1057 1106 cornua
1083 1058 1253 1107 Lunae.

154 1137 390 1201 Undique
411 1139 531 1186 dant
555 1138 738 1194 saltus3
768 1137 1024 1200 multaque
1051 1138 1312 1201 aspergine
1337 1146 1529 1197 rorant3

152 1214 526 1279 Emerguntque
567 1215 773 1271 iterum3
833 1213 1146 1276 redeuntque
1195 1215 1287 1261 sub
1336 1231 1535 1278 aequora

350 1309 517 1339 rursus
540 1311 549 1349 ;

1439 1296 1533 1340 684

152 1368 312 1433 Inque
337 1370 472 1416 chori
496 1369 674 1416 ludunt
699 1369 943 1433 speciem3
985 1369 1268 1433 lascivaque
1287 1371 1480 1433 jactant

153 1445 374 1510 Corpora
391 1465 400 1504 ;
430 1453 479 1494 et
494 1453 755 1510 acceptum
777 1445 960 1509 patulis
981 1462 1115 1493 mare
1131 1447 1330 1494 naribus
1350 1449 1529 1494 efflant.

194 1654 266 1685 673.
290 1655 329 1685 In
344 1666 405 1695 quae
416 1657 575 1690 miracula,
591 1654 623 1684 in
640 1665 733 1696 quam
749 1655 805 1684 mi-

150 1714 212 1734 ram
229 1703 412 1734 horrendam
428 1704 540 1735 faciem
553 1703 692 1735 verteris.
737 1705 808 1735 Vir-

150 1753 203 1794 gil.
220 1753 333 1794 Georg.
349 1753 393 1784 iv.
410 1753 469 1782 441
486 1766 492 1783 :
526 1753 635 1782 Omnia
661 1754 807 1794 transsui·-

150 1810 211 1833 mat
233 1814 290 1833 sese
309 1806 341 1833 in
360 1803 508 1833 miracula
529 1813 640 1832 rerum.
682 1803 808 1838 Noster,

149 1851 192 1883 iv.
220 1853 301 1883 590:
342 1859 425 1892 teque
461 1853 622 1882 his—eiua
658 1854 807 1882 monstris.

150 1902 223 1933 Jam
254 1901 336 1932 Scal.
370 1900 567 1942 reprehendit
597 1900 692 1931 Ovid.
726 1901 809 1942 quod

152 1961 285 1991 squamas
298 1951 440 1981 tribuerit
454 1950 615 1992 delphino.

195 2001 267 2031 676.
297 2000 456 2030 Obvertere
479 2010 570 2030 remos
592 1998 675 2029 idem
701 2009 807 2040 quam,

152 2050 283 2080 inhibere
303 2051 399 2085 remis,
418 2048 576 2091 πρύμναν
598 2047 809 2090 κρούσασθαι,

151 2109 297 2129 converso
320 2098 446 2139 remigio
469 2104 631 2129 retrorsum
655 2097 710 2134 ire,
727 2098 810 2139 quod

151 2147 254 2178 facere
275 2148 374 2178 solent
390 2147 495 2188 fugam
511 2147 708 2178 meditantes.
753 2148 812 2177 Ob-

152 2199 269 2227 stahant
291 2196 374 2228 enim
397 2197 484 2233 remi,
504 2201 539 2227 ut
562 2197 649 2228 navis
672 2202 811 2239 coeptum

152 2257 274 2278 cursum
298 2252 403 2277 tenere
426 2257 487 2277 non
509 2252 629 2288 posset:
665 2248 812 2277 obvertere

152 2307 255 2335 navem
282 2295 372 2327 vertit
402 2295 513 2326 Cicero
541 2294 617 2326 illud
647 2295 810 2332 Arateum,

152 2344 350 2377 ἀνακόπτειν
364 2347 445 2384 νῆα.

195 2395 271 2425 678.
309 2394 379 2424 Jam
407 2393 542 2433 pinnas]
582 2393 687 2424 Nostri
716 2393 811 2435 Regii

153 2444 268 2474 habent
278 2454 408 2483 pennas.-
431 2443 517 2485 parvi
537 2442 640 2479 refert,
656 2454 727 2474 nam
742 2446 809 2483 pin-

153 2505 206 2524 nas
226 2492 356 2534 piscium
372 2503 426 2535 pro
439 2494 544 2532 permis
563 2492 696 2534 piscium
712 2492 810 2534 accipi

153 2552 240 2584 posse
256 2551 454 2583 nequaquam
469 2540 599 2572 dubium
613 2545 671 2571 est.

196 2591 268 2621 679.
292 2590 319 2620 F
322 2601 403 2626 unes,
421 2589 594 2621 retinacula
618 2600 810 2621 ancorarum.

157 2640 258 2670 Tortos
276 2639 373 2680 funes
394 2638 474 2669 dixit
496 2639 587 2679 Virg.
612 2639 742 2669 AEneid.
767 2639 808 2670 iv.

154 2690 230 2720 575.
291 2689 385 2725 Dare,
428 2688 606 2723 extendere,
643 2687 809 2729 porrigere.

159 2738 286 2774 Trimco,
313 2737 378 2768 sine
410 2737 564 2769 manibus.
622 2737 746 2767 Falcari
780 2741 811 2766 et

875 1657 1004 1690 sufflari,
1029 1656 1151 1684 curvari
1181 1655 1212 1685 in
1242 1656 1371 1685 formam
1396 1655 1484 1686 falcis
1507 1662 1538 1687 et

876 1703 970 1734 sinus.
1017 1704 1094 1733 Haee
1115 1704 1210 1734 verba
1235 1714 1330 1745 quum
1356 1709 1387 1734 et
1409 1704 1477 1745 ipsa
1497 1704 1537 1735 si-

876 1752 1044 1782 militudini
1070 1752 1251 1788 inserviant,
1268 1751 1448 1788 similitudo,
1466 1765 1536 1794 quae

877 1802 1058 1843 aspergitur,
1083 1802 1242 1832 commode
1269 1803 1376 1832 abesse
1404 1808 1536 1843 poterat.

879 1852 1056 1887 Novissima,
1073 1858 1212 1882 extrema
1226 1863 1296 1893 pars
1311 1851 1431 1882 caudae.
1479 1853 1537 1882 Di-

878 1903 970 1931 vidua
987 1903 1071 1937 lima,
1089 1912 1184 1942 quum
1204 1901 1351 1932 dimidius
1372 1902 1439 1943 ejus
1458 1901 1539 1932 orbis

877 1951 1032 1981 cernitur:
1059 1950 1129 1981 vide
1147 1949 1255 1981 Heins.
1295 1950 1346 1980 Ab
1371 1950 1430 1980 hac
1454 1950 1537 1981 lunae

878 2000 966 2042 phasi
993 2000 1083 2031 fluxit
1107 2001 1235 2030 verbum
1264 2001 1379 2035 lunari,
1405 1999 1539 2031 curvari.

880 2052 1004 2081 Lunata
1033 2051 1130 2080 cauda
1157 2048 1315 2091 delphinis
1344 2048 1488 2079 tribuitur
1521 2059 1538 2079 a

878 2099 1009 2130 Seneca.

921 2149 994 2178 683.
1023 2148 1161 2188 Undique
1176 2150 1251 2178 (lant
1266 2148 1387 2187 saltus]
1422 2148 1540 2178 Amant

877 2197 1018 2239 delphini
1034 2208 1093 2227 non
1111 2197 1208 2227 solum
1222 2197 1316 2226 saltus
1330 2202 1361 2226 et
1374 2196 1540 2227 altissimos

877 2252 908 2278 et
923 2246 1142 2282 velocissimos,
1154 2256 1262 2276 verum
1277 2245 1371 2275 etiam
1388 2245 1539 2286 ejusmodi

877 2297 969 2331 lusus,
986 2295 1095 2336 quales
1118 2294 1168 2324 hie
1191 2293 1418 2324 describuntur.
1464 2294 1539 2324 Las-

876 2347 953 2380 civa,
977 2344 1053 2386 quia
1080 2344 1111 2373 in
1138 2342 1224 2373 chori
1253 2342 1387 2384 speciem
1413 2343 1538 2374 ludunt.

879 2395 997 2425 Lascivi
1012 2399 1117 2423 autem
1132 2392 1280 2422 dicuntur
1298 2391 1383 2422 chori
1399 2397 1431 2421 et
1445 2392 1540 2422 salta-

878 2445 977 2474 tiones
996 2447 1119 2484 propter
1141 2447 1259 2471 motum
1283 2440 1464 2471 molliorem.
1488 2441 1540 2471 Ti-

878 2492 956 2523 buil.
971 2491 1016 2522 ΙΙ.
1029 2491 1049 2521 i.
1064 2491 1103 2521 88
1120 2503 1125 2520 ι
1143 2489 1254 2520 Noctis
1269 2500 1392 2520 currum
1403 2500 1538 2530 sequun-

878 2548 928 2572 tur
944 2541 1050 2571 lascivo
1067 2539 1276 2580 Siderafnlva
1293 2539 1388 2569 choro.
1434 2539 1470 2568 ln
1486 2549 1539 2571 ea-

878 2591 942 2633 pite
974 2590 1112 2619 foramen
1143 2588 1261 2618 habent
1296 2598 1358 2628 quo
1389 2595 1539 2627 acceptum

881 2651 972 2675 mare,
983 2638 1125 2668 haustam
1138 2648 1252 2678 aquam
1264 2636 1413 2666 marinam
1424 2638 1540 2674 efflant,

878 2689 960 2732 quod
980 2688 1063 2718 idem
1086 2692 1118 2717 et
1141 2687 1279 2716 balaenas
1307 2685 1443 2717 maximo
1468 2697 1538 2717 cum

878 2736 1008 2779 strepitu
1024 2736 1125 2766 facere
1142 2735 1268 2765 scimus.
