1763 3181
419 186 1040 230 METAMORPHOSEON
1074 187 1193 229 LIB.
1216 188 1300 230 VI.
1451 190 1536 232 385

154 303 302 359 Quod
325 304 538 368 pretium
564 309 730 368 speret
752 319 842 367 pro
868 309 970 350 tam
995 302 1251 350 furialibus
1277 304 1425 361 ausis,

154 381 401 436 Quattuor
424 381 474 427 in
498 388 665 445 partes
689 381 961 428 certamina
986 387 1222 444 quattuor
1247 382 1383 429 addit
1474 384 1535 429 85

155 457 303 505 Clara
327 458 489 505 colore
515 475 619 513 suo,
646 457 877 504 brevibus
903 457 1139 504 distincta
1158 458 1347 520 sigillis.
1380 460 1534 520 [mon,

152 534 431 582 Threiciam
457 534 737 598 Rhodopen
762 534 913 581 habet
937 534 1145 596 angulus
1170 551 1315 590 unus,
1343 542 1394 582 et
1420 535 1536 583 Hae-

153 610 299 658 Nunc
326 612 515 674 gelidos
540 618 749 666 monteS,
775 610 1231 673 mortaliacorpora
1255 612 1532 674 quondam;

153 686 369 735 Nomina
394 704 697 735 summorum
723 687 817 734 sibi
843 688 929 750 qui
954 688 1171 735 tribuere
1198 688 1432 736 Deorum.

151 763 324 812 Altera
350 765 600 829 Pygmaeae
625 765 780 812 fatum
805 765 1084 812 miserabile
1109 766 1278 813 matris
1474 770 1537 815 90

151 840 276 889 Pars
301 843 481 891 habet:
520 844 647 890 hanc
673 842 702 889 J
708 859 806 889 uno
831 842 1013 890 victam
1039 843 1308 890 certamine
1328 844 1479 906 jussit

152 917 279 966 Esse
305 935 505 981 gruem3
545 919 845 983 populisque
871 919 972 965 suis
998 919 1217 967 indicere
1241 920 1446 968 bellum.

153 994 324 1058 Pingit
348 1003 399 1044 et
416 996 738 1059 Antigonem,
761 1012 931 1044 ausam
958 997 1258 1044 contendere
1283 999 1535 1061 quondam

154 1072 284 1120 Cum
309 1075 475 1136 magni
501 1080 729 1120 consorte
754 1073 783 1119 J
788 1074 919 1131 ovis3
962 1090 1112 1136 quam
1138 1075 1273 1136 regia
1296 1074 1325 1120 J
1331 1091 1428 1121 uno

153 1149 214 1196 In
236 1150 486 1198 volucrem
511 1150 684 1198 vertit:
725 1167 816 1198 nec
844 1151 1026 1215 profuit
1053 1151 1180 1198 Ilion
1206 1152 1291 1207 illi,
1473 1156 1535 1201 95

154 1225 500 1275 Laomedonve
524 1235 679 1291 pater,
708 1228 918 1291 sumptis
945 1228 1065 1290 quin
1090 1228 1303 1275 candida
1326 1230 1502 1292 pennis

154 1303 274 1367 Ipsa
299 1305 392 1352 sibi
418 1305 621 1368 plaudat
645 1305 921 1368 crepitante
946 1305 1137 1352 ciconia
1161 1313 1335 1353 rostro.

154 1380 249 1435 Qui
278 1389 506 1446 superest
530 1382 663 1429 solus
685 1382 906 1447 Cinyran
928 1383 1079 1430 habet
1104 1383 1314 1445 angulus
1334 1383 1532 1433 orbum:

155 1458 308 1522 Isque
333 1460 514 1522 gradus
540 1460 730 1524 templi,
759 1467 986 1508 natarum
1012 1461 1233 1508 membra
1258 1476 1474 1517 suarum,

195 1614 247 1645 84.
272 1615 421 1651 Pretium,
448 1616 634 1652 mercedem,
662 1627 810 1659 poenam3

153 1673 226 1693 nam
247 1663 339 1705 juxta
364 1664 551 1695 Callimach.
577 1666 607 1696 h.
626 1666 734 1708 Apoll.
754 1667 809 1697 25.

151 1714 252 1745 κακὸν
276 1713 475 1756 μακάρεσσιν
498 1713 623 1756 ἐρίζειν.
674 1716 810 1755 Spei-are,

152 1768 187 1793 ut
215 1763 368 1799 ἐλπίζειν,
399 1763 493 1794 etiam
527 1763 565 1795 de
595 1764 810 1805 expectatione

152 1812 247 1843 mali:
285 1812 357 1844 vide
388 1812 553 1843 Heinsium
581 1812 620 1843 ad
649 1812 703 1843 vii.
733 1819 811 1844 extr.

155 1861 328 1893 Certamina
355 1862 412 1893 illa
437 1862 596 1892 hominum
621 1868 709 1893 erant
739 1874 810 1893 cum

151 1911 223 1942 Diis
246 1922 279 1942 se
303 1911 562 1953 comparantium.
611 1912 714 1947 Clara,
734 1912 809 1942 emi-

152 1960 268 1997 nentia,
293 1971 354 2002 quo
374 1960 498 1991 facilius
519 1960 681 1991 Arachnes
705 1960 811 1992 oculos

151 2008 184 2040 in
210 2020 242 2040 se
266 2010 472 2041 adverterent.
525 2010 646 2052 sigilla,
669 2009 810 2051 imagun-

151 2059 243 2095 culae,
260 2059 372 2101 quibus
391 2061 544 2096 distincta,
564 2059 733 2101 variegata,
755 2059 811 2090 illa

151 2108 332 2139 certamina.

196 2159 250 2188 87.
289 2157 410 2187 Hoemus
447 2162 478 2187 et
514 2157 663 2197 Rhodope,
693 2162 812 2187 montes

151 2206 304 2242 Thraciae,
320 2206 393 2236 olim
410 2205 530 2236 fuerant
551 2206 690 2236 homines
706 2217 742 2236 ex
758 2205 810 2236 iis-

152 2255 223 2286 dem
240 2255 421 2297 parentibus
436 2255 522 2286 editi.
568 2255 610 2285 Hi
632 2266 727 2296 quum
743 2266 810 2286 mu-

152 2310 206 2335 tuo
221 2304 301 2335 inter
319 2315 351 2335 se
373 2314 475 2334 amore
491 2304 665 2344 flagrarent,
682 2304 811 2334 Haemus

153 2364 283 2384 sororem
301 2354 472 2396 appellavit
493 2354 662 2389 Junonem‚
680 2352 735 2384 illa
750 2353 810 2384 fra-

152 2409 231 2434 trem
255 2404 377 2435 Jovem.
422 2403 460 2432 Id
490 2413 570 2444 aegre
599 2403 734 2433 ferentes
757 2402 811 2433 Dii

151 2452 259 2482 ambos
274 2457 472 2482 mutaverunt
486 2451 519 2481 in
534 2457 662 2482 montes.

195 2502 248 2532 90.
272 2502 322 2532 De
352 2502 574 2542 Pygmoeorum,
607 2501 810 2531 homunculo-

152 2561 219 2581 rum
240 2550 501 2586 brevissimorum,
516 2550 608 2580 bellis
629 2561 700 2580 cum
724 2552 811 2591 grui-

152 2601 215 2635 bus,
234 2599 296 2631 vid.
312 2600 434 2635 Strabo,
451 2599 472 2629 i.
487 2611 518 2640 p.
533 2601 584 2630 60.
602 2600 683 2630 Fons
698 2599 810 2629 fabulae

149 2654 197 2679 est
223 2648 348 2680 Homer.
372 2648 411 2679 Il.
435 2652 470 2679 Γ.
495 2649 524 2679 6.
558 2648 719 2689 Copiosius
741 2658 809 2678 eam

153 2703 337 2739 exposuerat
373 2698 476 2728 Boeus
509 2697 541 2728 in
574 2697 809 2738 Ornithogonia,

151 2745 233 2777 unde
249 2755 316 2777 eam
330 2746 449 2777 Athen.
460 2745 501 2777 ix.
518 2757 548 2787 p.
560 2747 633 2777 393.
647 2753 678 2776 et
693 2748 808 2776 Anton.

877 1616 980 1647 Liber.
992 1615 1054 1646 xvi.
1068 1615 1266 1658 repetierunt.
1291 1617 1415 1658 Nempe
1426 1618 1536 1654 OEnoe,

877 1675 970 1706 quam
984 1664 1124 1695 Eustath.
1137 1664 1175 1695 ad
1190 1665 1318 1695 Homer.
1331 1665 1369 1695 Il.
1384 1669 1429 1695 Ψ.
1445 1666 1538 1697 1444.

877 1714 1024 1744 Geranen
1045 1719 1146 1749 vocat,
1161 1713 1220 1744 fuit
1243 1713 1349 1754 regina
1370 1714 1535 1755 Pygmaeo-

877 1774 956 1798 rum,
986 1773 1091 1804 quam,
1118 1773 1213 1803 quum
1244 1773 1275 1793 se
1305 1763 1537 1804 pulchritudine

877 1813 1008 1842 Deabus
1022 1812 1197 1847 anteferret,
1212 1812 1295 1843 Juno
1310 1812 1342 1842 in
1353 1824 1460 1853 gruem
1470 1823 1537 1843 ver-

878 1862 926 1892 tit.
971 1862 1072 1892 Grues
1087 1867 1191 1891 autem
1207 1861 1405 1892 multitudine
1420 1872 1476 1893 sua
1491 1863 1538 1893 in-

875 1911 949 1943 visae
965 1911 1132 1952 Pygmaeis,
1167 1911 1246 1941 Inde
1261 1912 1378 1942 bellum.

920 1962 972 1991 93.
1008 1962 1169 2001 Antigone,
1198 1960 1428 1997 Laomedontis,
1458 1961 1537 2002 regis

876 2009 1012 2051 Troiani,
1038 2010 1112 2047 filia,
1138 2010 1177 2039 ob
1207 2020 1327 2040 comam
1356 2010 1537 2051 promissam

879 2068 948 2088 cum
977 2059 1099 2089 Junone
1127 2069 1159 2089 se
1188 2068 1366 2100 comparare
1395 2069 1480 2095 ausa,
1507 2065 1538 2090 et

878 2112 998 2138 mutata
1020 2107 1052 2138 in
1074 2107 1239 2138 ciconiam.
1264 2108 1337 2138 Vid.
1354 2107 1477 2139 Servius
1498 2108 1537 2139 ad

878 2155 1057 2197 Virgilium,
1074 2157 1187 2197 Georg.
1203 2156 1237 2186 ii.
1254 2158 1329 2187 320.
1377 2157 1446 2187 Non
1468 2169 1537 2196 pro-

867 2206 940 2247 fuit
955 2217 1009 2236 seu
1025 2206 1185 2247 lovigeJicit
1203 2207 1260 2241 illi,
1277 2217 1335 2236 vox
1350 2206 1482 2238 solennis
1497 2207 1537 2238 de

878 2254 926 2289 iis,
955 2254 1019 2295 qui,
1051 2264 1230 2295 quanquam
1265 2264 1376 2294 genere
1406 2256 1536 2286 rebusve

878 2304 973 2344 gestis
987 2304 1075 2339 clari,
1093 2309 1196 2334 tamen
1209 2303 1388 2345 puniuntur.
1404 2304 1444 2335 iv.
1461 2306 1536 2336 648.

881 2354 1067 2392 Crepitante.
1113 2352 1258 2393 Crepitus
1294 2353 1422 2384 ciconiae
1458 2355 1536 2385 bene

878 2402 992 2431 fabulae
1008 2400 1270 2432 accommodatus.

920 2452 973 2481 98.
999 2451 1136 2490 Cinyran
1151 2449 1244 2480 fuisse
1260 2450 1346 2480 aiunt
1361 2461 1464 2490 regem
1477 2451 1535 2482 As-

879 2499 1041 2541 syriorum,
1059 2500 1147 2540 cujus
1162 2499 1251 2534 filias,
1267 2499 1383 2530 Junoni
1402 2510 1435 2529 se
1457 2511 1536 2541 prae-

879 2549 956 2579 ferre
973 2559 1074 2584 ausas,
1091 2549 1161 2578 Dea
1176 2548 1208 2577 in
1230 2549 1345 2588 gradus
1366 2548 1466 2586 templi
1489 2548 1536 2578 sui

878 2598 1126 2628 commutaverit.
1160 2596 1242 2627 Vide
1269 2596 1479 2632 Lactantium,
1504 2597 1536 2627 in

878 2648 1084 2687 Argumenlo.
1135 2645 1246 2680 Videri,
1259 2644 1297 2675 de
1314 2645 1417 2686 figuris
1428 2645 1466 2675 ad
1482 2657 1536 2676 na-

878 2700 954 2724 turae
970 2694 1134 2725 veritatem
1157 2694 1309 2735 expressis
1333 2694 1427 2725 etiam
1447 2705 1535 2726 versu

881 2745 952 2775 105.
