1763 3181
239 190 325 232 362

632 190 684 232 P.
716 189 930 232 OVIDII
962 190 1242 233 NASONIS

243 304 491 353 Fertilitas
517 311 674 361 terrae,
699 305 853 353 latum
878 307 1079 369 vulgata
1102 322 1190 370 per
1214 306 1401 363 orbem,

241 382 401 429 Cassa
419 383 583 445 jacet:
622 381 794 445 primis
820 389 1016 445 segetes
1041 383 1313 430 moriuntur
1336 383 1385 429 in
1410 382 1604 431 herbis:

240 458 307 506 Et
330 459 478 506 modo
503 459 575 506 sol
601 458 798 516 nimius,
826 459 1006 507 nimius
1032 460 1179 507 modo
1204 459 1408 523 corripit
1436 459 1620 508 imber:

240 535 533 598 Sideraque,
559 535 796 598 ventique
822 543 1028 594 noeent;
1069 536 1326 599 avidaeque
1349 536 1572 584 volucres

239 612 442 659 Semina
458 613 598 675 jacta
621 612 820 675 legunt:
861 613 1047 669 lolium,
1075 612 1344 676 tribulique
1369 612 1577 676 fatigant

234 689 476 737 Triticeas
501 702 707 744 messes,
735 696 786 736 et
809 689 1197 753 inexpugnabile
1221 705 1440 753 gramen.

1525 692 1622 736 486

301 767 430 813 Tum
454 774 605 831 caput
630 766 764 814 Eleis
790 767 1027 831 Alpheias
1052 767 1233 815 extulit
1257 767 1432 824 undis3

235 844 585 907 Rorantesque
610 859 776 892 eomas
802 860 831 891 a
854 843 1014 892 fronte
1038 844 1246 891 removit
1269 843 1332 890 ad
1357 859 1528 901 aures;

231 921 403 985 Atque
428 921 519 969 ait:
550 927 581 945 “
610 921 653 968 O
680 928 786 969 toto
813 921 1036 984 quaesitae
1056 919 1258 984 virginis
1283 921 1418 977 orbe,

235 998 302 1046 Et
325 999 520 1062 frugum
546 999 789 1062 genetrix,
816 999 1084 1047 immensos
1111 999 1230 1046 siste
1255 998 1479 1055 labores;
1524 999 1622 1045 490

233 1174 346 1206 dicitur
361 1174 515 1217 quidquid
533 1175 616 1218 apud
640 1175 777 1217 aliquem
793 1181 895 1207 custo-

233 1225 293 1255 diae
309 1225 409 1266 gratia
429 1225 612 1256 collocatur.
659 1226 716 1256 Est
729 1235 802 1256 vero
817 1225 895 1266 figu-

233 1279 302 1304 rata
325 1279 356 1304 et
377 1273 501 1315 poetica
522 1273 650 1310 locutio,
666 1284 703 1305 eo
724 1275 808 1316 quod
823 1284 896 1315 ager

223 1322 329 1364 fallit,
344 1333 406 1353 non
421 1322 580 1354 reddendo
592 1325 701 1353 semina
716 1322 834 1353 credita
849 1329 895 1354 at-

233 1382 295 1413 que
320 1371 351 1401 in
373 1370 442 1402 sinu
469 1371 536 1413 ejus
561 1373 690 1411 deposita
698 1384 710 1409 ‚-
735 1372 894 1408 Horatius,

232 1421 296 1451 ΙΙΙ.
307 1420 369 1451 Od.
381 1420 400 1451 i.
417 1421 659 1462 30.sundusque
673 1423 808 1452 mendax.

276 1471 352 1500 481.
378 1470 535 1500 Fertilitas
550 1477 635 1500 terrae
652 1470 777 1506 Sicnlae,
793 1471 894 1501 Leon-

232 1519 367 1551 tinorum
392 1518 542 1560 imprimis
568 1530 761 1561 camporum,
778 1530 796 1550 a
817 1519 894 1550 Dio-

233 1568 320 1605 doro,
343 1567 448 1598 Plinio
472 1568 606 1610 aliisque
631 1574 791 1610 tantopere
811 1568 893 1599 cele-

230 1618 334 1653 brata,
345 1618 471 1659 vulgata
483 1627 556 1648 sane
571 1623 628 1648 est.
662 1617 769 1659 Atque
784 1618 895 1649 nostris

232 1667 327 1697 etiam
342 1667 531 1708 temporibus
546 1672 626 1698 terra
638 1666 692 1697 illa
707 1666 814 1698 multis
828 1667 891 1698 exi-

234 1715 304 1746 miae
327 1715 494 1746 fertilitatis
515 1726 578 1746 suae
599 1715 821 1758 speciminibus
842 1726 894 1746 ac-

233 1769 322 1796 cusat
344 1764 488 1795 inertiam
512 1764 699 1803 incolarum,
722 1770 756 1795 ut
780 1765 894 1806 passim

233 1814 372 1856 queritur
384 1813 523 1856 Brydon.
567 1815 679 1855 Itaque
696 1819 727 1844 et
740 1813 831 1845 hodie
847 1814 894 1844 di-

233 1874 303 1894 cere
318 1863 402 1900 lieet,
419 1863 562 1894 fertilitas
585 1864 641 1894 illa
659 1874 739 1894 cassa
749 1866 846 1903 jacet,
861 1863 894 1895 id

237 1918 296 1949 est,
312 1917 413 1943 vacat.
450 1912 552 1942 Cassa.
599 1913 650 1943 De
665 1912 818 1943 vocabulo
832 1924 894 1943 cas-

233 1974 282 1993 sus
296 1961 367 1992 vide
383 1961 558 1996 Heinsium,
576 1961 616 1992 ad
631 1962 749 1993 Pastor.
765 1962 804 1993 vi.
821 1963 894 1993 406.

236 2012 349 2042 Primis
364 2012 397 2041 in
416 2012 522 2046 herbis,
539 2021 636 2051 quum
654 2017 767 2041 tenerae
791 2011 894 2042 adhuc

233 2060 338 2091 herbae
367 2065 449 2091 sunt.
497 2060 611 2090 Tenera
638 2062 671 2090 in
700 2060 788 2090 herba
817 2060 897 2091 dixit

234 2109 324 2150 Virg.
338 2121 346 2147 3
368 2109 448 2139 conf.
461 2108 540 2139 infra
556 2119 586 2138 x.
602 2109 676 2139 209.

276 2159 352 2189 484.
384 2157 558 2197 Sideraque,
586 2157 751 2197 ventique]
785 2156 893 2188 Codex

234 2206 354 2248 Regius
370 2205 411 2242 A,
427 2208 525 2236 sidera
539 2208 600 2242 cui,
615 2211 676 2237 etc.
720 2204 802 2237 Vide
823 2216 893 2246 quae

233 2255 369 2286 diximus
392 2255 432 2286 ad
455 2254 500 2285 iii.
526 2256 600 2286 530.
623 2260 653 2285 et
675 2254 717 2285 iv.
739 2254 787 2285 10.
832 2255 894 2285 IIic

235 2305 322 2336 locus
337 2304 498 2335 confirmat
513 2305 549 2335 τὸ
560 2316 614 2344 que
626 2303 754 2345 produci
766 2314 894 2335 caesura.

235 2355 337 2384 Avida:
353 2355 497 2390 volucres,
515 2353 671 2394 improbus
692 2363 792 2388 anser,
808 2353 893 2394 Stry-

234 2402 409 2445 moniaeque
421 2414 522 2444 grues,
533 2403 647 2444 Virgil.
661 2403 776 2443 Georg.
787 2401 810 2432 i.
824 2403 895 2433 119.

235 2454 355 2483 Semina
383 2454 490 2493 legere,
519 2450 687 2494 σπέρματα
712 2450 893 2493 συλλέγειν,

234 2501 358 2544 proprie
373 2501 412 2532 de
428 2501 475 2532 his
490 2501 610 2537 avibus,
625 2512 694 2542 quae
711 2500 783 2532 inde
797 2512 894 2543 σπερ-

234 2551 369 2594 μολόγοι
388 2551 492 2582 dietae.
537 2550 637 2581 Foesii
662 2551 773 2581 OEcon.
794 2550 893 2592 Hipp.

235 2613 266 2642 p.
290 2602 366 2631 348.
414 2601 545 2636 Lolium,
564 2600 751 2630 Germanice
779 2599 895 2638 Trespe.

238 2649 391 2685 Tribulus,
417 2649 604 2680 Germanice
637 2649 837 2685 Barzetdorn,
864 2648 895 2679 in

235 2698 328 2729 ltalia
354 2699 511 2740 frequens.
560 2698 706 2739 Fatigunt
730 2697 895 2739 exquisite,

235 2747 407 2789 impediunt
421 2756 557 2789 segetem
580 2758 703 2788 surgere
722 2753 895 2784 conantem,

963 1186 1032 1207 eam
1055 1180 1212 1207 coercent.
1258 1174 1343 1206 Plin.
1365 1174 1410 1205 iii.
1426 1175 1485 1216 Ep.
1501 1173 1565 1206 xix.
1581 1175 1623 1205 6:

952 1225 1093 1266 felicitas
1105 1224 1355 1266 terraefatigatur
1364 1224 1516 1255 imbecillis
1526 1225 1623 1254 culto-

962 1276 1055 1305 ribus.
1101 1273 1217 1315 virgil.
1239 1273 1356 1314 Georg.
1381 1272 1401 1303 i.
1420 1273 1500 1304 153:
1526 1274 1622 1303 inter-

962 1334 1017 1363 que
1042 1324 1172 1353 nitentia
1198 1323 1293 1358 culta,
1318 1320 1433 1363 Infelix
1465 1322 1567 1352 lolium
1595 1328 1624 1352 et

961 1373 1076 1402 steriles
1090 1373 1284 1402 dominantur
1300 1381 1410 1402 avenae.

1006 1422 1080 1451 487.
1117 1422 1258 1460 Alpheus,
1287 1419 1378 1451 hodie
1409 1420 1538 1456 Carbon,
1567 1419 1621 1450 ubi

965 1470 1084 1500 Elidem
1099 1469 1251 1511 irrigavit,
1266 1470 1341 1500 mari
1356 1468 1622 1510 Peloponnesiaco

962 1518 1147 1554 infunditur,
1171 1518 1227 1549 sed
1250 1518 1307 1549 sub
1332 1517 1408 1548 mari
1432 1527 1623 1559 procurrere,

963 1573 1057 1609 atque
1082 1567 1114 1598 in
1138 1566 1257 1603 Sicilia,
1276 1577 1371 1609 prope
1393 1568 1574 1608 Syracusas,
1589 1566 1622 1597 in

963 1617 1095 1658 Ortygia
1115 1616 1229 1652 insula,
1254 1627 1325 1647 cum
1350 1615 1508 1647 Arethusa
1533 1616 1621 1656 (quae

960 1665 1034 1697 inde
1047 1665 1203 1706 Alpheias)
1220 1676 1317 1707 aquas
1340 1676 1411 1696 suas
1434 1664 1622 1695 confundere

961 1716 1155 1747 credebatur.
1199 1716 1309 1746 Senec.
1333 1715 1410 1746 Nat.
1438 1715 1548 1752 Quest.
1576 1713 1623 1745 iii.

961 1765 1021 1803 263
1042 1765 1164 1801 Strabo,
1175 1776 1205 1795 v.
1220 1776 1253 1807 p.
1268 1765 1350 1803 2703
1372 1764 1507 1794 Pausan.
1522 1763 1622 1794 Eliac.

961 1825 993 1855 p.
1009 1815 1083 1845 390.
1096 1814 1149 1855 qui
1165 1825 1229 1845 rem
1244 1814 1423 1855 comprobat
1439 1813 1622 1844 auctoritate

962 1862 1110 1904 Delphici
1122 1862 1250 1894 oraculi.
1274 1862 1426 1903 Idemque
1437 1872 1518 1893 error
1527 1862 1622 1893 etiam

962 1922 1044 1943 nunc
1060 1918 1144 1942 tenet
1158 1913 1327 1942 multorum
1347 1912 1519 1942 Siculorum
1534 1921 1621 1942 men-

961 1967 1021 1992 tes.
1067 1961 1229 1992 Arethusae
1253 1968 1358 1991 autem
1373 1961 1485 1991 Noster
1504 1960 1569 2002 ipse
1590 1965 1623 1992 et

961 2011 1088 2041 oratoris
1102 2009 1385 2052 deprecatorisque,
1402 2016 1436 2041 ut
1449 2009 1567 2040 Telluri
1585 2009 1620 2040 ii.

961 2060 1024 2089 272
1039 2070 1110 2100 sqq.
1127 2066 1159 2090 et
1174 2058 1287 2090 indicis
1302 2064 1406 2101 partes
1420 2058 1519 2089 dedit.
1555 2058 1620 2100 Op-

961 2109 1034 2139 time
1057 2114 1172 2141 autem.
1189 2118 1223 2138 ut
1245 2118 1262 2138 e
1278 2118 1341 2139 ver.
1356 2108 1419 2138 504
1442 2118 1510 2149 sqq.
1525 2117 1620 2149 appa-

961 2163 1019 2194 ret,
1035 2157 1062 2187 ei
1078 2156 1229 2187 indicium
1251 2157 1404 2188 tribuitur.
1450 2157 1488 2187 In
1509 2156 1539 2187 h.
1555 2157 1620 2187 Ho-

962 2217 1036 2238 mer.
1051 2208 1102 2237 74.
1117 2217 1211 2248 quem
1236 2207 1359 2242 Noster,
1375 2206 1458 2237 Fast.
1477 2206 1522 2236 iv.
1545 2207 1621 2236 583.

961 2257 1111 2298 sequitur,
1129 2267 1193 2288 rem
1207 2256 1261 2287 Sol
1276 2256 1378 2298 prodit
1391 2267 1399 2294 ;
1425 2254 1507 2296 apud
1524 2255 1622 2297 Apol-

961 2306 1112 2342 lodorum,
1129 2305 1377 2340 Hermionenses‚
1393 2304 1468 2346 quia
1484 2304 1524 2335 ad
1540 2305 1621 2335 Her-

961 2355 1095 2386 mionem
1110 2354 1268 2395 Argolidis
1287 2354 1471 2385 descensum
1487 2353 1526 2383 ad
1542 2352 1620 2384 infe·

962 2414 1011 2434 ros
1041 2414 1107 2435 esse
1135 2404 1298 2445 putabant.
1346 2404 1451 2434 Cumas
1476 2415 1493 2432 a
1514 2403 1623 2444 fronte

961 2454 1095 2488 removit,
1110 2458 1170 2483 etc.
1199 2453 1313 2483 Eorum
1329 2451 1382 2492 qui
1398 2451 1437 2482 ad
1452 2451 1620 2482 dicendum

962 2502 1124 2543 prodeunt,
1139 2508 1245 2544 gestus
1267 2501 1381 2543 aliquis
1402 2501 1502 2532 notari
1522 2501 1600 2532 solet
1612 2513 1621 2539 ;
1657 2523 1660 2527 -

962 2551 995 2581 ii.
1017 2552 1100 2582 272:
1126 2557 1158 2583 et
1182 2561 1286 2593 supra,
1308 2561 1396 2581 versu
1423 2551 1496 2581 338.
1540 2550 1619 2580 Haec

962 2607 1088 2631 removet
1111 2611 1215 2636 comas,
1239 2605 1274 2630 ut
1299 2599 1339 2629 iv.
1360 2599 1432 2629 474.
1452 2598 1619 2640 Tisiphone

963 2649 1119 2680 colubras.
1167 2650 1323 2679 Roruutes.
1339 2648 1361 2678 i.
1379 2648 1454 2679 339.

1008 2699 1080 2729 490.
1119 2698 1273 2734 Genetrix,
1304 2698 1385 2728 Dea.
1431 2696 1485 2727 Dii
1512 2706 1616 2726 earum

965 2758 1063 2778 rerum
1091 2749 1249 2789 genitores,
1273 2756 1402 2787 quarum
1430 2755 1536 2776 curam
1564 2755 1618 2785 ge—
