1763 3181
236 172 321 213 424

621 171 673 212 P.
706 169 816 212 OVI
824 169 918 211 DII
951 168 1229 212 NASONIS

240 287 304 334 Et
324 286 485 342 modo,
512 285 553 333 si
577 286 750 349 possit,
777 291 993 333 reserato
1016 291 1217 348 pectore
1241 284 1371 332 diras

238 363 453 426 Egerere
478 362 594 410 inde
618 362 791 426 dapes,
817 361 1146 424 demersaque
1169 361 1358 409 viscera
1382 361 1559 424 gestit:

238 440 347 488 Flet
370 440 533 495 mod0,
560 454 716 502 seque
739 445 883 485 vocat
906 438 1110 485 bustum
1134 438 1414 486 miserabile
1439 439 1570 485 nati:

239 517 285 564 N
292 533 387 564 unc
408 516 634 580 sequitur
657 516 791 563 nudo
817 515 1009 578 genitas
1031 514 1288 563 Pandione
1312 515 1454 562 ferro.

1526 517 1622 562 666

237 595 460 658 Corpora
484 593 818 657 Cecropidum
842 592 1018 656 pennis
1044 593 1261 656 pendere
1285 599 1516 656 putares;

235 671 533 719 Pendebant
555 670 760 734 pennis3
801 686 1010 734 quarum
1033 670 1159 733 petit
1183 670 1337 717 altera
1361 670 1531 726 silvas;

235 748 407 796 Altera
430 754 563 796 tecta
587 747 748 795 subit:
789 762 952 810 neque
973 747 1134 794 adhuc
1160 747 1222 794 de
1246 754 1447 810 pectore
1472 745 1622 793 caedis

239 825 489 874 Effluxere
514 832 662 882 notae,
690 825 984 888 signataque
1010 824 1248 887 sanguine
1271 824 1442 888 pluma
1465 830 1556 871 est.

239 903 331 951 Ille
356 903 524 950 dolore
550 919 655 959 suo,
682 918 943 966 poenaeque
963 901 1197 966 cupidine
1219 901 1379 957 velox,

1528 904 1618 948 671

235 981 457 1028 Vertitur
480 980 530 1027 in
552 980 818 1036 volucrem,
846 979 926 1027 cui
951 986 1086 1027 stant
1109 979 1159 1026 in
1182 978 1368 1027 vertice
1393 978 1583 1035 cristae;

237 1057 494 1106 Prominet
518 1057 837 1105 immodicum
863 1073 951 1122 pro
974 1058 1122 1120 longa
1145 1057 1351 1121 cuspide
1375 1063 1605 1103 rostrum.

240 1134 437 1183 Nomen
463 1135 634 1199 Epops
657 1134 870 1192 volucri;
910 1134 1062 1182 facies
1085 1140 1272 1182 armata
1295 1133 1503 1180 videtur.

240 1212 337 1260 Hic
363 1212 501 1260 dolor
525 1219 640 1261 ante
665 1213 813 1269 diem,
839 1213 1103 1276 longaeque
1128 1218 1351 1259 extrema
1375 1216 1589 1257 senectae

241 1290 504 1354 Tempora,
518 1289 779 1338 Tartareas
791 1289 1050 1336 Pandiona
1063 1288 1198 1335 misit
1212 1288 1274 1335 ad
1289 1288 1506 1334 umbras.
1534 1289 1632 1333 676

305 1367 426 1416 VII.
469 1367 682 1432 Sceptra
710 1367 822 1424 loci,
850 1383 1116 1431 rerumque
1141 1365 1276 1430 capit
1310 1364 1628 1412 moderamen

443 1443 755 1493 Erechtheus
776 1463 788 1502 3

285 1548 359 1579 667.
394 1548 554 1589 Pendere]
579 1548 663 1579 Vide
692 1547 732 1579 ad
759 1547 802 1579 xi.
826 1549 906 1586 3413

240 1597 294 1629 xii.
310 1598 386 1629 566.
433 1598 551 1633 Altera,
567 1597 746 1629 Philomela
764 1597 797 1628 in
811 1597 906 1628 lusci-

242 1647 327 1678 niam
360 1652 492 1684 mutata,
529 1647 610 1689 petit
647 1646 762 1685 silvas;
797 1648 907 1684 altera,

243 1697 362 1728 Procne
385 1697 418 1727 in
440 1696 639 1727 hirundinem
665 1701 798 1732 mutata,
824 1701 908 1727 tecta

242 1745 336 1777 subit.
382 1745 514 1782 Plinius,
535 1757 567 1777 x.
593 1746 646 1776 24.
668 1745 707 1776 de
733 1744 906 1776 hirundini-

242 1795 319 1826 bus:
347 1795 513 1825 Thebarum
536 1801 613 1826 tecta
628 1796 727 1826 subire
741 1800 906 1837 negantur,

243 1845 383 1884 quoniam
401 1846 471 1874 urbs
493 1845 547 1874 illa
570 1855 642 1884 serpe
662 1849 750 1883 capta
771 1846 830 1874 sit:
854 1854 907 1874 nec

248 1892 339 1923 Biziae
355 1895 388 1924 in
406 1893 536 1923 Thracia
548 1899 670 1933 propter
685 1893 795 1923 scelera
813 1891 908 1923 Terei.

243 1943 382 1973 Pausan.
394 1941 493 1972 Phoc.
510 1953 541 1983 p.
555 1942 630 1973 807.
642 1946 757 1978 narrat,
771 1941 803 1971 in
819 1941 907 1971 Dau-

244 1991 308 2023 lide
330 1991 513 2022 hirundines
537 2002 594 2023 nec
610 2001 718 2033 parere
742 2001 799 2021 nec
820 1990 910 2021 nidos

246 2047 376 2072 struere.
421 2040 487 2071 Alii
510 2046 628 2076 tamen,
651 2040 828 2077 Anacreon,
848 2039 911 2071 Od.

248 2091 308 2129 123
331 2089 552 2131 Apollodorus.
568 2090 601 2120 d.
617 2089 659 2128 l.;
681 2089 810 2121 Tzetzes
824 2089 909 2121 Chil.

246 2138 302 2170 vii.
336 2140 415 2178 142;
443 2138 593 2175 Gabrias,
620 2139 688 2169 fab.
715 2139 777 2177 43;
805 2138 910 2169 Schol.

247 2187 408 2230 Aristoph.
424 2187 463 2219 ad
479 2188 578 2224 Aves,
596 2198 660 2218 ver.
681 2188 754 2219 216.
769 2187 908 2223 tradunt,

250 2236 460 2267 Philomelam
474 2236 507 2267 in
520 2236 717 2268 hirundinem
732 2247 798 2268 esse
810 2243 911 2267 muta-

248 2289 325 2322 tam,
341 2285 485 2316 Procnen
500 2290 606 2316 autem
629 2285 661 2316 in
683 2285 857 2322 lusciniam,
873 2285 913 2315 de

249 2345 310 2376 quo
325 2334 466 2366 dissensu
482 2334 546 2365 vid.
563 2334 722 2366 Meursius
743 2334 782 2365 de
799 2334 910 2376 Regno

248 2383 367 2414 Athen.
383 2384 416 2415 ii.
427 2386 457 2415 5.
502 2384 658 2415 Caeterum
675 2384 714 2414 ab
729 2384 789 2415 hac
804 2383 911 2414 fabula

249 2432 382 2463 hirundo
397 2438 525 2464 vocatur
542 2432 730 2471 Πανδιονὶς,
746 2432 829 2475 apud
844 2433 910 2463 He-

249 2481 329 2512 siod.
362 2480 457 2524 Ἐργ.
494 2483 570 2513 568.
615 2482 666 2513 De
689 2493 796 2524 poena,
816 2492 911 2523 quam

250 2530 343 2561 luunt
357 2530 419 2562 illae
435 2531 581 2562 mulieres
601 2531 696 2562 etiam
717 2541 789 2562 aves
805 2531 910 2566 factae,

250 2579 314 2610 vid.
339 2580 458 2611 AElian.
481 2581 524 2611 V.
549 2580 592 2611 H.
625 2580 678 2612 xii.
707 2581 762 2611 20.
810 2580 913 2620 Neque

251 2630 362 2666 adhuc,
378 2634 439 2660 etc.
484 2630 573 2670 Virg.
589 2630 630 2662 G.
642 2629 684 2661 iv.
699 2631 755 2661 15:
778 2631 913 2660 manibus

254 2677 370 2709 Procne
401 2685 504 2718 pectus
538 2680 657 2721 signata
693 2681 836 2715 cruentis,
865 2677 912 2708 hi-

255 2726 363 2758 tundo·

1018 1548 1093 1580 671.
1110 1547 1208 1579 Poenae
1222 1548 1382 1586 cupidine;
1406 1555 1468 1588 qua
1483 1545 1636 1576 Procnem

973 1597 1245 1638 Philomelamque
1282 1596 1432 1627 afficeret.
1487 1595 1634 1637 Upupam

973 1653 1091 1683 autem,
1103 1657 1173 1688 quae
1190 1657 1208 1677 a
1221 1645 1341 1677 Graecis
1354 1657 1437 1686 epops
1448 1644 1638 1686 appellatur,

974 1701 1066 1738 poeta
1080 1695 1237 1727 describit.

1017 1745 1090 1776 674.
1115 1745 1219 1775 Facies
1241 1753 1354 1786 upupae
1378 1750 1495 1774 armata
1514 1743 1637 1775 videtur

975 1794 1015 1825 ob
1038 1794 1149 1825 seriem
1172 1803 1343 1836 pennarum
1366 1792 1548 1833 longiorum,
1564 1803 1637 1833 quae

972 1844 1072 1885 galeae
1088 1844 1184 1875 instar
1199 1843 1231 1874 in
1253 1847 1384 1884 utroque
1399 1842 1495 1873 latere
1511 1842 1550 1873 ad
1570 1853 1635 1874 cer·

974 1893 1074 1924 vicem
1089 1892 1252 1935 procurrit.
1289 1890 1386 1933 Apud
1401 1890 1562 1932 Hyginum
1572 1891 1634 1921 Te-

975 1952 1045 1973 reus
1059 1941 1092 1972 in
1107 1940 1286 1983 accipitrem
1301 1945 1452 1970 mutatur.
1496 1939 1578 1970 Vide
1592 1939 1638 1969 ibi

976 1992 1122 2022 Munker.
1138 1990 1291 2021 Nonnulli
1313 1996 1345 2020 et
1365 1990 1440 2030 Ityn
1460 1988 1493 2019 in
1512 1989 1637 2031 palum-

976 2040 1047 2071 bem
1083 2039 1333 2071 transformatum
1370 2043 1505 2069 narrant.
1557 2038 1645 2068 Ante.

975 2092 1063 2121 diem.
1078 2091 1099 2121 i.
1118 2091 1187 2121 148.
1203 2097 1273 2120 ante
1294 2091 1371 2121 diem
1393 2090 1557 2120 misit—ad
1571 2100 1637 2119 urn-

977 2140 1053 2175 bras,
1071 2138 1235 2181 προΐαψεν
1250 2137 1325 2170 ἂῖδι.

1020 2189 1204 2220 677—721.
1239 2189 1322 2219 Zetes
1344 2192 1375 2219 et
1400 2186 1532 2226 Calais-‚J
1565 2185 1636 2216 Ori-

979 2237 1076 2278 thyia,
1091 2237 1257 2269 Erechthei
1279 2237 1355 2273 filia,
1371 2237 1489 2279 rapitur
1504 2246 1522 2266 a
1538 2235 1639 2265 Borea

979 2294 1081 2324 vento,
1105 2297 1144 2318 ex
1174 2297 1273 2328 eaque
1299 2293 1467 2317 nascuntur
1493 2286 1582 2317 Zetes
1605 2288 1638 2315 et

980 2336 1098 2368 Calais.
1141 2336 1266 2367 Confer.
1295 2335 1441 2377 Orpheus
1471 2334 1546 2376 Arg.
1570 2334 1636 2364 216

976 2396 1044 2427 sqq.
1058 2398 1066 2424 3
1084 2385 1268 2427 Apollonius
1284 2385 1348 2416 Rh.
1359 2385 1380 2416 i.
1396 2386 1456 2415 211
1477 2394 1545 2426 sqq.
1560 2395 1568 2422 3
1589 2383 1633 2413 A-

977 2434 1092 2476 pollod.
1111 2434 1166 2465 lib.
1185 2433 1248 2465 ΙΙΙ.
1263 2445 1314 2464 xv.
1332 2435 1359 2470 l,
1382 2435 1402 2463 2
1420 2444 1489 2475 sqq.
1504 2445 1512 2471 3
1537 2432 1637 2474 Hygi-

978 2493 1047 2519 nus,
1063 2483 1170 2514 fabula
1186 2483 1236 2514 14.
1252 2482 1405 2513 Fabulam
1427 2486 1640 2513 tractaverant

979 2537 1011 2563 et
1027 2531 1198 2573 AEschylus
1221 2537 1316 2573 atque
1330 2531 1513 2574 Sophocles.
1558 2530 1637 2560 Eam

979 2581 1115 2623 explicat
1143 2581 1326 2612 Parrhasius
1355 2580 1437 2623 apud
1467 2579 1635 2611 Claudian.

979 2629 1078 2671 Rapt.
1092 2629 1125 2660 ii.
1144 2631 1201 2661 19:
1229 2634 1251 2648 “
1272 2629 1343 2661 Fuit
1364 2635 1396 2660 et
1417 2628 1588 2671 Strymonis
1603 2628 1639 2658 fi-

979 2679 1039 2710 lius
1055 2680 1181 2716 Boreas,
1197 2679 1348 2721 Orithyiae
1363 2684 1475 2721 raptor,
1486 2684 1521 2709 ut
1532 2679 1638 2718 Isago-

979 2738 1028 2759 ras
1042 2727 1073 2759 in
1086 2728 1254 2770 Megaricis
1266 2728 1378 2767 tradit3
1394 2727 1447 2759 sed
1460 2732 1558 2769 poetae
1574 2736 1637 2757 rem
