1729 3207
379 208 1000 251 METAMORPHOSEON
1036 209 1154 250 LIB.
1185 208 1220 249 Ι.
1436 211 1494 251 99

110 325 218 373 Nec
243 325 391 373 maris
416 326 487 373 ira
507 332 701 382 manet3
732 324 997 388 positoque
1020 323 1292 388 tricuspide
1316 325 1415 371 telo

109 401 302 449 Mulcet
326 418 481 466 aquas
507 409 669 451 rector
693 401 857 465 pelagi
877 418 886 448 :
916 416 1167 464 supraque
1191 400 1490 465 profundum

109 479 421 536 Exstantem‚
439 486 591 543 atque
616 480 848 527 humeros
873 478 1041 525 innato
1067 477 1255 525 murice
1280 484 1487 533 tectum,

109 556 391 604 Caeruleum
410 557 615 605 Tritona
637 563 797 613 vocat,
825 556 1129 618 conchaeque
1154 555 1325 602 sonaci

108 633 357 698 Inspirare
376 636 549 698 jubet;
589 635 871 698 fluctusque
898 641 948 681 et
972 633 1179 681 flumina
1203 633 1345 695 signo

105 710 135 757 J
140 727 219 758 am
237 728 467 761 revocare
488 713 632 761 dato:
661 730 782 761 cava
804 713 1016 760 buccina
1034 711 1245 759 sumitur
1264 711 1333 757 illi

1393 714 1488 758 335

106 788 321 846 Tortilis,
349 790 399 837 in
423 791 579 838 latum
605 807 718 854 quae
742 790 940 837 turbine
965 788 1145 836 crescit
1170 788 1232 835 ab
1259 787 1387 834 imo:

109 865 346 924 Buccina,
375 884 487 931 quae
507 868 670 916 medio
695 866 925 930 concepit
948 873 1004 913 ut
1029 881 1143 912 aera
1167 872 1334 928 ponto,

108 941 275 991 Litora
297 961 418 993 voce
442 946 616 1010 replet,
644 946 736 992 sub
761 952 972 1008 utroque
992 943 1212 1007 jacentia
1237 941 1445 988 Phoebo.

106 1019 233 1067 Tum
259 1038 476 1086 quoque,
503 1030 559 1071 ut
583 1039 668 1071 ora
693 1022 787 1070 Dei
813 1021 1012 1069 madida
1037 1020 1251 1068 rorantia
1275 1020 1429 1066 barba

149 1177 224 1208 330.
248 1177 412 1218 Positoque,
428 1179 508 1220 etc.]
534 1179 618 1210 Hinc
641 1189 765 1221 quoque

107 1225 168 1257 Dei
192 1225 368 1259 interventu
398 1239 445 1260 res
473 1229 590 1270 geritur
619 1235 650 1260 et
675 1240 764 1271 aquae

105 1282 285 1318 spectantur
299 1283 334 1308 ut
347 1278 473 1310 milites.
504 1279 680 1320 Triczcspz'de
695 1282 763 1315 telo,

107 1324 260 1357 tridente:
282 1327 390 1358 Valer.
410 1327 500 1359 Flac.
521 1327 543 1359 i.
563 1329 636 1360 642.
662 1330 766 1369 trifida

108 1375 192 1404 hasta
204 1386 214 1411 ,·
237 1374 369 1408 Anthol.
388 1376 430 1407 iv.
448 1387 517 1419 cap.
532 1377 576 1408 xi.
592 1377 698 1420 Epigr.
714 1379 765 1409 64.

107 1423 253 1465 τριβελὲς
274 1423 363 1467 δόρυ·
390 1436 442 1467 ap.
464 1427 619 1469 Lycophr.
635 1439 698 1459 ver.
713 1429 766 1461 96.

107 1478 219 1504 terram
233 1474 370 1517 percutit
383 1476 554 1519 τριωνύχῳ
570 1477 648 1520 δορί.

149 1523 224 1554 331.
246 1524 374 1562 Mulcet,
392 1532 514 1557 coercet
538 1537 654 1569 aquas:
678 1528 765 1569 Virg.

107 1572 236 1604 AEneid.
256 1573 277 1604 i.
302 1575 355 1605 57.
388 1575 500 1607 AEolus
529 1578 627 1607 mollit
656 1579 766 1608 animos

108 1626 291 1663 ventorum;
315 1623 417 1656 eidem
435 1626 559 1668 Jupiter
582 1627 671 1658 dedit
686 1629 763 1658 mul-

107 1681 173 1701 cere
174 1672 305 1712 fluctus,
321 1673 363 1705 ib.
378 1685 440 1705 ver.
455 1675 507 1706 66.

151 1721 227 1752 332.
246 1723 265 1752 I
267 1730 358 1754 nuato
372 1725 513 1766 murice]
533 1726 684 1768 Ingenitis
698 1737 765 1758 mu—

107 1769 222 1802 ricibus
236 1772 287 1802 vel
310 1779 469 1814 gerentem
489 1774 626 1806 humeris
645 1776 766 1817 ingeni-

109 1825 155 1851 tos
169 1820 229 1852 sibi
244 1821 378 1853 murices
393 1829 424 1854 et
436 1824 582 1856 conchas.

153 1872 228 1904 333.
254 1872 407 1914 Tritona]
426 1874 581 1917 Receptui
597 1876 681 1907 canit
700 1877 766 1908 Tri-

111 1927 172 1957 ton,
201 1922 341 1964 Neptuni
368 1923 450 1955 filius
483 1930 516 1956 et
551 1926 687 1963 tubicen,
712 1927 767 1969 qui

110 1970 251 2002 buccinae
272 1971 340 2003 loco
362 1975 502 2005 concham
524 1975 630 2011 habet,
647 1981 679 2007 et
699 1977 767 2018 qui-

111 2018 182 2050 dem
199 2022 338 2058 tortilem,
348 2024 382 2053 in
397 2024 503 2061 latum,
518 2030 578 2055 etc.
592 2037 598 2054 :
616 2025 647 2055 h.
659 2036 687 2056 e.
698 2037 768 2068 quae

111 2069 150 2099 ab
170 2068 233 2100 imo
256 2076 359 2106 acuta,
375 2072 526 2113 paulatim
546 2074 580 2104 fit
599 2074 699 2112 latior,
715 2086 768 2106 ve-

110 2116 168 2148 luti
194 2129 228 2150 se
256 2118 290 2151 in
317 2131 427 2162 gyrum
454 2123 646 2164 torquendo:
685 2127 769 2156 εἰη-ἔω

111 2166 194 2198 enim
222 2167 387 2212 quidquid,
414 2171 483 2202 coni
511 2171 618 2209 instar,
641 2174 680 2204 ab
707 2173 768 2205 imo

111 2221 248 2253 acutum,
259 2219 333 2249 etin
345 2230 464 2250 summo
475 2220 569 2252 latius
585 2228 643 2253 est.
674 2223 768 2254 Tales

110 2266 237 2298 conchae
258 2267 353 2299 etiam
371 2268 463 2301 hodie
478 2276 627 2302 vocantur
647 2271 766 2303 Triton-

111 2315 260 2348 shoerner.
297 2317 415 2350 Iisdem
439 2325 470 2350 et
496 2320 570 2350 olim
595 2320 668 2351 Indi
691 2322 766 2353 buc-

110 2363 250 2396 cinarum
280 2366 348 2398 loco
377 2369 563 2400 utebantur:
594 2369 660 2401 vid.
680 2370 768 2401 Mul-

112 2413 195 2446 lerus
222 2415 262 2446 ad
288 2416 399 2449 Linnei
423 2418 568 2459 Systema
592 2420 669 2450 Nat.
694 2425 768 2451 tom.

112 2461 154 2494 vi.
175 2474 209 2505 p.
238 2465 298 2496 102
322 2471 354 2497 et
376 2468 449 2498 515.
493 2468 565 2509 Ipse
590 2468 697 2499 Triton
725 2469 770 2500 ita

113 2517 219 2544 natare
247 2515 378 2552 solebat,
405 2521 440 2547 ut
476 2516 600 2548 inferior
636 2518 770 2560 corporis

111 2571 193 2602 pars,
208 2573 278 2604 quae
298 2564 417 2605 piscem
437 2565 600 2603 referebat,
616 2567 673 2597 sub
690 2577 771 2608 aqua

112 2609 233 2649 lateret,
248 2613 386 2655 superior
409 2620 513 2647 autem
534 2628 624 2655 supra
643 2617 771 2658 prafun-

113 2660 184 2690 dum
203 2668 340 2694 exstaret.
377 2664 507 2695 Humerz'
524 2665 600 2695 teeti
620 2671 709 2696 erant
723 2667 770 2696 in-

113 2715 183 2739 nato
196 2713 319 2742 murice.
351 2714 456 2751 Quum
468 2726 570 2745 »ΜΗ-εκ
585 2725 682 2756 genus
696 2725 769 2746 con-

115 2757 181 2789 chae
206 2760 256 2796 sit,
280 2762 368 2803 cujus
392 2773 428 2794 ex
455 2763 607 2804 sanguine
636 2775 772 2805 purpura

832 1179 1045 1214 conficeretur,
1061 1175 1203 1207 nonnulli
1225 1185 1260 1206 ex
1285 1175 1314 1205 h.
1330 1174 1353 1205 l.
1376 1185 1491 1216 purpu—

833 1239 919 1260 reum
939 1227 1027 1258 nobis
1049 1226 1177 1257 Tritona
1201 1225 1366 1255 finxerunt.
1408 1224 1493 1254 Infra

833 1279 874 1310 iv.
902 1279 976 1309 724.
1005 1276 1117 1308 belluae
1150 1274 1275 1306 marinae
1304 1281 1386 1315 terga
1416 1276 1494 1304 cavis

832 1339 920 1368 super
943 1329 1033 1358 obsita
1053 1326 1180 1361 conchis,
1200 1323 1306 1366 qualia
1325 1334 1408 1364 saepe
1428 1334 1492 1353 cer—

835 1383 950 1408 nuntur
984 1377 1176 1407 balaenarum
1213 1378 1309 1414 terga.
1357 1373 1493 1403 Pausan.

834 1427 939 1457 Boeot.
961 1437 992 1467 p.
1014 1425 1088 1459 454,
1115 1428 1230 1458 narrat,
1254 1421 1318 1452 veri
1344 1420 1492 1456 Tritonis,

835 1487 929 1518 quem
953 1476 1018 1517 ipse
1038 1473 1161 1509 viderit,
1183 1482 1293 1513 corpus
1318 1471 1494 1501 horrescere

834 1526 920 1557 tenui
937 1534 1076 1566 squama,
1092 1521 1196 1564 φολίδι
1210 1522 1328 1562 λεπτῇ.
1357 1519 1417 1550 Sed
1434 1519 1493 1550 loe.

834 1575 957 1607 classic.
978 1574 1061 1605 unde
1086 1572 1140 1603 alii
1162 1572 1345 1605 hauserunt,
1372 1575 1419 1600 est
1443 1580 1493 1610 ap.

834 1614 984 1667 Apollon.
1010 1623 1052 1654 iv.
1080 1622 1161 1652 1610
1186 1631 1255 1662 sqq.
1316 1619 1494 1657 Conchaeque

833 1676 942 1705 sonaci.
987 1674 1034 1704 Ex
1051 1670 1194 1713 opinione
1212 1674 1243 1700 et
1264 1667 1412 1709 religione
1428 1668 1494 1697 Ve-

834 1730 933 1755 terum
952 1720 1217 1763 interpretandum
1237 1723 1343 1749 censet
1357 1716 1494 1747 Turneb.

834 1774 889 1804 lib.
904 1773 950 1803 Π.
964 1782 1033 1813 cap.
1049 1770 1112 1801 xxi.
1132 1767 1323 1799 credentium
1334 1766 1494 1796 Tritonem

836 1822 976 1865 Neptuni
997 1819 1233 1852 buccinatorem
1253 1826 1366 1847 canoro
1385 1814 1494 1844 imma-

836 1873 930 1915 nique
944 1871 1078 1903 clamore
1094 1879 1191 1910 aquus
1205 1867 1365 1907 increpare
1380 1871 1412 1895 et
1427 1869 1496 1894 tan-

836 1932 930 1964 quam
960 1919 1077 1951 auritas
1099 1927 1220 1952 vocare,
1245 1925 1314 1957 quae
1345 1914 1411 1956 ejus
1438 1913 1495 1943 im-

835 1972 919 2014 perio
934 1968 1152 2001 consueverint
1166 1976 1285 2008 parere.

878 2022 953 2052 335.
980 2015 1243 2056 Cava-tortilis]
1269 2015 1342 2045 Duo
1357 2012 1496 2054 epitheta

835 2070 890 2103 uni
905 2069 1021 2102 nomini
1041 2067 1161 2103 addita,
1181 2065 1265 2107 quod
1287 2074 1348 2094 non
1368 2072 1494 2103 magno-

835 2132 908 2164 pere
922 2120 1078 2162 probatur.

879 2172 952 2201 336.
979 2168 1129 2208 Tortilis]
1153 2167 1280 2197 Retorca
1300 2162 1333 2193 in
1356 2159 1496 2192 latitudi-

836 2231 918 2251 nem.
965 2220 1037 2254 Quae
1059 2219 1179 2248 turbine
1197 2214 1314 2246 crescit.
1351 2212 1431 2248 Quae
1456 2210 1495 2239 ab

834 2280 886 2301 ore
907 2273 1039 2311 angusto
1059 2265 1168 2307 incipit
1187 2269 1218 2295 et
1239 2262 1271 2293 in
1287 2260 1426 2303 amplum
1440 2258 1495 2289 de-

835 2319 910 2351 sinit
924 2320 964 2350 ad
979 2317 1111 2350 turbinis
1126 2312 1374 2346 similitudinem.

879 2369 956 2400 337.
973 2369 1117 2407 Concepit
1129 2372 1164 2396 ut
1180 2362 1278 2402 aera]
1305 2360 1421 2391 Inflata
1437 2362 1495 2393 est,

836 2417 1103 2461 quemadmodum
1130 2414 1203 2445 vela.
1227 2412 1400 2449 concipiunt
1419 2417 1494 2438 ven-

836 2474 894 2504 tos,
910 2477 1020 2509 pennae
1036 2465 1141 2496 avium
1157 2472 1268 2499 auras;
1283 2465 1330 2495 ut,
1346 2456 1482 2499 quando.

880 2518 955 2549 338.
987 2517 1070 2551 Voce,
1094 2513 1207 2545 sonitu.
1245 2510 1317 2545 Vooe,
1343 2512 1376 2538 ut
1390 2506 1494 2548 φωνὴ,

838 2566 937 2597 omnis
960 2576 1073 2596 sonus:
1100 2562 1169 2594 vide
1191 2562 1299 2591 Burin.
1344 2557 1395 2587 De
1418 2555 1495 2585 buc-

839 2616 911 2646 cina
943 2615 1036 2646 etiam
1063 2613 1152 2654 Virg.
1182 2608 1311 2641 AEneid.
1340 2604 1393 2636 vii.
1421 2604 1496 2634 519.

840 2666 900 2696 Sub
923 2672 1059 2704 utroque,
1081 2668 1140 2693 etc.
1163 2660 1256 2691 litora
1280 2652 1442 2688 orientalia
1464 2658 1496 2683 et

838 2714 1054 2746 occidentalia.

882 2765 955 2795 339.
974 2763 1114 2796 Madida,
1132 2758 1212 2798 etc.]
1232 2752 1388 2796 Graphice
1406 2749 1494 2782 addi-
