<?xml version="1.0" encoding="UTF-8"?>
<!DOCTYPE html PUBLIC "-//W3C//DTD XHTML 1.0 Transitional//EN"
    "http://www.w3.org/TR/xhtml1/DTD/xhtml1-transitional.dtd">
<html xmlns="http://www.w3.org/1999/xhtml" xml:lang="en" lang="en">
 <head>
  <title>
</title>
<meta http-equiv="Content-Type" content="text/html;charset=utf-8" />
  <meta name='ocr-system' content='tesseract 3.04.00' />
  <meta name='ocr-capabilities' content='ocr_page ocr_carea ocr_par ocr_line ocrx_word'/>
</head>
<body>
  <div class='ocr_page' id='page_1' title='image "./povidiinasonisop03oviduoft_0298.png"; bbox 0 0 1763 3181; ppageno 0'>
   <div class='ocr_carea' id='block_1_1' title="bbox 190 173 277 215">
    <p class='ocr_par' dir='ltr' id='par_1_1' title="bbox 190 173 277 215">
     <span class='ocr_line' id='line_1_1' title="bbox 190 173 277 215; baseline 0.011 -1"><span class='ocrx_word' id='word_1_1' title='bbox 190 173 277 215; x_wconf 72' lang='lat'>288</span> 
     </span>
    </p>
   </div>
   <div class='ocr_carea' id='block_1_2' title="bbox 585 170 1192 212">
    <p class='ocr_par' dir='ltr' id='par_1_2' title="bbox 585 170 1192 212">
     <span class='ocr_line' id='line_1_2' title="bbox 585 170 1192 212; baseline -0.002 0"><span class='ocrx_word' id='word_1_2' title='bbox 585 173 634 212; x_wconf 92' lang='grc' dir='ltr'>Ρ.</span> <span class='ocrx_word' id='word_1_3' title='bbox 669 170 881 212; x_wconf 89' lang='lat' dir='ltr'>OVIDII</span> <span class='ocrx_word' id='word_1_4' title='bbox 915 170 1192 212; x_wconf 88' lang='lat' dir='ltr'><strong>NASONIS</strong></span> 
     </span>
    </p>
   </div>
   <div class='ocr_carea' id='block_1_3' title="bbox 196 284 1581 425">
    <p class='ocr_par' dir='ltr' id='par_1_3' title="bbox 196 284 1581 425">
     <span class='ocr_line' id='line_1_3' title="bbox 196 284 1514 349; baseline -0.002 -14"><span class='ocrx_word' id='word_1_5' title='bbox 196 289 498 343; x_wconf 81' lang='lat' dir='ltr'>Paruerant3</span> <span class='ocrx_word' id='word_1_6' title='bbox 539 286 859 349; x_wconf 84' lang='lat' dir='ltr'>thalamoque</span> <span class='ocrx_word' id='word_1_7' title='bbox 887 284 1026 332; x_wconf 91' lang='lat' dir='ltr'>Deus</span> <span class='ocrx_word' id='word_1_8' title='bbox 1052 284 1158 332; x_wconf 86' lang='lat' dir='ltr'>sine</span> <span class='ocrx_word' id='word_1_9' title='bbox 1178 291 1307 332; x_wconf 88' lang='lat' dir='ltr'>teste</span> <span class='ocrx_word' id='word_1_10' title='bbox 1328 284 1514 340; x_wconf 87' lang='lat' dir='ltr'>relicto,</span> 
     </span>
     <span class='ocr_line' id='line_1_4' title="bbox 198 361 1581 425; baseline -0.002 -15"><span class='ocrx_word' id='word_1_11' title='bbox 198 371 227 387; x_wconf 92' lang='lat'><strong>“</strong></span> <span class='ocrx_word' id='word_1_12' title='bbox 258 364 348 410; x_wconf 93' lang='lat' dir='ltr'>Ille</span> <span class='ocrx_word' id='word_1_13' title='bbox 382 379 474 425; x_wconf 83' lang='lat' dir='ltr'>ego</span> <span class='ocrx_word' id='word_1_14' title='bbox 511 362 670 419; x_wconf 87' lang='lat' dir='ltr'>sum,&#39;&#39;</span> <span class='ocrx_word' id='word_1_15' title='bbox 697 362 839 417; x_wconf 87' lang='lat' dir='ltr'>dixit,</span> <span class='ocrx_word' id='word_1_16' title='bbox 869 367 899 385; x_wconf 92' lang='lat'><strong>“</strong></span> <span class='ocrx_word' id='word_1_17' title='bbox 928 361 1013 424; x_wconf 91' lang='lat' dir='ltr'>qui</span> <span class='ocrx_word' id='word_1_18' title='bbox 1051 362 1252 424; x_wconf 84' lang='lat' dir='ltr'>longum</span> <span class='ocrx_word' id='word_1_19' title='bbox 1286 361 1464 408; x_wconf 90' lang='lat' dir='ltr'>metior</span> <span class='ocrx_word' id='word_1_20' title='bbox 1495 377 1581 408; x_wconf 86' lang='lat' dir='ltr'>an-</span> 
     </span>
    </p>
   </div>
   <div class='ocr_carea' id='block_1_4' title="bbox 396 455 543 493">
    <p class='ocr_par' dir='ltr' id='par_1_4' title="bbox 396 455 543 493">
     <span class='ocr_line' id='line_1_5' title="bbox 396 455 543 493; baseline -0.007 -7"><span class='ocrx_word' id='word_1_21' title='bbox 396 455 514 486; x_wconf 83' lang='lat' dir='ltr'>num</span> <span class='ocrx_word' id='word_1_22' title='bbox 533 457 543 493; x_wconf 69' lang='grc' dir='ltr'><strong>ζ</strong></span> 
     </span>
    </p>
   </div>
   <div class='ocr_carea' id='block_1_5' title="bbox 200 514 1547 579">
    <p class='ocr_par' dir='ltr' id='par_1_5' title="bbox 200 514 1547 579">
     <span class='ocr_line' id='line_1_6' title="bbox 200 514 1547 579; baseline -0.002 -16"><span class='ocrx_word' id='word_1_23' title='bbox 200 516 384 563; x_wconf 90' lang='lat' dir='ltr'>Omnia</span> <span class='ocrx_word' id='word_1_24' title='bbox 407 515 493 579; x_wconf 91' lang='lat' dir='ltr'>qui</span> <span class='ocrx_word' id='word_1_25' title='bbox 517 515 688 571; x_wconf 88' lang='lat' dir='ltr'>video;</span> <span class='ocrx_word' id='word_1_26' title='bbox 729 531 817 578; x_wconf 88' lang='lat' dir='ltr'>per</span> <span class='ocrx_word' id='word_1_27' title='bbox 843 530 994 578; x_wconf 89' lang='lat' dir='ltr'>quem</span> <span class='ocrx_word' id='word_1_28' title='bbox 1018 514 1156 562; x_wconf 87' lang='lat' dir='ltr'>videt</span> <span class='ocrx_word' id='word_1_29' title='bbox 1181 515 1347 562; x_wconf 88' lang='lat' dir='ltr'>omnia</span> <span class='ocrx_word' id='word_1_30' title='bbox 1369 515 1547 571; x_wconf 87' lang='lat' dir='ltr'>tellus;</span> 
     </span>
    </p>
   </div>
   <div class='ocr_carea' id='block_1_6' title="bbox 201 591 1220 655">
    <p class='ocr_par' dir='ltr' id='par_1_6' title="bbox 201 591 1220 655">
     <span class='ocr_line' id='line_1_7' title="bbox 201 591 1220 655; baseline -0.001 -16"><span class='ocrx_word' id='word_1_31' title='bbox 201 592 378 640; x_wconf 89' lang='lat' dir='ltr'>Mundi</span> <span class='ocrx_word' id='word_1_32' title='bbox 404 592 605 640; x_wconf 86' lang='lat' dir='ltr'>oculus:</span> <span class='ocrx_word' id='word_1_33' title='bbox 645 592 781 644; x_wconf 82' lang='lat' dir='ltr'>mihi,</span> <span class='ocrx_word' id='word_1_34' title='bbox 809 591 972 647; x_wconf 89' lang='lat' dir='ltr'>crede,</span> <span class='ocrx_word' id='word_1_35' title='bbox 999 591 1220 655; x_wconf 89' lang='lat' dir='ltr'>places.&#39;’</span> 
     </span>
    </p>
   </div>
   <div class='ocr_carea' id='block_1_7' title="bbox 397 677 635 733">
    <p class='ocr_par' dir='ltr' id='par_1_7' title="bbox 397 677 635 733">
     <span class='ocr_line' id='line_1_8' title="bbox 397 677 635 733; baseline 0.004 -17"><span class='ocrx_word' id='word_1_36' title='bbox 397 677 635 733; x_wconf 84' lang='lat' dir='ltr'>metuque</span> 
     </span>
    </p>
   </div>
   <div class='ocr_carea' id='block_1_8' title="bbox 1290 591 1583 649">
    <p class='ocr_par' dir='ltr' id='par_1_8' title="bbox 1290 591 1583 649">
     <span class='ocr_line' id='line_1_9' title="bbox 1290 591 1583 649; baseline -0.003 -11"><span class='ocrx_word' id='word_1_37' title='bbox 1290 591 1448 639; x_wconf 87' lang='lat' dir='ltr'>Pavet</span> <span class='ocrx_word' id='word_1_38' title='bbox 1472 592 1554 638; x_wconf 90' lang='lat' dir='ltr'>illa</span> <span class='ocrx_word' id='word_1_39' title='bbox 1571 610 1583 649; x_wconf 91' lang='lat'>;</span> 
     </span>
    </p>
   </div>
   <div class='ocr_carea' id='block_1_9' title="bbox 198 745 1588 1196">
    <p class='ocr_par' dir='ltr' id='par_1_9' title="bbox 201 745 1373 808">
     <span class='ocr_line' id='line_1_10' title="bbox 201 745 1373 808; baseline -0.003 -14"><span class='ocrx_word' id='word_1_40' title='bbox 201 746 266 794; x_wconf 88' lang='lat' dir='ltr'>Et</span> <span class='ocrx_word' id='word_1_41' title='bbox 292 747 429 794; x_wconf 92' lang='lat' dir='ltr'>colus</span> <span class='ocrx_word' id='word_1_42' title='bbox 456 754 506 794; x_wconf 91' lang='lat' dir='ltr'>et</span> <span class='ocrx_word' id='word_1_43' title='bbox 529 745 667 793; x_wconf 89' lang='lat' dir='ltr'>fusus</span> <span class='ocrx_word' id='word_1_44' title='bbox 693 745 862 808; x_wconf 80' lang='lat' dir='ltr'>digitis</span> <span class='ocrx_word' id='word_1_45' title='bbox 888 745 1113 793; x_wconf 82' lang='lat' dir='ltr'>cecidere</span> <span class='ocrx_word' id='word_1_46' title='bbox 1139 745 1373 793; x_wconf 89' lang='lat' dir='ltr'>remissis.</span> 
     </span>
    </p>

    <p class='ocr_par' dir='ltr' id='par_1_10' title="bbox 198 822 1588 961">
     <span class='ocr_line' id='line_1_11' title="bbox 202 822 1588 887; baseline -0.002 -16"><span class='ocrx_word' id='word_1_47' title='bbox 202 824 318 887; x_wconf 91' lang='lat' dir='ltr'>Ipse</span> <span class='ocrx_word' id='word_1_48' title='bbox 342 824 488 870; x_wconf 91' lang='lat' dir='ltr'>timor</span> <span class='ocrx_word' id='word_1_49' title='bbox 512 822 709 870; x_wconf 86' lang='lat' dir='ltr'>decuit:</span> <span class='ocrx_word' id='word_1_50' title='bbox 749 838 842 870; x_wconf 92' lang='lat' dir='ltr'>nec</span> <span class='ocrx_word' id='word_1_51' title='bbox 866 822 1062 884; x_wconf 83' lang='lat' dir='ltr'>longius</span> <span class='ocrx_word' id='word_1_52' title='bbox 1088 822 1170 869; x_wconf 91' lang='lat' dir='ltr'>ille</span> <span class='ocrx_word' id='word_1_53' title='bbox 1194 830 1429 877; x_wconf 89' lang='lat' dir='ltr'>moratus,</span> <span class='ocrx_word' id='word_1_54' title='bbox 1490 824 1588 868; x_wconf 84' lang='lat'>230</span> 
     </span>
     <span class='ocr_line' id='line_1_12' title="bbox 198 899 1418 961; baseline -0.002 -14"><span class='ocrx_word' id='word_1_55' title='bbox 198 900 259 947; x_wconf 88' lang='lat' dir='ltr'>In</span> <span class='ocrx_word' id='word_1_56' title='bbox 282 916 448 948; x_wconf 87' lang='lat' dir='ltr'>veram</span> <span class='ocrx_word' id='word_1_57' title='bbox 473 900 620 948; x_wconf 89' lang='lat' dir='ltr'>rediit</span> <span class='ocrx_word' id='word_1_58' title='bbox 643 899 836 955; x_wconf 87' lang='lat' dir='ltr'>faciem,</span> <span class='ocrx_word' id='word_1_59' title='bbox 865 899 1165 961; x_wconf 89' lang='lat' dir='ltr'>solitumque</span> <span class='ocrx_word' id='word_1_60' title='bbox 1191 899 1418 946; x_wconf 89' lang='lat' dir='ltr'>nitorem.</span> 
     </span>
    </p>

    <p class='ocr_par' dir='ltr' id='par_1_11' title="bbox 199 975 1270 1040">
     <span class='ocr_line' id='line_1_13' title="bbox 199 975 1270 1040; baseline -0.002 -16"><span class='ocrx_word' id='word_1_61' title='bbox 199 977 267 1024; x_wconf 91' lang='lat' dir='ltr'>At</span> <span class='ocrx_word' id='word_1_62' title='bbox 290 977 442 1040; x_wconf 84' lang='lat' dir='ltr'>virgo,</span> <span class='ocrx_word' id='word_1_63' title='bbox 473 977 698 1040; x_wconf 88' lang='lat' dir='ltr'>quamvis</span> <span class='ocrx_word' id='word_1_64' title='bbox 725 975 927 1040; x_wconf 91' lang='lat' dir='ltr'>inopino</span> <span class='ocrx_word' id='word_1_65' title='bbox 951 976 1123 1023; x_wconf 87' lang='lat' dir='ltr'>territa</span> <span class='ocrx_word' id='word_1_66' title='bbox 1146 976 1270 1032; x_wconf 89' lang='lat' dir='ltr'>visu,</span> 
     </span>
    </p>

    <p class='ocr_par' dir='ltr' id='par_1_12' title="bbox 200 1053 1502 1196">
     <span class='ocr_line' id='line_1_14' title="bbox 200 1053 1502 1118; baseline -0.001 -18"><span class='ocrx_word' id='word_1_67' title='bbox 200 1055 348 1102; x_wconf 90' lang='lat' dir='ltr'>Victa</span> <span class='ocrx_word' id='word_1_68' title='bbox 372 1055 528 1102; x_wconf 87' lang='lat' dir='ltr'>nitore</span> <span class='ocrx_word' id='word_1_69' title='bbox 556 1055 668 1110; x_wconf 94' lang='lat' dir='ltr'>Dei,</span> <span class='ocrx_word' id='word_1_70' title='bbox 695 1054 858 1118; x_wconf 88' lang='lat' dir='ltr'>posita</span> <span class='ocrx_word' id='word_1_71' title='bbox 881 1053 980 1100; x_wconf 87' lang='lat' dir='ltr'>vim</span> <span class='ocrx_word' id='word_1_72' title='bbox 1005 1069 1155 1117; x_wconf 89' lang='lat' dir='ltr'>passa</span> <span class='ocrx_word' id='word_1_73' title='bbox 1179 1053 1386 1117; x_wconf 85' lang='lat' dir='ltr'>querela</span> <span class='ocrx_word' id='word_1_74' title='bbox 1409 1059 1502 1100; x_wconf 90' lang='lat' dir='ltr'>est.</span> 
     </span>
     <span class='ocr_line' id='line_1_15' title="bbox 203 1130 1439 1196; baseline -0.002 -17"><span class='ocrx_word' id='word_1_75' title='bbox 203 1132 389 1180; x_wconf 86' lang='lat' dir='ltr'>Invidit</span> <span class='ocrx_word' id='word_1_76' title='bbox 415 1132 599 1196; x_wconf 86' lang='lat' dir='ltr'>Clytie,</span> <span class='ocrx_word' id='word_1_77' title='bbox 627 1149 791 1196; x_wconf 88' lang='lat' dir='ltr'>neque</span> <span class='ocrx_word' id='word_1_78' title='bbox 816 1132 948 1180; x_wconf 91' lang='lat' dir='ltr'>enim</span> <span class='ocrx_word' id='word_1_79' title='bbox 973 1132 1257 1179; x_wconf 89' lang='lat' dir='ltr'>moderatus</span> <span class='ocrx_word' id='word_1_80' title='bbox 1280 1130 1331 1177; x_wconf 91' lang='lat' dir='ltr'>in</span> <span class='ocrx_word' id='word_1_81' title='bbox 1355 1130 1439 1177; x_wconf 89' lang='lat' dir='ltr'>illa</span> 
     </span>
    </p>
   </div>
   <div class='ocr_carea' id='block_1_10' title="bbox 205 1208 1394 1272">
    <p class='ocr_par' dir='ltr' id='par_1_13' title="bbox 205 1208 1394 1272">
     <span class='ocr_line' id='line_1_16' title="bbox 205 1208 1394 1272; baseline -0.003 -15"><span class='ocrx_word' id='word_1_82' title='bbox 205 1210 336 1257; x_wconf 83' lang='lat' dir='ltr'>Solis</span> <span class='ocrx_word' id='word_1_83' title='bbox 362 1226 498 1257; x_wconf 86' lang='lat' dir='ltr'>amor</span> <span class='ocrx_word' id='word_1_84' title='bbox 522 1209 698 1266; x_wconf 90' lang='lat' dir='ltr'>fuerat,</span> <span class='ocrx_word' id='word_1_85' title='bbox 727 1209 1082 1272; x_wconf 81' lang='lat' dir='ltr'>stimulataque</span> <span class='ocrx_word' id='word_1_86' title='bbox 1104 1208 1296 1272; x_wconf 89' lang='lat' dir='ltr'>pellicis</span> <span class='ocrx_word' id='word_1_87' title='bbox 1322 1208 1394 1254; x_wconf 88' lang='lat' dir='ltr'>ira</span> 
     </span>
    </p>
   </div>
   <div class='ocr_carea' id='block_1_11' title="bbox 1494 1208 1590 1253">
    <p class='ocr_par' dir='ltr' id='par_1_14' title="bbox 1494 1208 1590 1253">
     <span class='ocr_line' id='line_1_17' title="bbox 1494 1208 1590 1253; baseline 0.01 -1"><span class='ocrx_word' id='word_1_88' title='bbox 1494 1208 1590 1253; x_wconf 88' lang='lat'>235</span> 
     </span>
    </p>
   </div>
   <div class='ocr_carea' id='block_1_12' title="bbox 202 1284 1557 1503">
    <p class='ocr_par' dir='ltr' id='par_1_15' title="bbox 202 1284 1557 1503">
     <span class='ocr_line' id='line_1_18' title="bbox 202 1284 1415 1349; baseline -0.002 -17"><span class='ocrx_word' id='word_1_89' title='bbox 202 1287 389 1349; x_wconf 87' lang='lat' dir='ltr'>Vulgat</span> <span class='ocrx_word' id='word_1_90' title='bbox 413 1287 744 1343; x_wconf 84' lang='lat' dir='ltr'>adulterium3</span> <span class='ocrx_word' id='word_1_91' title='bbox 785 1285 1195 1348; x_wconf 85' lang='lat' dir='ltr'>diffamatumque</span> <span class='ocrx_word' id='word_1_92' title='bbox 1222 1284 1415 1348; x_wconf 87' lang='lat' dir='ltr'>parenti</span> 
     </span>
     <span class='ocr_line' id='line_1_19' title="bbox 204 1363 1557 1426; baseline -0.002 -16"><span class='ocrx_word' id='word_1_93' title='bbox 204 1364 432 1412; x_wconf 88' lang='lat' dir='ltr'>Indicat:</span> <span class='ocrx_word' id='word_1_94' title='bbox 473 1364 556 1411; x_wconf 91' lang='lat' dir='ltr'>ille</span> <span class='ocrx_word' id='word_1_95' title='bbox 582 1363 736 1420; x_wconf 86' lang='lat' dir='ltr'>ferox,</span> <span class='ocrx_word' id='word_1_96' title='bbox 764 1364 1226 1425; x_wconf 89' lang='lat' dir='ltr'>immansuetusque</span> <span class='ocrx_word' id='word_1_97' title='bbox 1251 1368 1557 1426; x_wconf 81' lang='lat' dir='ltr'>precantem,</span> 
     </span>
     <span class='ocr_line' id='line_1_20' title="bbox 204 1438 1504 1503; baseline -0.003 -15"><span class='ocrx_word' id='word_1_98' title='bbox 204 1441 616 1503; x_wconf 89' lang='lat' dir='ltr'>Tendentemque</span> <span class='ocrx_word' id='word_1_99' title='bbox 642 1457 816 1487; x_wconf 87' lang='lat' dir='ltr'>manus</span> <span class='ocrx_word' id='word_1_100' title='bbox 843 1441 906 1488; x_wconf 89' lang='lat' dir='ltr'>ad</span> <span class='ocrx_word' id='word_1_101' title='bbox 931 1441 1117 1487; x_wconf 89' lang='lat' dir='ltr'>lumina</span> <span class='ocrx_word' id='word_1_102' title='bbox 1144 1439 1290 1495; x_wconf 88' lang='lat' dir='ltr'>Solis,</span> <span class='ocrx_word' id='word_1_103' title='bbox 1318 1446 1382 1496; x_wconf 87' lang='lat' dir='ltr'>et,</span> <span class='ocrx_word' id='word_1_104' title='bbox 1412 1438 1504 1485; x_wconf 90' lang='lat' dir='ltr'>Ille</span> 
     </span>
    </p>
   </div>
   <div class='ocr_carea' id='block_1_13' title="bbox 203 1516 1299 1574">
    <p class='ocr_par' dir='ltr' id='par_1_16' title="bbox 203 1516 1299 1574">
     <span class='ocr_line' id='line_1_21' title="bbox 203 1516 1299 1574; baseline -0.002 -10"><span class='ocrx_word' id='word_1_105' title='bbox 203 1518 319 1564; x_wconf 87' lang='lat' dir='ltr'>Vim</span> <span class='ocrx_word' id='word_1_106' title='bbox 344 1518 460 1564; x_wconf 91' lang='lat' dir='ltr'>tulit</span> <span class='ocrx_word' id='word_1_107' title='bbox 485 1517 665 1574; x_wconf 76' lang='lat' dir='ltr'>invitae,</span> <span class='ocrx_word' id='word_1_108' title='bbox 692 1517 959 1571; x_wconf 89' lang='lat' dir='ltr'>dicentem,</span> <span class='ocrx_word' id='word_1_109' title='bbox 987 1516 1176 1564; x_wconf 89' lang='lat' dir='ltr'>defodit</span> <span class='ocrx_word' id='word_1_110' title='bbox 1199 1517 1299 1563; x_wconf 87' lang='lat' dir='ltr'>alta</span> 
     </span>
    </p>
   </div>
   <div class='ocr_carea' id='block_1_14' title="bbox 1390 1516 1592 1577">
    <p class='ocr_par' dir='ltr' id='par_1_17' title="bbox 1390 1516 1592 1577">
     <span class='ocr_line' id='line_1_22' title="bbox 1390 1516 1592 1577; baseline 0 -15"><span class='ocrx_word' id='word_1_111' title='bbox 1390 1516 1592 1577; x_wconf 86' lang='lat' dir='ltr'>[arenae.</span> 
     </span>
    </p>
   </div>
   <div class='ocr_carea' id='block_1_15' title="bbox 205 1591 1597 1813">
    <p class='ocr_par' dir='ltr' id='par_1_18' title="bbox 205 1591 1597 1813">
     <span class='ocr_line' id='line_1_23' title="bbox 208 1591 1597 1657; baseline -0.003 -16"><span class='ocrx_word' id='word_1_112' title='bbox 208 1595 406 1642; x_wconf 86' lang='lat' dir='ltr'>Crudus</span> <span class='ocrx_word' id='word_1_113' title='bbox 444 1595 624 1652; x_wconf 88' lang='lat' dir='ltr'>humo;</span> <span class='ocrx_word' id='word_1_114' title='bbox 682 1595 1032 1657; x_wconf 88' lang='lat' dir='ltr'>tumulumque</span> <span class='ocrx_word' id='word_1_115' title='bbox 1070 1609 1218 1656; x_wconf 87' lang='lat' dir='ltr'>super</span> <span class='ocrx_word' id='word_1_116' title='bbox 1256 1591 1417 1655; x_wconf 87' lang='lat' dir='ltr'>gravis</span> <span class='ocrx_word' id='word_1_117' title='bbox 1456 1591 1597 1638; x_wconf 88' lang='lat' dir='ltr'>addit</span> 
     </span>
     <span class='ocr_line' id='line_1_24' title="bbox 205 1670 1587 1736; baseline -0.004 -17"><span class='ocrx_word' id='word_1_118' title='bbox 205 1672 432 1736; x_wconf 79' lang='lat' dir='ltr'>Dissipat</span> <span class='ocrx_word' id='word_1_119' title='bbox 451 1672 583 1719; x_wconf 90' lang='lat' dir='ltr'>hunc</span> <span class='ocrx_word' id='word_1_120' title='bbox 598 1672 748 1720; x_wconf 88' lang='lat' dir='ltr'>radiis</span> <span class='ocrx_word' id='word_1_121' title='bbox 770 1671 1059 1736; x_wconf 78' lang='lat' dir='ltr'>Hyperione</span> <span class='ocrx_word' id='word_1_122' title='bbox 1080 1678 1249 1727; x_wconf 82' lang='lat' dir='ltr'>natus3</span> <span class='ocrx_word' id='word_1_123' title='bbox 1279 1670 1472 1732; x_wconf 88' lang='lat' dir='ltr'>iterque</span> <span class='ocrx_word' id='word_1_124' title='bbox 1495 1671 1587 1715; x_wconf 80' lang='lat'>241</span> 
     </span>
     <span class='ocr_line' id='line_1_25' title="bbox 207 1747 1458 1813; baseline -0.003 -17"><span class='ocrx_word' id='word_1_125' title='bbox 207 1749 308 1796; x_wconf 84' lang='lat' dir='ltr'>Dat</span> <span class='ocrx_word' id='word_1_126' title='bbox 330 1749 437 1807; x_wconf 87' lang='lat' dir='ltr'>tibi,</span> <span class='ocrx_word' id='word_1_127' title='bbox 464 1765 563 1813; x_wconf 90' lang='lat' dir='ltr'>quo</span> <span class='ocrx_word' id='word_1_128' title='bbox 589 1749 750 1813; x_wconf 89' lang='lat' dir='ltr'>possis</span> <span class='ocrx_word' id='word_1_129' title='bbox 775 1749 1000 1796; x_wconf 89' lang='lat' dir='ltr'>defossos</span> <span class='ocrx_word' id='word_1_130' title='bbox 1026 1763 1251 1812; x_wconf 87' lang='lat' dir='ltr'>promere</span> <span class='ocrx_word' id='word_1_131' title='bbox 1274 1747 1458 1793; x_wconf 88' lang='lat' dir='ltr'>vultus.</span> 
     </span>
    </p>
   </div>
   <div class='ocr_carea' id='block_1_16' title="bbox 199 1889 873 2766">
    <p class='ocr_par' dir='ltr' id='par_1_19' title="bbox 205 1889 870 2274">
     <span class='ocr_line' id='line_1_26' title="bbox 205 1889 866 1931; baseline -0.002 -11"><span class='ocrx_word' id='word_1_132' title='bbox 205 1900 311 1920; x_wconf 86' lang='lat' dir='ltr'>omnes</span> <span class='ocrx_word' id='word_1_133' title='bbox 328 1890 412 1921; x_wconf 86' lang='lat' dir='ltr'>abire</span> <span class='ocrx_word' id='word_1_134' title='bbox 427 1889 505 1931; x_wconf 87' lang='lat' dir='ltr'>jussi</span> <span class='ocrx_word' id='word_1_135' title='bbox 523 1896 606 1926; x_wconf 88' lang='lat' dir='ltr'>sunt,</span> <span class='ocrx_word' id='word_1_136' title='bbox 623 1900 680 1921; x_wconf 91' lang='lat' dir='ltr'>nec</span> <span class='ocrx_word' id='word_1_137' title='bbox 701 1889 866 1931; x_wconf 84' lang='lat' dir='ltr'>quisquam</span> 
     </span>
     <span class='ocr_line' id='line_1_27' title="bbox 206 1938 868 1980; baseline -0.003 -10"><span class='ocrx_word' id='word_1_138' title='bbox 206 1938 390 1975; x_wconf 77' lang='lat' dir='ltr'>admittitur,</span> <span class='ocrx_word' id='word_1_139' title='bbox 407 1939 460 1980; x_wconf 86' lang='lat' dir='ltr'>qui</span> <span class='ocrx_word' id='word_1_140' title='bbox 478 1949 648 1969; x_wconf 87' lang='lat' dir='ltr'>sermonem</span> <span class='ocrx_word' id='word_1_141' title='bbox 666 1939 782 1969; x_wconf 83' lang='lat' dir='ltr'>audiat.</span> <span class='ocrx_word' id='word_1_142' title='bbox 819 1940 868 1968; x_wconf 77' lang='lat' dir='ltr'>Sol</span> 
     </span>
     <span class='ocr_line' id='line_1_28' title="bbox 205 1987 867 2030; baseline 0 -12"><span class='ocrx_word' id='word_1_143' title='bbox 205 1991 330 2019; x_wconf 80' lang='lat' dir='ltr'>metitur</span> <span class='ocrx_word' id='word_1_144' title='bbox 345 2000 470 2025; x_wconf 79' lang='lat' dir='ltr'>annum,</span> <span class='ocrx_word' id='word_1_145' title='bbox 487 1988 560 2030; x_wconf 81' lang='lat' dir='ltr'>quia</span> <span class='ocrx_word' id='word_1_146' title='bbox 576 1988 715 2019; x_wconf 83' lang='lat' dir='ltr'>homines</span> <span class='ocrx_word' id='word_1_147' title='bbox 730 1988 797 2030; x_wconf 83' lang='lat' dir='ltr'>ejus</span> <span class='ocrx_word' id='word_1_148' title='bbox 813 1987 867 2018; x_wconf 87' lang='lat' dir='ltr'>de·</span> 
     </span>
     <span class='ocr_line' id='line_1_29' title="bbox 206 2037 867 2069; baseline -0.002 -1"><span class='ocrx_word' id='word_1_149' title='bbox 206 2047 298 2069; x_wconf 80' lang='lat' dir='ltr'>cursu</span> <span class='ocrx_word' id='word_1_150' title='bbox 314 2048 429 2068; x_wconf 86' lang='lat' dir='ltr'>annum</span> <span class='ocrx_word' id='word_1_151' title='bbox 449 2037 614 2068; x_wconf 85' lang='lat' dir='ltr'>definiunt.</span> <span class='ocrx_word' id='word_1_152' title='bbox 662 2038 867 2069; x_wconf 78' lang='lat' dir='ltr'>Commendat</span> 
     </span>
     <span class='ocr_line' id='line_1_30' title="bbox 207 2086 869 2128; baseline 0 -12"><span class='ocrx_word' id='word_1_153' title='bbox 207 2097 239 2117; x_wconf 89' lang='lat' dir='ltr'>se</span> <span class='ocrx_word' id='word_1_154' title='bbox 257 2087 319 2122; x_wconf 85' lang='lat' dir='ltr'>Sol,</span> <span class='ocrx_word' id='word_1_155' title='bbox 336 2094 370 2117; x_wconf 90' lang='lat' dir='ltr'>ut</span> <span class='ocrx_word' id='word_1_156' title='bbox 385 2086 499 2128; x_wconf 79' lang='lat' dir='ltr'>Apollo</span> <span class='ocrx_word' id='word_1_157' title='bbox 516 2087 537 2116; x_wconf 90' lang='lat' dir='ltr'>i.</span> <span class='ocrx_word' id='word_1_158' title='bbox 555 2088 616 2117; x_wconf 74' lang='lat'>512</span> <span class='ocrx_word' id='word_1_159' title='bbox 633 2098 702 2128; x_wconf 85' lang='lat' dir='ltr'>sqq.</span> <span class='ocrx_word' id='word_1_160' title='bbox 748 2086 869 2128; x_wconf 84' lang='lat' dir='ltr'>Jupiter</span> 
     </span>
     <span class='ocr_line' id='line_1_31' title="bbox 205 2135 869 2166; baseline 0 0"><span class='ocrx_word' id='word_1_161' title='bbox 205 2135 226 2166; x_wconf 86' lang='lat' dir='ltr'>i.</span> <span class='ocrx_word' id='word_1_162' title='bbox 243 2137 316 2166; x_wconf 81' lang='lat'>594.</span> <span class='ocrx_word' id='word_1_163' title='bbox 358 2135 470 2166; x_wconf 67' lang='lat' dir='ltr'>Mundi</span> <span class='ocrx_word' id='word_1_164' title='bbox 485 2137 597 2166; x_wconf 77' lang='lat' dir='ltr'>oculus.</span> <span class='ocrx_word' id='word_1_165' title='bbox 622 2136 763 2166; x_wconf 79' lang='lat' dir='ltr'>Macrob.</span> <span class='ocrx_word' id='word_1_166' title='bbox 778 2135 798 2165; x_wconf 89' lang='lat' dir='ltr'>i.</span> <span class='ocrx_word' id='word_1_167' title='bbox 814 2136 869 2166; x_wconf 77' lang='lat' dir='ltr'>Sa-</span> 
     </span>
     <span class='ocr_line' id='line_1_32' title="bbox 207 2184 870 2224; baseline 0 -10"><span class='ocrx_word' id='word_1_168' title='bbox 207 2190 289 2215; x_wconf 86' lang='lat' dir='ltr'>turn.</span> <span class='ocrx_word' id='word_1_169' title='bbox 306 2184 358 2215; x_wconf 68' lang='lat' dir='ltr'>xxi</span> <span class='ocrx_word' id='word_1_170' title='bbox 372 2197 378 2214; x_wconf 92' lang='lat'><strong>:</strong></span> <span class='ocrx_word' id='word_1_171' title='bbox 398 2186 492 2215; x_wconf 79' lang='lat' dir='ltr'>Solem</span> <span class='ocrx_word' id='word_1_172' title='bbox 508 2185 591 2215; x_wconf 58' lang='lat' dir='ltr'>,Iocis</span> <span class='ocrx_word' id='word_1_173' title='bbox 605 2186 722 2215; x_wconf 77' lang='lat' dir='ltr'>oculum</span> <span class='ocrx_word' id='word_1_174' title='bbox 739 2186 870 2224; x_wconf 77' lang='lat' dir='ltr'>appellat</span> 
     </span>
     <span class='ocr_line' id='line_1_33' title="bbox 207 2234 855 2274; baseline 0.002 -11"><span class='ocrx_word' id='word_1_175' title='bbox 207 2235 383 2274; x_wconf 69' lang='lat' dir='ltr'>antiquitas.</span> <span class='ocrx_word' id='word_1_176' title='bbox 423 2234 461 2264; x_wconf 78' lang='lat' dir='ltr'>Et</span> <span class='ocrx_word' id='word_1_177' title='bbox 479 2235 571 2270; x_wconf 81' lang='lat' dir='ltr'>colus,</span> <span class='ocrx_word' id='word_1_178' title='bbox 588 2240 650 2265; x_wconf 87' lang='lat' dir='ltr'>etc.</span> <span class='ocrx_word' id='word_1_179' title='bbox 676 2234 767 2265; x_wconf 90' lang='lat' dir='ltr'>Conf.</span> <span class='ocrx_word' id='word_1_180' title='bbox 785 2235 855 2266; x_wconf 85' lang='lat'>175.</span> 
     </span>
    </p>

    <p class='ocr_par' dir='ltr' id='par_1_20' title="bbox 199 2284 873 2522">
     <span class='ocr_line' id='line_1_34' title="bbox 251 2284 870 2324; baseline 0.002 -11"><span class='ocrx_word' id='word_1_181' title='bbox 251 2284 324 2313; x_wconf 78' lang='lat'>230.</span> <span class='ocrx_word' id='word_1_182' title='bbox 354 2284 492 2324; x_wconf 62' lang='lat' dir='ltr'>Defuit]</span> <span class='ocrx_word' id='word_1_183' title='bbox 531 2285 609 2315; x_wconf 81' lang='lat' dir='ltr'>Mox</span> <span class='ocrx_word' id='word_1_184' title='bbox 627 2295 716 2314; x_wconf 80' lang='lat' dir='ltr'>versu</span> <span class='ocrx_word' id='word_1_185' title='bbox 733 2285 807 2314; x_wconf 88' lang='lat'>330.</span> <span class='ocrx_word' id='word_1_186' title='bbox 822 2286 870 2314; x_wconf 84' lang='lat' dir='ltr'>sed</span> 
     </span>
     <span class='ocr_line' id='line_1_35' title="bbox 207 2334 870 2371; baseline 0.003 -9"><span class='ocrx_word' id='word_1_187' title='bbox 207 2340 234 2363; x_wconf 86' lang='lat' dir='ltr'>e!</span> <span class='ocrx_word' id='word_1_188' title='bbox 256 2335 405 2364; x_wconf 75' lang='lat' dir='ltr'>erubuisse</span> <span class='ocrx_word' id='word_1_189' title='bbox 425 2336 566 2371; x_wconf 77' lang='lat' dir='ltr'>decebat;</span> <span class='ocrx_word' id='word_1_190' title='bbox 591 2334 632 2364; x_wconf 85' lang='lat' dir='ltr'>vi.</span> <span class='ocrx_word' id='word_1_191' title='bbox 651 2335 700 2364; x_wconf 86' lang='lat'>18.</span> <span class='ocrx_word' id='word_1_192' title='bbox 715 2335 802 2365; x_wconf 80' lang='lat' dir='ltr'>decor</span> <span class='ocrx_word' id='word_1_193' title='bbox 816 2336 870 2364; x_wconf 74' lang='lat' dir='ltr'>azl-</span> 
     </span>
     <span class='ocr_line' id='line_1_36' title="bbox 199 2383 873 2423; baseline 0.001 -12"><span class='ocrx_word' id='word_1_194' title='bbox 199 2383 272 2422; x_wconf 73' lang='lat' dir='ltr'>suit</span> <span class='ocrx_word' id='word_1_195' title='bbox 287 2384 369 2419; x_wconf 70' lang='lat' dir='ltr'>111&#39;ti5</span> <span class='ocrx_word' id='word_1_196' title='bbox 393 2383 446 2413; x_wconf 83' lang='lat' dir='ltr'>vii.</span> <span class='ocrx_word' id='word_1_197' title='bbox 463 2384 537 2414; x_wconf 86' lang='lat'>733.</span> <span class='ocrx_word' id='word_1_198' title='bbox 553 2395 639 2423; x_wconf 79' lang='lat' dir='ltr'>quam</span> <span class='ocrx_word' id='word_1_199' title='bbox 658 2385 701 2413; x_wconf 85' lang='lat' dir='ltr'>sic</span> <span class='ocrx_word' id='word_1_200' title='bbox 716 2384 799 2413; x_wconf 80' lang='lat' dir='ltr'>dolor</span> <span class='ocrx_word' id='word_1_201' title='bbox 815 2385 873 2421; x_wconf 82' lang='lat' dir='ltr'>ipse</span> 
     </span>
     <span class='ocr_line' id='line_1_37' title="bbox 210 2431 873 2473; baseline 0.002 -12"><span class='ocrx_word' id='word_1_202' title='bbox 210 2432 339 2461; x_wconf 74' lang='lat' dir='ltr'>decebat.</span> <span class='ocrx_word' id='word_1_203' title='bbox 374 2431 467 2462; x_wconf 83' lang='lat' dir='ltr'>Adde</span> <span class='ocrx_word' id='word_1_204' title='bbox 494 2432 558 2462; x_wconf 86' lang='lat' dir='ltr'>viii.</span> <span class='ocrx_word' id='word_1_205' title='bbox 584 2433 625 2463; x_wconf 81' lang='lat'>25</span> <span class='ocrx_word' id='word_1_206' title='bbox 651 2443 720 2473; x_wconf 87' lang='lat' dir='ltr'>sqq.</span> <span class='ocrx_word' id='word_1_207' title='bbox 744 2443 774 2462; x_wconf 87' lang='lat' dir='ltr'>x.</span> <span class='ocrx_word' id='word_1_208' title='bbox 799 2433 873 2463; x_wconf 84' lang='lat'>585.</span> 
     </span>
     <span class='ocr_line' id='line_1_38' title="bbox 212 2480 702 2522; baseline 0.004 -13"><span class='ocrx_word' id='word_1_209' title='bbox 212 2480 314 2510; x_wconf 70' lang='lat' dir='ltr'>Pasira</span> <span class='ocrx_word' id='word_1_210' title='bbox 330 2482 461 2520; x_wconf 80' lang='lat' dir='ltr'>querela,</span> <span class='ocrx_word' id='word_1_211' title='bbox 478 2480 546 2511; x_wconf 88' lang='lat' dir='ltr'>sine</span> <span class='ocrx_word' id='word_1_212' title='bbox 563 2481 702 2522; x_wconf 81' lang='lat' dir='ltr'>querela.</span> 
     </span>
    </p>

    <p class='ocr_par' dir='ltr' id='par_1_21' title="bbox 211 2530 873 2766">
     <span class='ocr_line' id='line_1_39' title="bbox 253 2530 872 2570; baseline 0 -10"><span class='ocrx_word' id='word_1_213' title='bbox 253 2530 327 2560; x_wconf 78' lang='lat'>234.</span> <span class='ocrx_word' id='word_1_214' title='bbox 352 2530 456 2570; x_wconf 81' lang='lat' dir='ltr'>Neque</span> <span class='ocrx_word' id='word_1_215' title='bbox 478 2532 566 2566; x_wconf 81' lang='lat' dir='ltr'>enim,</span> <span class='ocrx_word' id='word_1_216' title='bbox 586 2530 662 2570; x_wconf 80' lang='lat' dir='ltr'>etc.]</span> <span class='ocrx_word' id='word_1_217' title='bbox 699 2530 781 2561; x_wconf 71' lang='lat' dir='ltr'>Vide</span> <span class='ocrx_word' id='word_1_218' title='bbox 806 2541 872 2561; x_wconf 85' lang='lat' dir='ltr'>ver-</span> 
     </span>
     <span class='ocr_line' id='line_1_40' title="bbox 211 2578 873 2620; baseline 0 -12"><span class='ocrx_word' id='word_1_219' title='bbox 211 2589 279 2608; x_wconf 75' lang='lat' dir='ltr'>sum</span> <span class='ocrx_word' id='word_1_220' title='bbox 303 2579 387 2616; x_wconf 81' lang='lat'>258;</span> <span class='ocrx_word' id='word_1_221' title='bbox 409 2579 553 2609; x_wconf 80' lang='lat' dir='ltr'>Laetam.</span> <span class='ocrx_word' id='word_1_222' title='bbox 576 2578 607 2610; x_wconf 82' lang='lat' dir='ltr'>iu</span> <span class='ocrx_word' id='word_1_223' title='bbox 627 2579 704 2620; x_wconf 78' lang='lat' dir='ltr'>Arg.</span> <span class='ocrx_word' id='word_1_224' title='bbox 719 2591 776 2620; x_wconf 77' lang='lat' dir='ltr'>qua</span> <span class='ocrx_word' id='word_1_225' title='bbox 801 2591 873 2609; x_wconf 77' lang='lat' dir='ltr'>non-</span> 
     </span>
     <span class='ocr_line' id='line_1_41' title="bbox 211 2629 871 2669; baseline 0.003 -12"><span class='ocrx_word' id='word_1_226' title='bbox 211 2630 280 2658; x_wconf 80' lang='lat' dir='ltr'>dum</span> <span class='ocrx_word' id='word_1_227' title='bbox 296 2630 423 2658; x_wconf 77' lang='lat' dir='ltr'>satiatus</span> <span class='ocrx_word' id='word_1_228' title='bbox 438 2636 501 2659; x_wconf 84' lang='lat' dir='ltr'>erat</span> <span class='ocrx_word' id='word_1_229' title='bbox 518 2629 577 2659; x_wconf 70' lang='lat' dir='ltr'>Sul.</span> <span class='ocrx_word' id='word_1_230' title='bbox 625 2629 676 2659; x_wconf 83' lang='lat' dir='ltr'>Ira</span> <span class='ocrx_word' id='word_1_231' title='bbox 692 2629 723 2659; x_wconf 89' lang='lat' dir='ltr'>in</span> <span class='ocrx_word' id='word_1_232' title='bbox 736 2630 871 2669; x_wconf 82' lang='lat' dir='ltr'>pellicem</span> 
     </span>
     <span class='ocr_line' id='line_1_42' title="bbox 211 2677 872 2720; baseline 0.003 -15"><span class='ocrx_word' id='word_1_233' title='bbox 211 2683 381 2717; x_wconf 73' lang='lat' dir='ltr'>concepta;</span> <span class='ocrx_word' id='word_1_234' title='bbox 409 2678 478 2708; x_wconf 80' lang='lat' dir='ltr'>vide</span> <span class='ocrx_word' id='word_1_235' title='bbox 504 2678 611 2708; x_wconf 80' lang='lat' dir='ltr'>Burm-</span> <span class='ocrx_word' id='word_1_236' title='bbox 660 2677 872 2720; x_wconf 77' lang='lat' dir='ltr'>Diffamatum,</span> 
     </span>
     <span class='ocr_line' id='line_1_43' title="bbox 211 2725 668 2766; baseline 0.002 -11"><span class='ocrx_word' id='word_1_237' title='bbox 211 2725 382 2766; x_wconf 80' lang='lat' dir='ltr'>vulgatum,</span> <span class='ocrx_word' id='word_1_238' title='bbox 400 2727 527 2757; x_wconf 84' lang='lat' dir='ltr'>verbum</span> <span class='ocrx_word' id='word_1_239' title='bbox 543 2737 668 2757; x_wconf 74' lang='lat' dir='ltr'>novum.</span> 
     </span>
    </p>
   </div>
   <div class='ocr_carea' id='block_1_17' title="bbox 934 1885 1603 2668">
    <p class='ocr_par' dir='ltr' id='par_1_22' title="bbox 934 1885 1600 2216">
     <span class='ocr_line' id='line_1_44' title="bbox 977 1885 1596 1929; baseline -0.008 -9"><span class='ocrx_word' id='word_1_240' title='bbox 977 1889 1049 1920; x_wconf 85' lang='lat'>239.</span> <span class='ocrx_word' id='word_1_241' title='bbox 1075 1886 1302 1929; x_wconf 70' lang='lat' dir='ltr'>Des&#39;odit‚etc.]</span> <span class='ocrx_word' id='word_1_242' title='bbox 1328 1885 1522 1928; x_wconf 86' lang='lat' dir='ltr'>Supplicium</span> <span class='ocrx_word' id='word_1_243' title='bbox 1538 1885 1596 1916; x_wconf 86' lang='lat' dir='ltr'>fre-</span> 
     </span>
     <span class='ocr_line' id='line_1_45' title="bbox 934 1935 1598 1980; baseline -0.006 -11"><span class='ocrx_word' id='word_1_244' title='bbox 934 1949 1034 1980; x_wconf 85' lang='lat' dir='ltr'>quens</span> <span class='ocrx_word' id='word_1_245' title='bbox 1056 1943 1216 1968; x_wconf 75' lang='lat' dir='ltr'>temeratae</span> <span class='ocrx_word' id='word_1_246' title='bbox 1238 1935 1435 1977; x_wconf 81' lang='lat' dir='ltr'>virginitatiS‚</span> <span class='ocrx_word' id='word_1_247' title='bbox 1452 1946 1512 1976; x_wconf 91' lang='lat' dir='ltr'>quo</span> <span class='ocrx_word' id='word_1_248' title='bbox 1532 1935 1598 1965; x_wconf 84' lang='lat' dir='ltr'>Ro-</span> 
     </span>
     <span class='ocr_line' id='line_1_46' title="bbox 934 1984 1600 2026; baseline -0.005 -9"><span class='ocrx_word' id='word_1_249' title='bbox 934 1987 1018 2018; x_wconf 84' lang='lat' dir='ltr'>mani</span> <span class='ocrx_word' id='word_1_250' title='bbox 1063 1986 1158 2017; x_wconf 84' lang='lat' dir='ltr'>etiam</span> <span class='ocrx_word' id='word_1_251' title='bbox 1197 1985 1229 2016; x_wconf 89' lang='lat' dir='ltr'>in</span> <span class='ocrx_word' id='word_1_252' title='bbox 1268 1984 1403 2026; x_wconf 79' lang='lat' dir='ltr'>virgines</span> <span class='ocrx_word' id='word_1_253' title='bbox 1452 1984 1600 2015; x_wconf 73' lang='lat' dir='ltr'>Vestales</span> 
     </span>
     <span class='ocr_line' id='line_1_47' title="bbox 935 2033 1597 2070; baseline -0.005 -3"><span class='ocrx_word' id='word_1_254' title='bbox 935 2036 1230 2067; x_wconf 76' lang='lat' dir='ltr'>animadverterunt.</span> <span class='ocrx_word' id='word_1_255' title='bbox 1266 2035 1385 2065; x_wconf 70' lang='lat' dir='ltr'>Bmm.</span> <span class='ocrx_word' id='word_1_256' title='bbox 1455 2033 1597 2070; x_wconf 48' lang='lat' dir='ltr'>Crudum</span> 
     </span>
     <span class='ocr_line' id='line_1_48' title="bbox 935 2083 1600 2121; baseline -0.006 -4"><span class='ocrx_word' id='word_1_257' title='bbox 935 2085 1079 2121; x_wconf 87' lang='lat' dir='ltr'>crudelis,</span> <span class='ocrx_word' id='word_1_258' title='bbox 1092 2084 1230 2116; x_wconf 86' lang='lat' dir='ltr'>immitis.</span> <span class='ocrx_word' id='word_1_259' title='bbox 1262 2085 1330 2114; x_wconf 87' lang='lat' dir='ltr'>Hoc</span> <span class='ocrx_word' id='word_1_260' title='bbox 1351 2084 1417 2114; x_wconf 91' lang='lat' dir='ltr'>loco</span> <span class='ocrx_word' id='word_1_261' title='bbox 1428 2083 1600 2114; x_wconf 84' lang='lat' dir='ltr'>Farnabius</span> 
     </span>
     <span class='ocr_line' id='line_1_49' title="bbox 936 2131 1600 2177; baseline -0.006 -11"><span class='ocrx_word' id='word_1_262' title='bbox 936 2146 1060 2177; x_wconf 91' lang='lat' dir='ltr'>quoque</span> <span class='ocrx_word' id='word_1_263' title='bbox 1081 2134 1255 2176; x_wconf 84' lang='lat' dir='ltr'>suspicatur</span> <span class='ocrx_word' id='word_1_264' title='bbox 1271 2133 1405 2164; x_wconf 78' lang='lat' dir='ltr'>allusum</span> <span class='ocrx_word' id='word_1_265' title='bbox 1421 2132 1461 2163; x_wconf 85' lang='lat' dir='ltr'>ad</span> <span class='ocrx_word' id='word_1_266' title='bbox 1482 2131 1600 2174; x_wconf 88' lang='lat' dir='ltr'>suppli-</span> 
     </span>
     <span class='ocr_line' id='line_1_50' title="bbox 937 2183 1222 2216; baseline -0.007 0"><span class='ocrx_word' id='word_1_267' title='bbox 937 2185 1018 2216; x_wconf 89' lang='lat' dir='ltr'>cium</span> <span class='ocrx_word' id='word_1_268' title='bbox 1035 2183 1222 2215; x_wconf 82' lang='lat' dir='ltr'>Vestalium.</span> 
     </span>
    </p>

    <p class='ocr_par' dir='ltr' id='par_1_23' title="bbox 938 2231 1603 2668">
     <span class='ocr_line' id='line_1_51' title="bbox 981 2231 1599 2274; baseline -0.005 -10"><span class='ocrx_word' id='word_1_269' title='bbox 981 2235 1056 2264; x_wconf 75' lang='lat'>241.</span> <span class='ocrx_word' id='word_1_270' title='bbox 1084 2233 1246 2274; x_wconf 62' lang='lat' dir='ltr'>Dissipat]</span> <span class='ocrx_word' id='word_1_271' title='bbox 1293 2233 1406 2263; x_wconf 83' lang='lat' dir='ltr'>Monet</span> <span class='ocrx_word' id='word_1_272' title='bbox 1420 2231 1465 2262; x_wconf 85' lang='lat' dir='ltr'>vir</span> <span class='ocrx_word' id='word_1_273' title='bbox 1485 2231 1599 2262; x_wconf 78' lang='lat' dir='ltr'>doctis-</span> 
     </span>
     <span class='ocr_line' id='line_1_52' title="bbox 938 2280 1600 2314; baseline -0.005 -1"><span class='ocrx_word' id='word_1_274' title='bbox 938 2285 1033 2314; x_wconf 87' lang='lat' dir='ltr'>simus</span> <span class='ocrx_word' id='word_1_275' title='bbox 1048 2283 1081 2312; x_wconf 90' lang='lat' dir='ltr'>in</span> <span class='ocrx_word' id='word_1_276' title='bbox 1097 2282 1234 2313; x_wconf 80' lang='lat' dir='ltr'>Miscell.</span> <span class='ocrx_word' id='word_1_277' title='bbox 1250 2282 1381 2312; x_wconf 84' lang='lat' dir='ltr'>Observ.</span> <span class='ocrx_word' id='word_1_278' title='bbox 1393 2280 1454 2311; x_wconf 83' lang='lat' dir='ltr'>vol.</span> <span class='ocrx_word' id='word_1_279' title='bbox 1465 2280 1509 2310; x_wconf 89' lang='lat'>11.</span> <span class='ocrx_word' id='word_1_280' title='bbox 1526 2286 1600 2310; x_wconf 84' lang='lat' dir='ltr'>tom.</span> 
     </span>
     <span class='ocr_line' id='line_1_53' title="bbox 938 2331 1598 2375; baseline -0.006 -12"><span class='ocrx_word' id='word_1_281' title='bbox 938 2332 961 2364; x_wconf 85' lang='lat' dir='ltr'>i.</span> <span class='ocrx_word' id='word_1_282' title='bbox 978 2345 1008 2375; x_wconf 93' lang='lat' dir='ltr'>p.</span> <span class='ocrx_word' id='word_1_283' title='bbox 1025 2334 1078 2363; x_wconf 87' lang='grc'>35.</span> <span class='ocrx_word' id='word_1_284' title='bbox 1093 2332 1196 2362; x_wconf 88' lang='lat' dir='ltr'>Solem</span> <span class='ocrx_word' id='word_1_285' title='bbox 1220 2332 1269 2362; x_wconf 91' lang='lat' dir='ltr'>hic</span> <span class='ocrx_word' id='word_1_286' title='bbox 1291 2331 1425 2362; x_wconf 84' lang='lat' dir='ltr'>officium</span> <span class='ocrx_word' id='word_1_287' title='bbox 1442 2336 1598 2372; x_wconf 83' lang='lat' dir='ltr'>praestare,</span> 
     </span>
     <span class='ocr_line' id='line_1_54' title="bbox 939 2380 1601 2424; baseline -0.008 -11"><span class='ocrx_word' id='word_1_288' title='bbox 939 2382 1022 2424; x_wconf 89' lang='lat' dir='ltr'>quod</span> <span class='ocrx_word' id='word_1_289' title='bbox 1052 2393 1121 2413; x_wconf 88' lang='lat' dir='ltr'>cum</span> <span class='ocrx_word' id='word_1_290' title='bbox 1152 2381 1295 2412; x_wconf 84' lang='lat' dir='ltr'>omnibus</span> <span class='ocrx_word' id='word_1_291' title='bbox 1328 2380 1422 2411; x_wconf 86' lang='lat' dir='ltr'>radiis</span> <span class='ocrx_word' id='word_1_292' title='bbox 1454 2384 1601 2421; x_wconf 78' lang='lat' dir='ltr'>praestare</span> 
     </span>
     <span class='ocr_line' id='line_1_55' title="bbox 940 2429 1601 2472; baseline -0.006 -10"><span class='ocrx_word' id='word_1_293' title='bbox 940 2438 1086 2472; x_wconf 86' lang='lat' dir='ltr'>nequeat.</span> <span class='ocrx_word' id='word_1_294' title='bbox 1144 2431 1188 2461; x_wconf 84' lang='lat' dir='ltr'>At</span> <span class='ocrx_word' id='word_1_295' title='bbox 1223 2430 1255 2460; x_wconf 91' lang='lat' dir='ltr'>in</span> <span class='ocrx_word' id='word_1_296' title='bbox 1283 2429 1398 2471; x_wconf 78' lang='lat' dir='ltr'>mythis</span> <span class='ocrx_word' id='word_1_297' title='bbox 1428 2439 1488 2459; x_wconf 94' lang='lat' dir='ltr'>non</span> <span class='ocrx_word' id='word_1_298' title='bbox 1515 2438 1601 2469; x_wconf 78' lang='lat' dir='ltr'>quoe-</span> 
     </span>
     <span class='ocr_line' id='line_1_56' title="bbox 940 2477 1602 2521; baseline -0.008 -10"><span class='ocrx_word' id='word_1_299' title='bbox 940 2480 1025 2516; x_wconf 82' lang='lat' dir='ltr'>titur,</span> <span class='ocrx_word' id='word_1_300' title='bbox 1055 2480 1130 2521; x_wconf 89' lang='lat' dir='ltr'>quid</span> <span class='ocrx_word' id='word_1_301' title='bbox 1159 2491 1197 2511; x_wconf 84' lang='lat' dir='ltr'>ex</span> <span class='ocrx_word' id='word_1_302' title='bbox 1234 2478 1355 2520; x_wconf 86' lang='lat' dir='ltr'>legibus</span> <span class='ocrx_word' id='word_1_303' title='bbox 1389 2484 1507 2508; x_wconf 82' lang='lat' dir='ltr'>naturae</span> <span class='ocrx_word' id='word_1_304' title='bbox 1536 2477 1602 2507; x_wconf 85' lang='lat' dir='ltr'>fieri</span> 
     </span>
     <span class='ocr_line' id='line_1_57' title="bbox 940 2526 1602 2572; baseline -0.005 -12"><span class='ocrx_word' id='word_1_305' title='bbox 940 2530 1095 2572; x_wconf 80' lang='lat' dir='ltr'>potuerit3</span> <span class='ocrx_word' id='word_1_306' title='bbox 1131 2529 1185 2561; x_wconf 85' lang='lat' dir='ltr'>sed</span> <span class='ocrx_word' id='word_1_307' title='bbox 1215 2529 1277 2559; x_wconf 81' lang='lat' dir='ltr'>illae</span> <span class='ocrx_word' id='word_1_308' title='bbox 1308 2534 1458 2559; x_wconf 84' lang='lat' dir='ltr'>novantur</span> <span class='ocrx_word' id='word_1_309' title='bbox 1487 2534 1518 2558; x_wconf 86' lang='lat' dir='ltr'>et</span> <span class='ocrx_word' id='word_1_310' title='bbox 1546 2526 1602 2557; x_wconf 85' lang='lat' dir='ltr'>Dii</span> 
     </span>
     <span class='ocr_line' id='line_1_58' title="bbox 940 2576 1595 2620; baseline -0.003 -12"><span class='ocrx_word' id='word_1_311' title='bbox 940 2579 1043 2609; x_wconf 90' lang='lat' dir='ltr'>omnia</span> <span class='ocrx_word' id='word_1_312' title='bbox 1058 2585 1197 2620; x_wconf 88' lang='lat' dir='ltr'>possunt.</span> <span class='ocrx_word' id='word_1_313' title='bbox 1229 2578 1424 2610; x_wconf 67' lang='lat' dir='ltr'>Phaethontei</span> <span class='ocrx_word' id='word_1_314' title='bbox 1436 2578 1528 2618; x_wconf 79' lang='lat' dir='ltr'>ignes,</span> <span class='ocrx_word' id='word_1_315' title='bbox 1541 2576 1595 2606; x_wconf 85' lang='lat' dir='ltr'>sul-</span> 
     </span>
     <span class='ocr_line' id='line_1_59' title="bbox 940 2625 1603 2668; baseline -0.003 -11"><span class='ocrx_word' id='word_1_316' title='bbox 940 2638 1011 2658; x_wconf 84' lang='lat' dir='ltr'>men</span> <span class='ocrx_word' id='word_1_317' title='bbox 1027 2638 1088 2668; x_wconf 87' lang='lat' dir='ltr'>quo</span> <span class='ocrx_word' id='word_1_318' title='bbox 1108 2627 1271 2659; x_wconf 84' lang='lat' dir='ltr'>Phaethon</span> <span class='ocrx_word' id='word_1_319' title='bbox 1287 2632 1426 2658; x_wconf 81' lang='lat' dir='ltr'>necatus.</span> <span class='ocrx_word' id='word_1_320' title='bbox 1451 2625 1532 2657; x_wconf 79' lang='lat' dir='ltr'>vide</span> <span class='ocrx_word' id='word_1_321' title='bbox 1548 2625 1603 2656; x_wconf 89' lang='lat' dir='ltr'>lib.</span> 
     </span>
    </p>
   </div>
   <div class='ocr_carea' id='block_1_18' title="bbox 941 2676 1063 2709">
    <p class='ocr_par' dir='ltr' id='par_1_24' title="bbox 941 2676 1063 2709">
     <span class='ocr_line' id='line_1_60' title="bbox 941 2676 1063 2709; baseline 0.008 -3"><span class='ocrx_word' id='word_1_322' title='bbox 941 2676 974 2708; x_wconf 93' lang='lat' dir='ltr'>ii.</span> <span class='ocrx_word' id='word_1_323' title='bbox 987 2676 1063 2709; x_wconf 84' lang='lat'>396.</span> 
     </span>
    </p>
   </div>
  </div>
 </body>
</html>
