1763 3181
261 191 347 232 366

634 193 684 234 P.
721 192 932 234 OVIDII
966 192 1244 235 NASONIS

264 304 518 368 Ingemuit
542 308 712 370 regina
735 307 914 367 Erebi;
955 315 1236 372 testemque
1261 307 1517 372 profanam

265 382 405 431 Fecit
446 400 612 442 avem3
669 401 997 449 sparsumque
1037 393 1189 449 caput
1224 383 1643 448 Phlegethontide

461 462 667 526 lympha

264 537 322 583 In
348 544 576 596 rostrum,
603 546 653 587 et
676 541 885 604 plumas,
914 546 965 586 et
989 539 1192 602 grandia
1216 539 1403 586 lumina
1424 537 1585 585 vertit.

264 613 356 662 Ille
381 615 475 662 sibi
500 617 696 664 ablatus
720 616 863 664 fulvis
889 617 1114 664 amicitur
1139 618 1200 664 ab
1226 617 1343 673 alis3

1546 616 1641 661 546

264 690 425 754 Inque
450 700 600 757 caput
623 695 816 751 crescit,
843 696 1117 758 longosque
1142 694 1409 742 reflectitur
1432 707 1640 754 ungues,

262 768 462 832 Vixque
487 778 651 818 movet
675 779 817 819 natas
842 789 930 837 per
955 773 1132 820 inertia
1154 772 1357 820 brachia
1380 785 1598 835 pennas;

265 844 516 910 Foedaque
540 848 597 895 fit
619 849 848 905 volucris,
875 850 1066 897 venturi
1091 848 1264 896 nuntia
1282 849 1462 904 luctus,

262 920 476 984 Ignavus
501 925 652 981 bubo,
679 926 840 973 dirum
863 926 1155 973 mortalibus
1180 941 1342 972 omen.

1546 924 1642 970 550

328 999 424 1047 Hic
448 1008 616 1050 tamen
640 1003 821 1051 indicio
845 1020 1059 1068 poenam,
1086 1003 1357 1066 linguaque
1380 1000 1534 1048 videri

262 1076 632 1127 Commeruisse
657 1088 848 1144 potest:
887 1081 1043 1138 vobis,
1067 1080 1383 1137 Acheloides,
1410 1079 1542 1126 unde

261 1153 441 1202 Pluma
461 1157 717 1220 pedesque
738 1157 915 1214 avium,
935 1174 1089 1221 quum
1108 1157 1308 1220 virginis
1327 1173 1411 1204 ora
1431 1156 1642 1219 geratis?

259 1230 339 1278 An
364 1233 497 1296 quia,
525 1251 679 1298 quum
704 1235 892 1298 legeret
911 1251 1086 1283 vernos
1112 1235 1414 1298 Proserpina
1435 1234 1597 1289 flores,

259 1307 319 1355 In
344 1310 582 1358 comitum
607 1329 810 1360 numero
834 1313 1018 1371 mixtae,
1048 1313 1265 1370 SireneS,
1292 1312 1476 1360 eratis?

302 1423 376 1453 543.
394 1423 561 1465 Testemque
570 1425 750 1467 prqfanum5
771 1425 867 1457 etiam
878 1426 920 1462 vi,

259 1471 331 1502 431.
341 1472 486 1513 profanus
502 1475 585 1505 bubo.
609 1474 691 1506 Plin.
702 1475 787 1506 Hist.
800 1476 875 1506 Nat.
887 1487 919 1507 x.

262 1521 316 1550 12:
342 1521 575 1563 Bubofunebris
585 1534 613 1554 er
628 1527 752 1556 maxime
767 1527 917 1556 abomina-

259 1576 318 1605 tus,
335 1572 462 1609 publicis
473 1575 621 1613 prcrcz'pue
635 1575 786 1613 auspiciis,
802 1576 917 1605 deserta

257 1620 374 1656 incolit,
400 1632 451 1652 nec
475 1628 595 1653 tantum
618 1624 760 1660 desolata,
774 1625 823 1655 sed
847 1626 916 1655 dira

257 1670 346 1700 etiam
361 1677 388 1700 et
400 1673 559 1707 inaccessa,
572 1675 664 1703 noctis
678 1680 851 1710 monstrum,
863 1685 916 1705 nec

258 1725 351 1749 cautu
366 1721 465 1760 aliquo
480 1722 599 1758 vocalis,
614 1724 662 1752 secl
676 1724 803 1763 gemitu.
850 1723 915 1754 Ita-

257 1770 356 1808 quein
370 1770 501 1806 urbibus,
513 1776 567 1801 aut
577 1773 694 1802 ornm'no
705 1774 736 1802 in
747 1773 812 1803 luce
828 1774 915 1809 visus,

255 1819 356 1848 dirum
377 1825 523 1850 ostentum
545 1827 596 1851 est.
645 1821 731 1851 Volat
751 1834 916 1862 nunquam,

256 1878 313 1907 quo
329 1868 427 1904 libuit,
442 1870 490 1898 secl
506 1875 690 1900 transversus
705 1870 859 1911 aufertur.

299 1918 372 1948 544.
395 1917 514 1956 Sparsio
528 1918 609 1954 talis,
625 1929 643 1949 a
658 1918 728 1950 Diis
744 1919 837 1955 facta,
852 1920 914 1951 vim

255 1966 397 1997 mutandi
418 1966 565 1997 habebat.
593 1967 675 1998 Vide
700 1968 739 1998 ad
761 1969 843 2007 4543
866 1968 913 2000 iii.

259 2016 329 2045 194.
374 2015 526 2057 Aqfertur
544 2017 609 2052 sibi,
625 2017 712 2058 cujus
729 2017 825 2048 forma
845 2028 913 2049 mu-

255 2068 337 2094 tatur
351 2063 383 2094 in
399 2063 505 2095 aliam.
540 2066 692 2096 Amicizur
705 2067 741 2096 ab
756 2067 822 2097 cilis.
853 2067 913 2098 Co-

255 2112 340 2144 dices
356 2113 461 2150 nostri,
478 2116 620 2145 amicitur
636 2117 667 2145 ἱη
681 2116 757 2146 alis:
780 2121 912 2157 utraque

254 2162 348 2193 lectio
363 2162 427 2193 sine
442 2163 683 2204 significatione3
707 2175 840 2206 namque
854 2165 912 2196 hoe

254 2213 381 2243 verbum
407 2215 495 2243 amici
520 2213 585 2244 sine
609 2214 674 2245 ulla
698 2215 912 2256 praepositione

256 2261 338 2303 apud
356 2261 482 2292 Latinos
496 2262 630 2303 ponitur.
675 2263 714 2294 In
729 2271 819 2303 caput
835 2276 911 2295 cres-

254 2322 329 2346 cere,
346 2316 380 2341 ut
404 2310 485 2353 apud
511 2311 688 2353 Virgilium,
710 2314 743 2342 in
768 2319 910 2344 ventrem.

256 2361 423 2397 Caeterum,
439 2360 583 2401 quoniam
603 2361 792 2403 ἀσκάλαφος
814 2373 912 2403 genus

254 2415 374 2441 noctuae
405 2410 524 2440 Graecis
551 2410 758 2452 significabat,
785 2410 912 2443 Aristot.

254 2460 296 2490 II.
312 2459 350 2489 A.
368 2458 400 2490 ii.
413 2459 462 2489 17.
477 2459 568 2490 facile
586 2466 725 2502 apparet,
743 2471 812 2502 quae
828 2461 912 2503 origo

254 2509 293 2541 sit
308 2509 400 2550 hujus
415 2509 705 2551 metamorphoseos.

297 2558 480 2588 551—563.
518 2558 665 2598 Sirenem]
713 2558 797 2589 Nota
824 2564 908 2595 suut,

254 2618 324 2649 quae
346 2607 509 2642 Homerus,
525 2606 587 2638 Od.
604 2611 650 2638 M.
664 2608 706 2638 39
725 2618 793 2649 sqq.
809 2608 847 2638 de
863 2609 908 2639 Si-

252 2657 376 2687 renibus
389 2656 486 2687 finxit.
510 2656 624 2688 Confer
633 2656 731 2699 Orph.
743 2657 819 2698 Arg.
828 2659 908 2689 1268

252 2716 322 2746 sqq.
354 2710 385 2735 et
408 2705 554 2747 Apollon.
584 2705 649 2736 Rh.
673 2705 716 2736 iv.
745 2707 806 2737 892
836 2717 906 2748 sqq.

252 2754 345 2784 Erunt
360 2760 495 2784 monstra
510 2753 640 2790 marina,
658 2765 727 2795 quae
749 2754 829 2786 inter
844 2755 907 2786 Ita-

1545 1313 1640 1359 555

986 1427 1060 1459 liam
1086 1433 1118 1459 et
1144 1427 1293 1464 Siciliam,
1320 1426 1454 1458 insulam
1483 1425 1642 1467 quandam

985 1477 1174 1513 incolebant,
1203 1470 1361 1518 navesque
1391 1475 1538 1517 appulsas
1566 1484 1642 1505 voce

985 1537 1098 1558 canora
1113 1527 1306 1558 detinebant.
1349 1526 1444 1556 Pater
1457 1535 1563 1555 earum
1580 1530 1642 1555 tra—

984 1575 1067 1607 ditur
1090 1577 1256 1613 Achelmrs5
1292 1581 1423 1606 matrem
1445 1573 1564 1604 faciunt
1588 1573 1642 1604 alii

983 1625 1143 1666 Steropen,
1158 1624 1211 1655 alii
1231 1624 1466 1666 Terpsichoren,
1481 1623 1534 1653 alii
1557 1623 1639 1653 Mel-

981 1684 1134 1716 pomenen
1145 1679 1197 1704 aut
1207 1673 1382 1715 Calliopen.
1404 1672 1505 1703 Etiam
1516 1671 1642 1702 nomina

983 1734 1087 1754 earum
1104 1723 1189 1754 varie
1206 1721 1401 1753 exhibentur.
1437 1721 1467 1751 A
1484 1721 1639 1763 Lycophr.

982 1777 1134 1803 vocantur
1144 1771 1352 1812 Parthenope,
1363 1770 1524 1806 Leucosia,
1538 1770 1640 1811 Ligia.

983 1821 1078 1851 Extat
1091 1820 1257 1852 Claudiani
1267 1820 1458 1862 epigramma
1469 1820 1520 1849 24.
1533 1818 1564 1849 in
1576 1830 1641 1856 eas,

984 1870 1036 1901 ubi
1066 1870 1176 1901 Barth.
1207 1869 1344 1910 collegit,
1371 1874 1524 1910 quantum
1552 1868 1640 1900 satis.

982 1918 1075 1950 Adde
1100 1919 1257 1950 Brouckh.
1282 1918 1321 1949 ad
1346 1918 1449 1949 Tibul.
1470 1918 1531 1949 IV.
1548 1917 1569 1949 i.
1585 1919 1639 1949 69.

982 1968 1127 1999 Creditur
1146 1974 1248 1999 autem
1268 1968 1436 1998 Homerum
1455 1967 1514 1998 hac
1535 1967 1641 1999 sabula

981 2017 1180 2059 descripsisse
1192 2018 1384 2059 voluptatem
1395 2017 1594 2054 mortiferam,
1606 2022 1641 2048 ut

979 2066 1121 2108 pluribus
1142 2066 1234 2097 docet
1254 2067 1366 2097 Bocat.
1391 2067 1522 2098 Geneal.
1544 2067 1641 2098 Deor.

978 2116 1031 2146 vii.
1047 2116 1101 2147 20.
1148 2116 1186 2146 In
1210 2115 1400 2158 Proserpinae
1422 2115 1569 2147 comitatu
1589 2116 1638 2147 fu-

979 2171 1067 2196 erunt
1077 2164 1170 2196 etiam
1181 2165 1351 2195 secundum
1361 2165 1505 2206 Apollou.
1522 2165 1640 2206 Hygin.

978 2214 1043 2245 fab.
1058 2215 1133 2252 l4l;
1151 2213 1370 2245 Claudiamiii.
1382 2215 1444 2245 254
1459 2226 1465 2243 z
1484 2219 1638 2255 postremo

978 2263 1056 2299 loco,
1084 2265 1199 2304 rapidis
1224 2264 1395 2294 Acheloides
1422 2265 1478 2294 alis
1507 2264 1638 2295 Sublatae

979 2313 1075 2343 Siculi
1090 2314 1168 2343 lasus
1182 2315 1314 2343 obsedere
1331 2313 1443 2348 Pelori,
1461 2318 1521 2343 etc.

1022 2363 1095 2393 552.
1124 2363 1240 2403 Unda]
1281 2362 1375 2404 Apud
1403 2362 1574 2404 Hyginum,
1589 2362 1637 2393 Si-

979 2422 1067 2443 renes
1075 2412 1195 2443 Cereris
1205 2412 1364 2443 voluntate
1375 2418 1543 2448 mutantur,
1555 2412 1638 2454 quod

980 2460 1169 2503 Proserpinae
1207 2461 1356 2492 auxilium
1394 2471 1454 2491 non
1487 2461 1635 2492 tulerant.

984 2510 1116 2552 Virginis
1131 2522 1180 2541 ora
1194 2514 1318 2552 geratis.
1355 2509 1549 2551 Superiorem
1564 2521 1637 2552 par-

978 2564 1039 2590 tem
1070 2559 1228 2590 habebant
1253 2559 1432 2601 virgineam.
1461 2558 1635 2590 inferiorem

977 2608 1197 2648 gallinaceam.
1220 2608 1364 2650 Fulgent.
1380 2607 1484 2650 Myth.
1500 2608 1532 2638 ii.
1551 2609 1602 2638 ll.

1019 2659 1092 2688 555.
1109 2658 1145 2688 Ιιι
1161 2669 1282 2688 numero
1293 2659 1400 2694 mirtae,
1413 2656 1560 2687 immixtae
1577 2667 1634 2688 nu-

975 2717 1058 2737 mero
1074 2719 1081 2743 ;
1106 2707 1169 2737 vid.
1182 2708 1392 2738 Burmannus.
1434 2706 1475 2736 Ut
1490 2708 1632 2736 sentirent

974 2767 1088 2793 curam,
1097 2761 1131 2788 ut
1142 2756 1356 2798 Proserpinam
1365 2755 1458 2788 etiam
1470 2765 1524 2798 per
1537 2754 1634 2786 maria
