1763 3181
238 176 323 218 234

626 177 676 217 P.
711 177 921 218 OVIDll
956 176 1233 218 NASONIS

240 291 320 338 Ira
344 291 639 354 pharetratae
665 291 815 339 fertur
840 293 1017 340 satiata
1043 291 1231 340 Dianae.

307 367 405 414 III.
436 367 625 415 Rumor
645 368 693 415 in
711 369 942 431 ambiguo
961 377 1058 417 est:
1078 369 1184 416 aliis
1200 369 1456 416 violentior
1471 383 1615 431 aequo

238 445 359 491 Visa
384 444 495 491 Dea
518 452 620 501 est;
661 445 741 492 alii
766 446 986 502 laudant,
1014 446 1315 509 dignamque
1341 461 1511 492 severa

236 521 532 584 Virginitate
557 529 761 570 vocant:
801 538 914 586 pars
939 523 1125 570 invenit
1148 530 1356 586 utraque
1381 537 1572 569 causas.

238 598 356 646 Sola
378 597 408 644 J
413 597 515 645 ovis
541 599 723 661 conjux
749 615 845 646 non
869 606 970 646 tam
995 600 1227 663 culpetne
1247 599 1485 663 probetne
1518 601 1614 645 256

238 674 517 738 Eloquitur,
544 690 692 737 quam
718 676 860 724 clade
881 675 1056 723 domus
1082 677 1143 723 ab
1169 676 1397 738 Agenore
1420 675 1583 722 ductae

239 754 466 809 Gaudet;
507 760 558 800 et
582 769 611 800 a
635 753 786 816 Tyria
809 754 1072 801 collectum
1095 753 1272 817 pellice
1298 751 1529 800 transfert

237 831 296 878 In
322 830 516 894 generis
541 829 700 879 socios
725 832 921 880 odium:

961 832 1095 879 subit
1117 847 1234 878 ecce
1258 830 1405 894 priori

240 909 408 956 Causa
421 923 596 955 recens
612 926 623 964 ;
651 909 1005 972 gravidamque
1020 908 1156 955 dolet
1170 908 1232 955 de
1247 907 1434 955 semine
1449 904 1614 967 magni

239 985 365 1033 Esse
384 984 413 1031 J
419 984 522 1032 ovis
540 984 800 1033 Semelen:
823 992 928 1032 tum
948 985 1165 1047 linguam
1187 984 1249 1031 ad
1263 982 1425 1046 jurgia
1443 981 1611 1035 solvit;

240 1069 269 1087 “
299 1062 455 1110 Effeci
481 1062 601 1125 quid
627 1062 757 1109 enim
782 1063 929 1110 toties
954 1078 1042 1126 per
1060 1061 1284 1126 jurgiaT'
1320 1059 1464 1107 dixit.

1518 1060 1614 1104 262

240 1139 358 1204 Ipsa
382 1139 598 1203 petenda
622 1139 740 1186 mihi
766 1147 869 1196 est;
899 1139 1072 1203 ipsam,
1100 1138 1141 1185 si
1167 1137 1383 1186 maxima
1405 1135 1434 1182 J
1440 1151 1537 1182 uno

235 1310 355 1344 hibent,
371 1308 531 1345 Heinsius,
549 1314 583 1339 ut
598 1308 804 1340 soedissimum
820 1319 892 1339 cen-

237 1366 354 1394 tonem,
371 1358 518 1389 delendos
535 1365 650 1390 censet.
695 1360 803 1400 Inepte
819 1369 893 1389 sane

237 1414 310 1440 sunt
324 1407 533 1450 superioribus
548 1408 656 1439 addita
671 1421 678 1447 3
701 1408 756 1439 sed
771 1414 802 1439 et
821 1407 895 1438 alibi

235 1458 313 1489 solet
328 1457 459 1488 Ovidius
475 1457 573 1488 latiori
591 1463 621 1488 et
636 1457 744 1489 acriori
759 1457 894 1498 descrip-

237 1506 311 1537 tioni
326 1506 479 1548 subjicere
503 1506 688 1537 sententiam
704 1506 894 1547 languidam.

237 1555 394 1598 Displicet
421 1554 514 1585 etiam
542 1561 696 1586 structura
720 1556 894 1586 verborum.

237 1605 352 1636 Nescio
376 1611 491 1640 tamen,
505 1614 544 1634 an
565 1615 626 1635 non
646 1610 678 1635 et
697 1604 764 1635 haec
783 1604 894 1634 simili-

237 1655 295 1685 bus
310 1654 386 1684 locis
402 1653 527 1685 defendi
543 1654 648 1696 possit.
695 1654 785 1685 Certe
801 1653 895 1684 etiam

238 1714 325 1734 versu
338 1704 391 1733 58.
405 1708 591 1733 concurrunt
602 1708 733 1744 quatuor
746 1703 895 1734 vocabula

236 1752 267 1782 in
283 1765 300 1782 a
317 1751 498 1782 desinentia.
523 1751 630 1782 Simile
647 1751 894 1782 additamentum

238 1801 318 1832 infra
331 1811 395 1831 ver.
407 1801 471 1831 ’400
485 1811 554 1842 sqq.
570 1800 697 1841 legitur.

280 1850 460 1881 253-—315.
485 1849 600 1880 Confer
615 1849 756 1891 Euripid.
771 1849 892 1880 Bacch.

240 1901 332 1930 1—9.
350 1900 510 1930 89—104.
524 1899 694 1929 286-297
710 1910 717 1936 ;
742 1898 893 1941 Apollod.

237 1949 300 1979 ΙΙΙ.
316 1949 359 1979 iv.
376 1951 415 1986 5;
439 1947 570 1978 Diodor.
590 1948 652 1978 Sic.
667 1948 711 1978 iii.
729 1949 780 1979 63.
796 1948 836 1978 iv.
853 1949 872 1978 2
887 1959 895 1986 3

237 1998 368 2029 Lucian.
385 1997 471 2028 Dial.
488 1997 531 2027 D.
545 1999 585 2035 93
610 1997 728 2028 Eudoc.
743 2008 775 2039 p.
792 1998 850 2028 118
865 2003 898 2028 et

237 2048 322 2085 373;
346 2047 428 2088 Hyg.
444 2046 544 2077 fabul.
564 2047 728 2084 169.179;
752 2046 897 2088 Fulgent.

236 2096 343 2138 Myth.
355 2096 388 2126 ii.
403 2097 451 2126 15.
496 2096 620 2138 Nempe
636 2096 781 2127 Bacchus
795 2096 894 2138 poetis

236 2145 338 2176 dictus
348 2151 394 2176 est
406 2146 602 2186 πυρογενὴς,
615 2145 697 2186 quod
712 2156 757 2186 pr.
767 2145 830 2175 vini
841 2155 894 2186 ge—

237 2193 397 2225 nerosioris
406 2193 578 2235 vitiumque
592 2193 762 2235 epitheton.
773 2194 894 2229 Strabo,

236 2244 289 2274 lib.
307 2242 372 2274 xiii.
394 2254 425 2285 p.
441 2244 514 2274 628.
560 2243 665 2278 Porro.
683 2243 896 2274 Orientalibus

237 2305 270 2324 er
283 2293 401 2335 femore
422 2292 546 2323 alterius
571 2294 673 2334 egredi
696 2292 820 2328 dicitur,
842 2292 895 2333 qui

237 2343 276 2374 ab
306 2353 342 2373 eo
370 2341 517 2383 gignitur.
562 2341 644 2372 Hinc
674 2341 782 2372 sabula
812 2341 896 2372 nasci

236 2376 345 2422 facile
348 2390 457 2432 potuit.
481 2389 555 2421 Alia
576 2391 616 2421 ad
632 2401 695 2421 ver.
710 2391 786 2420 312.
809 2389 898 2420 dabi-

235 2451 314 2471 mus.
360 2440 487 2475 Rumor
507 2445 570 2470 etc.
617 2441 722 2476 Quum
743 2449 844 2470 rumor
859 2439 898 2470 de

235 2489 496 2531 Actaeonispoena
506 2499 630 2530 sparsus
640 2494 731 2525 esset,
741 2488 772 2518 in
782 2495 897 2519 utram-

236 2550 297 2580 que
328 2544 446 2580 partem
484 2538 523 2568 de
553 2548 590 2568 ea
619 2537 812 2579 disputatum
840 2542 897 2569 est.

237 2588 354 2618 Verum
370 2587 455 2617 nullo
474 2587 543 2628 jure
560 2586 598 2617 de
615 2597 652 2617 ea
670 2586 896 2628 disputabatur,

235 2647 332 2677 quum
361 2646 486 2678 poenarn
517 2636 602 2667 illam
632 2636 783 2667 Saturniae
812 2636 897 2676 leges

235 2685 454 2725 postulassent.
487 2685 612 2715 Callim.
635 2684 666 2715 in
690 2685 791 2716 lavac.
825 2685 897 2715 Pal-

235 2735 298 2766 lad.
313 2736 354 2766 99
369 2746 437 2776 sqq.
488 2735 648 2766 Violentim-
664 2734 729 2765 visa
741 2740 787 2765 est
802 2734 896 2765 etiam

959 1310 1069 1341 Senec.
1103 1308 1211 1351 OEdip.
1236 1308 1309 1338 763.
1333 1305 1385 1337 ubi
1407 1306 1532 1336 nimium
1551 1305 1618 1334 saevz'

962 1360 1041 1390 Diva
1062 1361 1195 1399 pudoris.
1248 1357 1448 1398 Dignumque,
1473 1359 1536 1385 etc.
1560 1352 1615 1384 de-

959 1420 1028 1440 cere
1043 1419 1111 1439 eam
1128 1406 1324 1438 severitatem
1340 1411 1459 1436 tantam
1472 1403 1503 1434 in
1515 1408 1618 1434 custo-

961 1457 1073 1488 diendo
1087 1456 1203 1499 pudore
1219 1466 1285 1486 suo,

1004 1507 1077 1537 256.
1103 1506 1260 1545 Culpetne,
1275 1510 1334 1535 etc.
1347 1515 1355 1542 ;
1369 1509 1404 1534 ut
1419 1502 1501 1545 apud
1514 1500 1619 1532 Tibul.

962 1557 1020 1588 IV.
1036 1568 1065 1587 v.
1079 1557 1134 1587 20.
1182 1555 1358 1589 collectum,
1374 1557 1570 1594 conceptum,
1586 1556 1621 1581 ut

963 1607 1101 1646 colligere
1114 1606 1195 1635 sitim
1209 1610 1241 1635 et
1254 1602 1379 1634 similia.
1421 1600 1619 1631 Translatum

962 1655 1041 1685 illud
1057 1655 1095 1685 ab
1115 1654 1239 1695 Europa
1259 1651 1364 1683 odium
1388 1651 1482 1681 etiarn
1501 1649 1532 1680 in
1553 1659 1623 1690 sqq.

963 1704 1076 1735 fabulae
1093 1703 1237 1745 quaedam
1250 1701 1443 1733 confirmant.

1005 1754 1080 1784 261.
1108 1753 1182 1782 Tum
1199 1753 1345 1793 linguam,
1362 1749 1441 1789 etc.]
1476 1746 1623 1778 Heinsius

962 1803 1019 1834 hoc
1037 1801 1267 1833 hemistichium
1282 1805 1460 1842 suspectum
1476 1797 1623 1832 habebat,

963 1858 994 1883 et
1009 1850 1196 1893 conjiciebat
1211 1851 1281 1890 quid
1302 1850 1436 1890 linguam
1457 1849 1495 1878 ad
1510 1847 1623 1888 jurgia

961 1903 1033 1932 solvi
1049 1901 1098 1931 vel
1113 1900 1214 1931 solvo?
1237 1899 1340 1929 deleto
1360 1908 1449 1927 versu
1470 1895 1624 1937 sequenti,

963 1960 1056 1992 quem
1071 1949 1217 1979 Latinum
1235 1958 1296 1978 non
1310 1946 1453 1989 putabat,
1467 1945 1525 1976 nisi
1540 1945 1624 1986 lege-

964 2005 1058 2034 retur,
1075 2004 1115 2028 ἰοί
1134 1997 1169 2027 Io
1182 1998 1366 2038 perjurgz'a.

1005 2048 1080 2078 262.
1097 2046 1205 2088 Effeci,
1219 2047 1289 2086 quid
1303 2047 1393 2080 enim,
1406 2043 1484 2083 etc.]
1503 2043 1621 2073 Amant

963 2102 1061 2138 poetae
1091 2095 1242 2137 ejusmodi
1277 2093 1442 2134 soliloquia
1471 2092 1618 2122 Deorum.

962 2145 1076 2176 Confer
1088 2145 1121 2176 ii.
1134 2145 1193 2175 471
1206 2156 1214 2182 3
1229 2145 1270 2174 iv.
1279 2144 1341 2173 420
1355 2155 1362 2180 3
1374 2141 1484 2182 Virgil.
1494 2139 1621 2171 AEneid.

962 2195 984 2226 i.
1003 2195 1044 2225 36
1067 2204 1136 2235 sqq.
1180 2191 1349 2223 Exordium
1372 2197 1419 2222 est
1445 2191 1622 2231 abruptum.

963 2244 1067 2274 Antea
1081 2242 1175 2273 tacite
1197 2251 1302 2272 secum
1325 2239 1487 2281 indignata
1509 2237 1620 2273 fuerat,

963 2298 1029 2322 turn
1041 2290 1243 2332 cogitaverat,
1259 2289 1340 2319 nolle
1353 2299 1385 2320 se
1397 2298 1501 2318 rursus
1511 2286 1622 2329 jurgiis

963 2342 1030 2379 uti3
1063 2340 1134 2371 hinc
1165 2339 1265 2370 verbis
1289 2338 1401 2380 pergit,
1426 2337 1534 2379 Effeci,
1559 2342 1620 2367 etc.

964 2391 1015 2422 Cf.
1041 2390 1081 2421 vi.
1103 2390 1176 2420 687.
1200 2388 1253 2419 ubi
1275 2387 1470 2430 praemittitur
1498 2386 1538 2416 Et
1564 2398 1620 2416 rne-

966 2441 1046 2475 rit0;
1070 2438 1113 2468 ix.
1129 2439 1209 2476 143;
1232 2436 1314 2467 Plin.
1330 2436 1390 2466 IV.
1406 2436 1466 2477 Ep.
1480 2434 1522 2466 iv,
1543 2435 1621 2465 Pan.

965 2488 1030 2518 lxx.
1044 2488 1075 2518 6.

1008 2537 1083 2567 263.
1104 2535 1136 2565 Si
1157 2533 1464 2575 maxima—regium]
1491 2532 1621 2563 Redun-

966 2584 1100 2616 dantia.
1094 2596 1125 2615 in
1147 2584 1195 2615 his
1216 2583 1361 2615 convenit
1381 2582 1506 2613 affectui
1524 2582 1622 2613 Juno-

965 2634 1024 2665 nis.
1058 2634 1118 2664 St
1105 2635 1298 2674 sumregina.
1323 2631 1489 2662 Sonantius
1504 2635 1535 2661 et
1548 2640 1618 2670 gra—

966 2683 1032 2714 vius
1058 2683 1169 2724 Virgil.
1194 2682 1226 2713 (1.
1247 2682 1269 2713 l.
1293 2683 1394 2712 incedo
1418 2682 1533 2722 regina.
1581 2679 1620 2709 Et

964 2735 1242 2772 sarooretcrzjus.
1277 2731 1346 2762 Cic.
1361 2731 1443 2762 eN.
1461 2729 1549 2761 D.ii.
1563 2730 1625 2759 26:
