1763 3181
410 181 1030 225 METAMORPHOSEON
1055 182 1174 223 LIB.
1207 182 1264 223 V.

1439 183 1523 224 337

139 298 170 345 J
176 315 317 345 ussus
342 314 450 346 eras
475 300 727 346 celebrare
752 299 924 361 dapes,
952 297 1236 360 festumque
1262 297 1501 346 canendo,

144 375 240 422 Cui
263 377 435 439 procul
461 375 657 430 astanti,
685 376 1032 439 plectrumque
1062 375 1260 421 imbelle
1285 374 1492 431 tenenti,

143 453 389 508 Pettalus,
409 459 439 476 “
453 453 494 508 I,
507 453 689 508 ridens,
706 452 895 516 Stygiis
912 468 1033 498 cane
1050 451 1261 507 cete1·a‚’'
1278 451 1419 507 dixit,
1438 454 1528 498 115

144 534 175 552 “
197 529 430 577 Manibus
449 529 492 577 :³⁷
519 537 569 576 et
592 530 715 575 laevo
741 544 1027 576 mucronem
1051 536 1276 591 tempore
1300 528 1422 589 figit.

145 606 394 662 Concidit,
422 613 473 653 et
497 606 663 668 digitis
689 605 1118 663 morientibus-ille
1143 612 1360 652 retentat

145 683 253 730 Fila
274 684 410 747 lyrae,
437 700 658 746 casuque
684 684 816 730 canit
840 683 1120 730 miserabile
1147 698 1360 729 carmen.

145 760 260 808 Non
285 760 402 807 sinit
424 761 555 808 hunc
580 761 782 825 impune
807 760 945 808 ferox
971 760 1213 808 cecidisse
1230 759 1528 823 Lycormas3

145 837 412 901 Raptaque
437 838 500 885 de
524 839 701 885 dextro
727 839 931 885 robusta
955 838 1191 901 repagula
1215 837 1364 901 posti,

1440 839 1532 883 120

147 915 360 963 Ossibus
384 915 530 962 illidit
554 915 729 963 mediae
755 916 990 963 cervicis:
1031 923 1081 963 at
1106 916 1189 962 ille

145 990 421 1039 Procubuit
440 999 598 1049 terrae,
625 993 828 1043 mactati
854 1009 988 1041 more
1008 992 1226 1056 juvenci.

145 1163 270 1195 dicitur.
314 1164 402 1196 Infra
417 1175 508 1196 versu
523 1166 596 1196 332.
617 1166 731 1196 vocalia
754 1176 806 1196 ora

146 1224 270 1245 movere.
316 1213 472 1245 Celebrare
496 1216 595 1254 dapes,
622 1225 735 1255 augere
761 1214 807 1244 hi-

146 1262 303 1294 laritatem
331 1263 575 1294 convivantium.
619 1263 658 1294 In
692 1263 806 1305 regali-

146 1312 206 1343 bus
239 1312 390 1343 conviviis
418 1312 556 1344 musicus
587 1312 807 1349 adhibebatur,

147 1360 200 1402 qui
223 1360 331 1391 laudes
352 1360 481 1391 heroum
500 1371 611 1403 resque
632 1361 752 1392 divinas
768 1361 809 1392 ad

148 1409 299 1440 citharam
325 1416 463 1441 caneret.
510 1410 578 1441 Cic.
598 1411 692 1442 Tusc.
717 1411 740 1442 i.
763 1412 808 1450 23

149 1459 301 1497 Quinctil.
315 1460 385 1492 Lx.
402 1462 452 1491 10.
496 1460 583 1492 Talis
603 1467 668 1493 erat
689 1462 808 1492 Demo-

149 1509 248 1540 docus
265 1509 299 1541 in
319 1509 461 1541 convivio
480 1510 620 1547 Alcinoi,
638 1510 701 1542 Od.
715 1514 752 1542 Θ.
768 1512 809 1542 62

147 1569 217 1600 sqq.
234 1563 267 1590 et
288 1559 382 1601 Iopas
401 1558 433 1589 in
455 1559 599 1590 convivio
619 1559 734 1597 Didus,
750 1561 808 1590 AE-

148 1607 233 1639 neid.
255 1607 278 1639 i.
300 1609 374 1639 740.
411 1608 569 1639 Caeterum
595 1609 628 1639 in
657 1609 809 1651 composi-

148 1656 232 1687 tione
258 1667 339 1689 vers.
370 1658 552 1688 lli—113.
582 1657 809 1699 negligentiam

147 1704 308 1747 quandam
343 1705 533 1742 observabis,
571 1716 666 1747 quam
715 1706 810 1737 etiam

149 1754 282 1786 Lenzius
314 1754 445 1791 notavit,
474 1755 529 1796 qui
563 1759 670 1785 monet
705 1755 811 1796 profici

150 1803 282 1845 aliquid,
305 1803 332 1835 si
353 1809 426 1846 post
449 1815 576 1835 moveres
600 1803 811 1846 interpunctio

149 1852 288 1884 maxima.
307 1852 504 1890 adhibeatur,
530 1859 562 1884 et
585 1853 625 1884 ad
649 1860 684 1884 tu
699 1864 812 1894 quoque

148 1901 412 1944 subintelligatur,
426 1905 567 1934 cecidisti.
590 1903 688 1934 Putat
703 1903 808 1939 etiam,

149 1962 240 1983 versu
270 1952 332 1982 113
353 1951 465 1983 melius
490 1952 584 1983 afore.
627 1951 712 1982 Mihi
736 1962 808 1983 vero

150 2011 209 2032 nec
223 2001 329 2038 verba,
341 2013 401 2032 non
417 2003 465 2032 hos
480 2003 581 2032 adhib.
592 2004 626 2032 in
640 2012 722 2038 usus,
737 2001 808 2043 pla-

151 2055 234 2087 cent,
250 2060 321 2092 quae
342 2050 454 2082 melius
478 2062 511 2082 se
530 2051 692 2087 haberent,
712 2050 737 2082 si
756 2050 810 2081 ille

151 2105 278 2131 coactus
293 2105 376 2130 esset
390 2111 453 2131 una
467 2110 620 2142 pugnare.

198 2149 268 2179 114.
311 2148 468 2180 Plectrum
496 2150 736 2180 instrumentum
766 2154 813 2179 est

151 2208 213 2239 quo
226 2197 295 2240 lyra
308 2197 460 2239 pulsatur,
475 2197 543 2230 ἀπὸ
565 2200 622 2229 τοῦ
641 2197 812 2237 πλήττειν,

151 2247 211 2278 hoc
235 2252 283 2278 est
303 2258 322 2278 a
342 2247 557 2289 percutiendo,
575 2248 704 2278 dictum.
750 2247 813 2277 Im-

155 2297 238 2332 belle,
253 2296 333 2332 leve,
349 2296 375 2326 si
395 2302 592 2338 comparetur
614 2307 686 2326 cum
710 2297 813 2327 armis.

153 2345 241 2376 Alibi
263 2346 388 2376 imbellis
411 2347 530 2376 cithara
559 2351 613 2376 aut
643 2346 721 2386 lyra,
751 2356 813 2376 non

153 2399 228 2436 apta
238 2394 330 2425 rebus
344 2393 466 2435 magnis
478 2393 639 2430 canendis,
649 2394 704 2424 sed
716 2394 812 2425 amori

154 2450 186 2475 et
209 2444 362 2487 voluptati
390 2444 573 2475 inserviens.
603 2444 744 2475 Bruckh.
773 2444 813 2475 ad

156 2494 294 2535 Propert.
318 2494 378 2525 IV.
401 2495 443 2524 vi.
468 2495 523 2525 36.
568 2495 730 2524 Sarcasmo
754 2494 812 2530 illi,

156 2543 270 2584 Stygiis
290 2555 364 2574 cane
387 2550 493 2574 caelera
515 2543 625 2574 similis
650 2549 697 2574 est
724 2543 813 2579 alius,

156 2592 209 2623 xii.
225 2593 287 2624 321
311 2603 382 2634 sqq.
420 2593 539 2624 Mirum
565 2599 670 2624 autem
695 2599 751 2628 est,
777 2592 814 2622 il·

157 2643 221 2673 lum
242 2651 300 2672 nec
320 2642 401 2672 inter
424 2642 594 2673 tumultum
617 2641 747 2672 desiisse
769 2640 812 2671 ci-

158 2691 279 2722 tharam
295 2702 366 2722 cum
377 2701 452 2722 voce
468 2702 600 2723 movere.

203 2740 275 2771 117.
299 2740 456 2776 Retentat,
479 2740 591 2771 iterum
610 2746 721 2775 tentat,
746 2750 813 2780 per-

874 1165 920 1207 git
950 1170 1091 1206 tangere,
1122 1163 1248 1206 pulsare
1274 1164 1338 1204 fila
1368 1164 1452 1204 lyrae,
1479 1173 1535 1194 seu

874 1215 961 1246 fides.
1006 1214 1104 1250 Infra,
1136 1214 1210 1244 339.
1246 1219 1424 1253 praetentare
1452 1213 1538 1243 chor-

875 1267 937 1295 das.
982 1265 1021 1294 In
1044 1264 1116 1294 lusu
1143 1273 1209 1303 seq.
1230 1263 1348 1292 Nostro
1371 1261 1536 1303 praeiverat

874 1312 1006 1348 Ennius,
1031 1323 1179 1353 quumque
1200 1318 1291 1351 caput
1317 1313 1447 1346 caderet,
1469 1322 1536 1340 car-

874 1374 941 1393 ‘men
970 1363 1042 1393 tuba
1072 1362 1133 1392 sola
1160 1364 1289 1402 peregit,
1319 1361 1371 1397 Et,
1394 1366 1538 1400 pereunte

875 1415 951 1448 viro,
970 1423 1094 1442 raucum
1110 1422 1196 1442 sonus
1207 1422 1263 1441 oere
1278 1411 1428 1442 cucurrit.
1461 1409 1537 1439 lmi-

875 1467 959 1493 tatus
971 1472 1043 1492 eum
1058 1466 1106 1491 est
1121 1466 1152 1491 et
1164 1460 1269 1496 Silius,
1286 1459 1329 1490 iv.
1350 1461 1424 1490 173.
1459 1459 1538 1489 Casu

876 1521 938 1542 non
952 1517 1011 1547 est,
1026 1510 1114 1546 forte,
1130 1509 1197 1545 sed,
1213 1509 1316 1551 lapsu.
1356 1509 1539 1539 Concidit—

876 1571 1013 1601 casuque,
1041 1565 1072 1591 et
1100 1558 1280 1594 concidens,
1307 1560 1391 1589 canit
1416 1560 1538 1588 misera-

877 1611 934 1640 bile
967 1620 1097 1645 carmen,
1128 1607 1194 1639 edit
1216 1617 1309 1638 voces
1337 1606 1540 1638 miserabiles.

877 1658 939 1689 Sed
966 1659 1047 1689 bene
1077 1658 1117 1689 de
1146 1656 1275 1692 musico,
1303 1659 1385 1687 canit
1407 1667 1540 1687 carmen.

880 1708 1063 1743 Miserabile,
1072 1705 1317 1737 misericordiam
1327 1715 1446 1736 commo
1452 1715 1538 1736 vens.

879 1757 947 1789 Cic.
970 1756 1070 1787 Attic.
1093 1756 1158 1787 xiv.
1185 1756 1233 1786 10.
1267 1756 1390 1785 laudari
1417 1756 1538 1785 misera-

878 1808 989 1837 biliter.
1023 1806 1181 1838 Caeterum
1203 1810 1239 1835 ut
1261 1804 1312 1835 hic
1329 1803 1478 1840 musicus,
1494 1803 1538 1835 sic

878 1857 957 1886 AEn.
972 1855 1015 1886 ix.
1031 1856 1094 1886 774
1110 1865 1178 1896 sqq.
1195 1859 1289 1896 poeta
1312 1853 1440 1885 interest
1458 1864 1538 1895 prae-

876 1904 918 1935 lio
933 1910 967 1936 et
980 1903 1149 1935 occiditur.

923 1954 995 1985 120.
1025 1954 1197 1994 Repagula,
1228 1951 1292 1983 sive
1320 1951 1407 1992 ligna
1440 1955 1539 1981 trans—

878 2013 978 2038 versa,
989 2002 1103 2044 quibus
1119 2001 1198 2032 fores
1214 2001 1447 2036 muniebantur,
1464 2000 1540 2030 utri-

879 2062 940 2093 que
962 2051 1043 2094 posti
1063 2051 1179 2081 inserta
1199 2056 1298 2085 erant,
1314 2057 1346 2080 et
1366 2056 1400 2080 ut
1417 2059 1434 2080 e
1449 2059 1540 2079 versu

883 2101 943 2131 127
959 2100 1099 2142 colligas,
1114 2100 1147 2130 in
1160 2105 1248 2141 parte
1264 2099 1431 2140 superiore.
1469 2097 1540 2128 Illi-

881 2152 927 2181 dit
954 2150 1078 2181 videtur
1104 2148 1279 2180 emendatio
1312 2147 1540 2185 recentiorum3

882 2199 991 2230 Codex
1004 2198 1126 2239 Regius
1141 2198 1182 2228 A.
1194 2198 1295 2233 elisit3
1311 2195 1421 2226 eodem
1436 2205 1540 2231 sensu,

882 2249 992 2280 Codex
1007 2249 1046 2279 B.
1062 2249 1195 2282 immisit,
1211 2245 1295 2287 quod
1311 2254 1422 2275 censeo
1439 2244 1541 2286 aptius

881 2302 913 2328 et
933 2296 1105 2338 simplicius
1122 2307 1130 2333 3
1156 2305 1229 2326 nam
1249 2293 1288 2324 de
1310 2295 1436 2332 postium
1456 2304 1541 2332 repa-

878 2347 961 2387 gulis
975 2356 1074 2376 sermo
1093 2350 1150 2380 est,
1167 2350 1197 2374 et
1218 2344 1337 2373 illidere
1356 2353 1410 2373 seu
1432 2343 1543 2372 elidere

881 2394 1002 2436 aliquid
1023 2396 1129 2425 ossibus
1142 2393 1194 2423 vix
1215 2392 1362 2423 Latinum
1383 2397 1440 2422 est.
1476 2392 1542 2422 Ho-

880 2444 977 2475 ratius
991 2442 1082 2478 dixit,
1101 2444 1221 2473 illidere
1233 2444 1349 2472 deniem
1364 2442 1459 2471 alicui
1476 2442 1541 2477 rei,-

881 2492 1000 2527 Livius,
1015 2493 1124 2522 elidere
1140 2497 1231 2530 caput
1243 2501 1345 2526 sucr0,·
1362 2489 1417 2519 sed
1433 2490 1543 2519 elidere

882 2552 991 2582 corpus
1014 2540 1231 2575 inanimatum,
1248 2551 1276 2570 v.
1293 2550 1322 2579 g.
1348 2548 1434 2573 saxa,
1454 2537 1541 2579 stipi-

881 2595 939 2625 tes,
966 2596 1029 2619 etc.
1057 2589 1151 2619 alicui
1182 2587 1301 2629 corpori
1327 2586 1465 2616 animato
1493 2597 1542 2617 re-

881 2650 948 2669 rum
961 2645 1079 2669 naturae
1096 2644 1259 2679 repugnat.
1298 2636 1465 2665 Procubuit
1482 2643 1541 2666 ter-

883 2700 932 2723 roe,
943 2694 977 2718 ut
991 2688 1060 2717 197.
1074 2694 1260 2726 prosternere
1273 2687 1377 2722 huml5
1393 2685 1448 2715 vii.
1466 2685 1542 2716 578.

885 2744 970 2768 terra
980 2739 1098 2776 jacens.
