1763 3181
448 180 1067 223 METAMORPHOSEON
1103 181 1221 221 LIB.
1257 182 1310 222 V.
1489 183 1574 224 335

188 296 255 344 At
280 314 376 345 non
402 297 672 344 Actoriden
699 295 921 350 Erithon‚
949 296 1029 342 cui
1056 296 1155 343 lata
1179 296 1407 360 bipennis

187 373 363 422 Telum
383 382 500 430 erat,
528 375 725 422 hamato
749 373 963 420 Perseus
990 373 1114 436 petit
1139 390 1285 429 ense3
1315 375 1403 421 sed
1429 375 1539 422 altis

189 450 459 500 Extantem
478 451 647 514 signis,
665 451 937 513 multaeque
961 450 1011 496 in
1030 450 1250 513 pondere
1266 467 1457 508 massae,
1510 455 1564 499 81

186 527 447 591 Ingentem
472 528 699 575 manibus
724 526 857 574 tollit
876 533 1069 574 cratera
1092 527 1286 573 duabus
1305 546 1315 583 ;

185 604 493 669 Infregitque
516 605 646 653 viro:
687 604 890 651 rutilum
914 604 1068 663 vomit
1091 604 1174 651 ille
1199 620 1452 661 cruorem3

187 681 252 728 Et
273 683 536 747 'resupinus
562 683 766 729 humum
791 681 1086 728 moribundo
1110 681 1292 728 vertice
1317 683 1495 746 pulsat.

186 758 309 806 Inde
329 759 619 807 Semiramio
637 759 996 823 Polydaemona
1017 758 1256 820 sanguine
1277 765 1483 814 cretum,
1512 764 1572 807 85

186 836 591 900 Caucasiumque
637 835 841 891 Abarin,
884 835 1378 899 Sperchionidenque
1416 835 1572 900 Lyce-

381 920 504 969 tum,
1347 914 1576 977 [tumque

185 990 546 1054 Intonsumque
580 1005 748 1038 comas
788 989 996 1053 Elycen,
1037 989 1416 1053 Phlegiamque,
1454 991 1572 1055 Cly-

186 1067 400 1125 Sternit;
441 1076 492 1116 et
517 1068 799 1115 adstructos
825 1067 1120 1114 morientum
1146 1067 1307 1114 calcat
1330 1084 1548 1116 acervos.

189 1144 293 1192 Nec
319 1145 543 1192 Phineus
563 1161 711 1192 ausus
737 1160 1029 1191 concurrere
1055 1144 1277 1191 cominus
1303 1145 1449 1201 hosti,

183 1221 446 1286 Intorquet
460 1222 710 1286 jaculum:
751 1223 887 1285 quod
908 1221 1087 1269 detulit
1112 1238 1243 1269 error
1263 1223 1312 1268 in
1339 1221 1480 1278 Idan,
1509 1226 1572 1270 90

184 1299 457 1364 Expertem
481 1300 662 1348 frustra
685 1300 819 1355 belli,
848 1307 899 1347 et
925 1306 1102 1347 neutra
1125 1316 1260 1347 arma
1285 1306 1569 1362 sequutum.

184 1376 276 1425 Ille
301 1384 445 1425 tuens
470 1378 626 1425 oculis
660 1378 900 1425 immitem
927 1378 1121 1425 Phinea
1141 1377 1309 1433 torvis,
1337 1377 1570 1439 [Phineu‚

184 1460 215 1478 “
237 1454 657 1519 Quandoquidem
674 1455 723 1502 in
739 1454 955 1518 partes‚’'
978 1455 1061 1510 ait,
1081 1460 1112 1478 ‘⁶
1133 1454 1365 1509 attrahor,
1380 1454 1567 1518 accipe,

226 1563 277 1594 79.
295 1562 450 1602 Bipennz's,
465 1563 580 1595 securis
605 1574 731 1605 anceps,
750 1562 842 1595 πέλε-

182 1623 239 1649 κυς
271 1611 431 1654 δίστομος,
457 1611 605 1655 σάγαρις,
635 1624 698 1654 qua
733 1618 842 1654 gentes

182 1660 339 1701 quaedam,
366 1668 401 1692 ut
429 1662 616 1699 Amazones,
642 1662 711 1692 loco
743 1662 841 1703 gladii

182 1710 360 1741 utebantur.
376 1712 452 1742 AEn.
465 1711 507 1741 xi.
523 1712 597 1742 651.
641 1712 752 1742 Forma
776 1711 842 1752 ejus

180 1768 326 1800 expressa
337 1759 368 1790 in
386 1760 491 1790 multis
506 1760 725 1791 monumentis.
764 1760 840 1791 Vid.

181 1808 365 1839 Montefalc.
391 1810 457 1839 tab.
482 1820 531 1840 cx.
556 1820 587 1839 n.
611 1810 643 1840 7.
694 1810 843 1840 Hamatus

181 1859 267 1894 ensis,
296 1857 401 1899 harpe,
430 1857 501 1888 vide
531 1858 573 1889 iv.
605 1859 678 1889 719.
739 1859 840 1895 Altis,-

182 1906 244 1937 alte
271 1906 480 1937 eminentibus
501 1907 596 1947 signis
621 1912 653 1937 et
677 1907 842 1938 caelaturis.

184 1955 287 1986 Multa
300 1957 334 1986 in
353 1958 483 1996 pondere
497 1967 602 1993 massa,
618 1966 720 1987 massa
737 1956 842 1997 magni

182 2004 337 2045 ponderis.
384 2005 542 2046 Ingentem
571 2012 702 2036 cratera.
747 2005 842 2047 Apud

183 2052 297 2094 Virgil.
312 2055 388 2085 AEn.
403 2055 449 2085 ix.
466 2055 540 2085 346.
562 2055 675 2096 aliquis
700 2067 842 2097 magnum

182 2109 314 2134 meluens
327 2115 356 2134 se
375 2109 439 2143 post
453 2110 573 2135 cratera
593 2107 717 2146 tegebat.
766 2105 839 2134 Crav

181 2157 257 2183 teres
277 2158 366 2183 erant
388 2164 463 2184 vasa
485 2153 647 2195 ampliora,
671 2154 703 2184 in
730 2153 843 2195 quibus

180 2199 288 2231 vinum
303 2203 535 2243 temperabatur
550 2213 645 2244 aqua.
681 2202 843 2233 Amabant

182 2257 287 2281 autem
312 2252 444 2283 Veteres
478 2263 547 2283 vasa
579 2255 712 2283 extantia
739 2254 842 2294 signis,

181 2299 214 2329 id
250 2306 308 2336 est,
336 2300 443 2342 figuris
478 2302 685 2332 eminentibus
719 2302 841 2338 eaelata,

183 2349 384 2391 anaglypha3
408 2351 514 2381 confer
536 2351 591 2381 xii.
608 2352 682 2382 235.
708 2351 842 2392 Irgf'regz't

181 2400 246 2429 viro
269 2399 401 2431 Lenzius
425 2399 572 2441 explicat,
595 2400 688 2440 fregit
710 2400 742 2430 in
763 2400 839 2430 viro.

184 2446 293 2478 Potius
312 2448 510 2490 capiendum,
526 2454 562 2479 ut
584 2449 615 2479 in
638 2449 770 2479 formula
794 2451 839 2479 in-

173 2496 318 2538 fringere
339 2498 482 2536 colaphos.
520 2498 622 2529 Versu
640 2499 714 2528 121.
730 2508 784 2539 pro
805 2508 841 2528 eo

182 2547 312 2581 illidere,
329 2546 382 2576 xii.
396 2548 471 2578 237.
487 2552 607 2577 cratera
629 2549 707 2577 misit
731 2549 761 2577 in
778 2558 841 2578 ora.

184 2595 341 2633 Rutilum,
365 2601 426 2627 etc.
450 2595 578 2627 AEneid.
600 2596 642 2626 ix.
657 2597 740 2627 3492
765 2607 840 2635 pur-

182 2654 306 2682 pureum
338 2647 423 2675 vomit
451 2646 503 2675 ille
528 2647 658 2674 animam
673 2656 682 2680 ;
716 2645 840 2674 Homer.

184 2693 222 2723 Il.
249 2694 293 2727 Ξ.
324 2694 408 2724 437:
447 2694 626 2734 κελαινεφὲς
664 2693 731 2734 αἷμ’
761 2692 837 2724 ιἰπέ-

184 2753 312 2781 μεσσεν.

953 1565 1005 1595 88.
1037 1565 1211 1598 Adstruere,
1239 1569 1367 1597 struere,
1403 1563 1572 1593 cumulare.

912 1613 1039 1643 Calcare
1067 1622 1203 1653 corpora,
1228 1611 1260 1641 in
1285 1611 1392 1652 primis
1418 1617 1511 1653 caput
1538 1616 1570 1641 et

910 1662 1075 1697 cervicem,
1098 1671 1114 1691 e
1140 1660 1254 1691 ferocia
1279 1660 1429 1690 victorum
1457 1660 1571 1701 prisco-

908 1720 987 1741 rum.
1033 1709 1153 1740 Passim
1182 1708 1266 1750 apud
1298 1709 1481 1743 Homerum,
1506 1709 1567 1744 λὰξ

910 1759 1115 1801 προσβαίνει,
1132 1765 1186 1789 aut
1204 1759 1267 1793 λὰξ
1288 1758 1324 1788 ἐν
1347 1757 1477 1796 στήθεσι
1496 1757 1570 1797 βαί-

910 1820 967 1840 νει.
1006 1808 1134 1838 AElneid.
1166 1819 1195 1837 x.
1226 1808 1313 1837 495:
1355 1808 1424 1836 laem
1466 1809 1569 1846 pressit

907 1857 1210 1897 pede—E1a1zin1em.
1258 1855 1340 1885 Hinc
1364 1862 1395 1885 et
1419 1855 1451 1886 in
1475 1867 1567 1887 vena-

910 1906 993 1936 tione
1010 1906 1081 1936 serae
1098 1905 1262 1935 nobiliores
1280 1909 1383 1934 stratae
1400 1904 1567 1936 calcaban—

910 1960 970 1986 tur.
996 1954 1060 1985 viii.
1088 1955 1161 1984 425.
1209 1952 1290 1983 Vide
1322 1952 1495 1983 Bruckhus.
1529 1953 1569 1984 ad

910 2004 1118 2046 Propertium,
1134 2004 1163 2033 Ι.
1188 2003 1207 2033 ἰ.
1225 2003 1255 2032 4.
1278 2001 1332 2032 ubi
1358 2001 1397 2032 ad
1420 2002 1568 2033 Amorem

911 2054 968 2084 hoc
984 2053 1179 2084 translatum.

952 2103 1006 2132 90.
1032 2102 1137 2137 Error,
1159 2099 1347 2142 ἁμάρτημα,
1375 2111 1471 2141 quum
1498 2100 1568 2141 quis

910 2161 971 2181 non
997 2150 1067 2180 ferit
1090 2160 1229 2191 scopum.
1276 2149 1444 2179 claudian.
1468 2149 1565 2190 Rapt.

909 2198 942 2231 ii.
961 2201 1032 2230 134.
1051 2206 1077 2229 te
1093 2201 1166 2229 disci
1179 2198 1310 2237 perculit
1331 2209 1424 2229 error.
1463 2197 1566 2228 Etiam

909 2249 993 2291 apud
1008 2249 1178 2279 Homerum
1202 2247 1357 2278 interdum
1373 2257 1454 2277 error
1469 2246 1568 2277 desert

909 2298 1005 2328 telum
1030 2297 1061 2327 in
1085 2297 1192 2331 alium,
1218 2302 1251 2326 ut
1267 2295 1306 2325 Il.
1329 2299 1365 2326 Θ.
1385 2296 1568 2326 302-311.

911 2348 1023 2386 Expers
1039 2347 1119 2381 belli,
1137 2351 1183 2381 ut,
1196 2344 1249 2375 xii.
1265 2346 1340 2375 320.
1354 2344 1511 2386 Aphidas.

951 2397 1005 2426 93.
1032 2396 1071 2425 In
1090 2401 1200 2434 partes,
1214 2393 1247 2423 in
1268 2393 1428 2424 factiones.
1455 2393 1566 2423 Pensa-

907 2456 962 2485 qzte
986 2446 1037 2475 hoc
1061 2444 1184 2474 vulnere
1207 2444 1340 2478 wilmun·
1364 2441 1472 2483 accipe
1497 2441 1565 2473 vul-

908 2505 966 2524 nus
990 2505 1044 2535 pro
1066 2493 1124 2523 hoc
1149 2493 1289 2527 vulnere,
1311 2491 1395 2533 quod
1420 2491 1494 2521 mihi
1519 2492 1564 2521 in-

908 2543 1019 2574 tulisti.
1069 2544 1174 2579 Quum
1207 2542 1288 2572 enim
1318 2541 1387 2581 quis
1416 2540 1501 2575 facit,
1531 2546 1565 2570 ut

908 2593 977 2623 duae
1001 2602 1048 2622 res
1070 2602 1157 2632 pares
1172 2591 1245 2625 sint,
1267 2595 1333 2620 turn
1349 2600 1471 2628 pensare
1487 2588 1564 2619 alte-

908 2652 974 2672 ram
1004 2641 1102 2671 altera
1125 2639 1248 2670 dicitur.
1296 2639 1443 2679 Defectus,
1469 2637 1564 2668 desti-

908 2696 1000 2725 tutos,
1015 2689 1171 2731 privatos:
1198 2688 1270 2718 vide
1292 2686 1501 2717 Schwarzium
1524 2686 1563 2716 ad

910 2739 1002 2770 Plinii
1021 2740 1173 2779 l'anegyr.
1189 2739 1241 2768 26.
