1763 3181
227 199 311 240 358
615 199 665 240 P.
700 198 808 240 ovl
819 198 913 239 DII
947 196 1225 239 NASONIS

229 314 398 370 Dixit,
439 320 503 368 et,
532 314 580 360 in
605 321 770 377 partes
796 313 1015 361 diversas
1040 313 1243 360 brachia
1268 313 1492 367 tendenS‚

230 390 467 438 Obstitit:
506 390 636 437 haud
662 391 790 437 ultra
812 390 972 438 tenuit
999 390 1260 437 Saturnius
1285 390 1406 436 iram
1427 408 1438 446 ;

227 466 595 530 Terribilesque
620 467 844 513 hortatus
870 482 1042 530 equos,
1070 467 1121 513 in
1147 466 1355 529 gurgitis
1381 466 1480 513 ima

229 544 524 590 Contortum
548 543 708 590 valido
735 550 988 607 sceptrum
1014 543 1178 604 regale
1204 543 1388 590 lacerto

229 620 494 668 Condidit:
535 621 634 668 icta
656 620 785 668 viam
811 620 958 668 tellus
985 619 1034 666 in
1060 619 1266 667 Tartara
1289 619 1432 676 fecit3

228 696 294 745 Et
318 714 499 761 pronos
526 714 696 745 currus
722 697 886 745 medio
912 704 1100 744 cratere
1125 697 1330 761 recepit.

225 774 295 821 At
315 774 505 837 Cyane,
528 782 822 839 raptamque
845 774 1022 830 Deam,
1050 781 1440 837 contemptaque
1465 772 1611 820 fontis

225 849 256 897 J
262 867 348 898 ura
371 853 447 899 sui
473 868 701 908 moerens,
729 852 1082 899 inconsolabile
1106 851 1282 898 vulnus
1514 853 1611 897 426

227 927 402 975 Mente
427 929 555 991 gerit
578 929 745 985 tacita,
773 929 1094 991 lacrimisque
1126 927 1399 975 absumitur
1423 927 1610 975 omnis:

227 1004 309 1061 Et,
337 1021 546 1068 quarum
570 1005 730 1053 fuerat
753 1021 987 1067 magnum
1011 1004 1160 1051 modo
1185 1020 1385 1059 numen,
1408 1004 1457 1051 in
1482 1004 1591 1051 illas

227 1081 540 1130 Extenuatur
564 1099 748 1147 aquas:
789 1082 967 1129 molliri
991 1082 1215 1128 membra
1236 1081 1446 1136 videres,

229 1159 360 1207 Ossa
384 1161 488 1224 pati
513 1161 691 1216 flexus,
719 1176 911 1223 ungues
937 1159 1164 1223 posuisse
1189 1158 1427 1219 rigorem3
1516 1161 1614 1205 430

227 1235 494 1300 Primaque
519 1238 581 1286 de
606 1245 712 1285 tota
734 1237 1026 1286 tenuissima
1050 1252 1264 1298 quaeque
1288 1236 1589 1298 liquescunt,

229 1312 443 1361 Caerulei
468 1315 644 1371 crines,
673 1315 933 1378 digitique,
961 1322 1012 1362 et
1036 1330 1194 1370 crura,
1222 1314 1506 1377 pedesque3

228 1389 359 1437 Nam
384 1392 546 1439 brevis
573 1392 622 1439 in
647 1393 837 1455 gelidas
863 1391 1098 1439 membris
1123 1391 1334 1438 exilibus
1360 1391 1519 1438 undas

226 1466 485 1516 Transitus
518 1478 622 1517 est:
661 1477 777 1533 post
808 1469 914 1516 haec
953 1475 1265 1532 tergumque,
1302 1468 1610 1531 humerique,

425 1545 674 1609 latusque,

227 1620 542 1685 Pectoraque
566 1623 615 1669 in
639 1630 814 1670 tenues
840 1624 1026 1671 abeunt
1050 1622 1259 1671 evanida
1288 1623 1443 1670 rivos:
1514 1625 1610 1671 435

227 1697 460 1761 Denique
486 1716 574 1763 pro
596 1701 704 1748 vivo
729 1701 925 1748 vitiatas
951 1700 1190 1763 sanguine
1215 1716 1364 1747 venas
1409 1700 1608 1763 [possis.

227 1773 455 1839 Lympha
494 1777 654 1834 subit3
708 1784 966 1841 restatque
1007 1777 1145 1834 nihil,
1190 1777 1325 1840 quod
1368 1777 1610 1840 prendere

1510 390 1608 434 420

268 1919 344 1950 420.
370 1919 492 1956 Tenuit,
523 1920 662 1957 retinuit,
693 1922 883 1964 compressit.

226 1968 380 2008 Sceptrum
402 1971 526 2006 trabale,
550 1969 578 1999 ei
600 1969 654 2000 dat
675 1969 882 2006 Claudianus,

223 2016 258 2048 ii.
278 2019 347 2048 172.
392 2018 430 2048 Id
450 2026 673 2059 contorquetur,
693 2030 790 2061 quum
816 2025 884 2051 tan-

951 1923 1072 1958 vulnns,
1088 1921 1201 1963 Virgil.
1218 1921 1344 1952 AEneid.
1357 1921 1377 1953 i.
1391 1923 1443 1953 36.
1466 1921 1614 1953 Similiter

951 1970 1042 2008 ἕλκος
1057 1971 1142 2013 apud
1157 1971 1295 2002 Graecos.
1340 1971 1400 2002 Sed
1422 1972 1533 2002 vulnus
1553 1981 1612 2002 nec

951 2020 1083 2062 proprie,
1100 2029 1157 2051 nec
1173 2020 1250 2051 adeo
1265 2020 1383 2062 tropice
1403 2021 1482 2051 bene
1501 2020 1615 2052 dicitur

226 2077 321 2108 quam
342 2066 431 2098 hasta
451 2068 634 2104 emittenda,
652 2068 768 2099 lacerto
790 2069 885 2099 libra-

226 2120 287 2145 tur.
325 2116 468 2152 Condere,
484 2117 606 2147 trudere
621 2117 885 2158 quemadmodum

224 2165 306 2195 ensis
324 2164 356 2194 in
372 2175 484 2206 corpus
504 2167 591 2197 condi
612 2166 736 2197 dicitur.
782 2166 886 2198 Etiam

225 2213 264 2244 de
289 2213 368 2249 loco,
393 2224 455 2255 quo
480 2214 665 2256 Proserpina
691 2213 829 2246 deducta
854 2215 885 2246 in

222 2261 398 2298 Tartarum,
415 2263 507 2293 variae
523 2269 612 2294 erant
626 2263 802 2294 sententiae.
827 2264 886 2294 Per

227 2312 332 2341 AEtnae
370 2311 489 2342 hiatum
520 2311 677 2353 quendam
707 2312 739 2343 id
770 2312 886 2343 factum

224 2359 328 2401 plures
339 2359 514 2397 tradebant,
531 2360 677 2402 idemque
689 2361 783 2392 etiam
793 2361 886 2393 hodie

224 2408 375 2449 spelunca
403 2409 593 2451 Proserpinae
621 2416 762 2442 vocatur.
808 2411 884 2442 Vid.

224 2457 376 2499 Brydonii
391 2458 534 2490 Itinerar.
550 2465 624 2490 tom.
641 2459 664 2490 i.
681 2471 714 2502 p.
733 2461 803 2492 189.
848 2461 886 2492 In

224 2507 255 2537 h.
269 2507 367 2549 Orph.
379 2507 411 2538 in
423 2508 508 2539 Plut.
518 2508 684 2539 abducitur
699 2519 753 2551 per
763 2515 885 2541 antrum

223 2556 353 2587 Atticae.
390 2557 559 2588 Claudian.
585 2556 619 2588 ii.
646 2558 727 2588 307:
764 2558 886 2601 Raptor

228 2604 354 2635 Taenara
379 2607 486 2636 intrat.
540 2605 666 2637 Scilicet
687 2607 791 2649 plures
814 2618 883 2649 spe-

225 2653 326 2684 luncae
358 2653 600 2695 reperiebantur,
629 2666 683 2697 per
718 2666 796 2697 quas
830 2656 883 2687 de-

224 2712 351 2732 scensus
367 2702 406 2732 ad
421 2702 533 2734 inferos
548 2709 655 2746 patere
670 2704 865 2736 credebatur.

269 2751 343 2782 426.
373 2751 497 2788 Vulnus,
518 2752 666 2788 dolorem,
687 2758 721 2783 ut
743 2760 885 2784 arternum

951 2070 1171 2100 inconsolabile.
1204 2069 1361 2100 Tenuatur
1372 2069 1494 2106 melius,
1508 2079 1613 2111 quam,

952 2123 1100 2154 mutatur,
1130 2117 1251 2149 transit.
1298 2117 1491 2160 Exquisitius
1518 2118 1613 2149 etiam

952 2167 1042 2207 Virg.
1058 2167 1174 2208 Georg.
1189 2167 1233 2198 iv.
1251 2168 1326 2198 410.
1346 2170 1379 2198 in
1399 2179 1491 2208 aquas
1513 2174 1614 2198 tenues

951 2217 1084 2255 dilapsus
1094 2218 1195 2252 abibit,
1208 2216 1292 2258 quod
1306 2217 1419 2247 Noster
1429 2227 1511 2253 mox,
1522 2227 1613 2248 versu

952 2265 1026 2296 435.
1051 2265 1213 2307 expressit.
1261 2265 1391 2301 Molliri,
1415 2271 1450 2296 ut
1479 2275 1550 2296 cera
1576 2266 1614 2296 li-

951 2324 1112 2355 quescens,
1162 2315 1352 2356 Parisinus,
1368 2314 1433 2345 fieri
1449 2315 1612 2346 flexibilia.

951 2363 1028 2394 Mox
1051 2369 1212 2405 argutatur
1231 2370 1262 2395 et
1278 2363 1401 2405 ingenio
1422 2364 1561 2395 abutitur
1581 2364 1613 2395 in

953 2414 1129 2443 tenuissimis
1140 2412 1203 2443 illis
1217 2418 1249 2443 et
1264 2414 1343 2443 brevi
1359 2422 1465 2443 earum
1481 2414 1614 2443 transitu.

951 2459 983 2491 in
999 2470 1098 2502 aquas
1112 2472 1119 2499 3
1135 2466 1201 2491 tum
1217 2460 1299 2502 quod
1314 2462 1436 2491 vitiatas
1450 2460 1534 2502 pn'us
1546 2470 1611 2491 me-

953 2514 1052 2540 morat
1081 2519 1186 2540 venas.
1230 2509 1348 2540 Melius
1374 2507 1542 2539 claudian.
1571 2508 1615 2538 iii.

953 2559 1027 2589 245.
1043 2569 1178 2590 moerens
1192 2559 1300 2600 Cyane
1317 2560 1408 2588 tacito
1425 2559 1491 2588 laesa
1504 2568 1614 2588 veneno

952 2608 1086 2638 Solvitur
1108 2610 1138 2638 in
1164 2610 1303 2644 laticem‚·
1326 2609 1457 2647 subrepit
1481 2608 1615 2637 crinibus

952 2658 1065 2693 humor,
1083 2657 1241 2697 Liquitur‚
1261 2659 1293 2687 ιίι
1316 2667 1466 2696 roremque
1486 2657 1570 2695 pedes
1585 2662 1612 2685 et

956 2708 1075 2737 brachia
1093 2713 1227 2737 manunt.
