1729 3207
394 212 1019 255 METAMORPHOSEON
1053 213 1173 255 LIB.
1207 213 1244 254 l.
1432 215 1511 255 101

128 328 321 376 Deinde
346 336 481 376 torus
501 328 698 392 junxit3
733 344 864 375 nunc
890 329 999 392 ipsa
1023 329 1247 392 pericula
1265 330 1508 393 jungunt:

125 405 403 462 Terrarum,
432 421 758 469 quascunque
782 406 955 453 vident
975 421 1185 453 occasus
1211 412 1261 453 et
1285 413 1439 462 ortuS‚

126 484 231 532 Nos
247 484 345 531 duo
362 484 507 531 turba
523 500 694 530 sumus
715 501 724 531 :
754 484 978 547 possedit
994 490 1159 531 cetera
1179 490 1379 547 pontus.
1415 486 1510 531 355

125 560 273 608 Nunc
299 577 501 624 quoque
527 561 689 608 adhuc
714 560 826 609 vitae
852 577 951 607 non
976 567 1053 607 est
1078 560 1262 607 fiducia
1286 567 1467 606 nostrae

125 638 277 685 Certa
301 637 421 686 satis
441 655 450 685 ;
490 644 678 685 terrent
702 637 974 685 etiamnum
1000 637 1171 685 nubila
1194 644 1433 684 mentem.

122 714 255 769 Quid
279 715 389 771 tibi,
416 715 456 762 si
482 715 589 762 sine
615 731 694 762 me
719 715 830 762 fatis
857 722 1031 779 erepta
1055 714 1252 772 fuisseS,

124 792 170 840 N
175 809 270 840 unc
296 792 463 849 animi,
486 793 781 850 miseranda,
809 792 966 840 foret?
1007 809 1106 856 quo
1132 793 1237 839 sola
1261 791 1490 839 timorem

124 871 271 919 Ferre
292 872 438 919 modo
464 873 671 936 posses?
710 888 808 935 quo
834 872 1123 919 consolante
1149 871 1378 918 doleres?
1415 873 1512 917 360

129 948 358 1012 Namque
373 965 480 1011 ego,
494 950 640 997 crede
656 950 791 1006 mihi,
807 950 847 996 si
863 956 912 997 te
928 949 1074 997 modo
1091 955 1274 1013 pontus
1290 949 1511 1003 haberet,

120 1026 193 1075 Te
210 1043 460 1090 sequerer,
475 1028 682 1090 conjux:
710 1034 761 1075 et
776 1044 856 1075 me
872 1043 1074 1090 quoque
1090 1033 1271 1090 pontus
1287 1026 1512 1073 haberet.

125 1103 168 1150 Ο
191 1104 381 1151 utinam
402 1104 589 1167 possim
615 1104 825 1168 pop-ulos
851 1120 1079 1167 reparare
1106 1103 1324 1167 paternis

123 1181 346 1237 Artibus,
374 1188 525 1244 atque
552 1181 741 1229 animas
767 1180 987 1228 formatae
1013 1179 1273 1227 infundere
1295 1179 1467 1227 terrae!

126 1258 273 1306 Nunc
298 1274 454 1321 genus
480 1259 530 1306 in
556 1259 700 1306 nobis
726 1266 881 1306 restat
905 1259 1110 1306 mortale
1132 1259 1344 1314 duobus,
1416 1259 1512 1304 365

127 1336 210 1384 Sic
234 1336 395 1383 visum
434 1336 657 1401 Superis,
684 1337 1043 1399 hominumque
1077 1336 1309 1399 exempla
1342 1350 1510 1381 mane-

126 1415 351 1469 Dixerat‚
369 1421 420 1462 et
434 1415 642 1463 flebant:
672 1415 860 1479 placuit
877 1415 1080 1462 coeleste
1103 1412 1293 1477 precari
1330 1411 1512 1474 [mus.’'

168 1593 241 1623 353.
265 1593 335 1632 Ipsa
352 1593 524 1634 pericula]
547 1593 783 1625 Validissimum

123 1641 293 1679 vinculum,
322 1648 440 1674 naturae
471 1648 562 1679 sorte,
592 1642 785 1683 cognationis

125 1691 204 1733 lege,
220 1691 358 1734 conjugii
383 1691 500 1723 foedere
524 1692 660 1724 firmius:
684 1692 782 1724 συνά-

123 1753 171 1783 γει
186 1741 249 1783 γὰρ
261 1742 314 1772 καὶ
330 1741 497 1783 ἐχθίστους
515 1740 532 1772 ὁ
552 1742 660 1779 κοινὸς
674 1741 784 1783 φόβος.

124 1790 222 1821 Arist.
238 1791 332 1822 Polit.
347 1803 378 1821 v.
425 1791 571 1833 szgunt
592 1801 651 1821 non
677 1797 733 1827 est,
749 1797 784 1822 ut

122 1839 247 1871 Ciofan.
260 1841 401 1882 putabat,
414 1840 563 1871 cariorem
574 1840 719 1877 reddunt,
730 1840 785 1871 sed

123 1889 240 1920 sociam
255 1889 384 1920 faciunt.

168 1940 242 1970 355.
267 1939 327 1969 Nos
347 1941 406 1969 cluo
431 1941 520 1970 turba
543 1939 670 1980 sumus]
701 1939 786 1971 Infra

125 1987 189 2018 viii.
204 1988 268 2019 636
281 2000 287 2017 :
316 1988 387 2018 Tota
404 1990 506 2019 domus
519 1990 579 2019 duo
593 1995 674 2019 sunt.
707 1989 784 2020 Pro-

125 2041 202 2079 pert.
226 2037 252 2068 I.
281 2036 371 2078 Eleg.
396 2037 428 2068 ii.
453 2038 514 2067 23:
551 2037 598 2067 Tu
623 2038 696 2068 mihi.
725 2039 786 2068 sola

125 2090 239 2119 domus.
294 2088 454 2130 Expressit
491 2088 639 2119 Nostrum
677 2089 785 2119 Senec.

124 2136 239 2168 Troad.
252 2138 335 2168 506:
365 2137 475 2174 Turba,
491 2148 554 2178 quae
576 2139 666 2168 simus
688 2149 786 2178 super,

129 2186 285 2224 Tumulus,
298 2198 387 2227 puer,
399 2189 529 2227 captiva.
570 2187 714 2223 Possedit,
729 2187 783 2218 de-

127 2235 258 2266 voravit.

169 2285 242 2316 358.
260 2285 343 2320 Quid
366 2285 446 2326 tibi]
472 2285 510 2316 In
530 2285 589 2316 hoc
613 2291 644 2316 et
661 2296 726 2328 seq.
742 2298 787 2317 vs.

127 2333 309 2365 tenerrimus
336 2342 431 2377 atque
462 2335 692 2366 amantissimus
718 2347 788 2367 sen-

126 2394 190 2414 sus.
243 2383 326 2418 Quid
353 2387 458 2421 animi,
487 2385 569 2415 bona
598 2384 726 2421 locutio,
755 2392 790 2416 ut

127 2432 218 2463 docet
233 2432 342 2464 Heius.
355 2446 362 2464 ε
383 2444 477 2476 quem
493 2433 630 2464 animum
645 2433 789 2464 habitura

127 2491 221 2519 esses,
251 2481 328 2523 quid
358 2494 498 2514 sensura.
547 2482 643 2518 Fatis,
670 2482 789 2513 diluvio

129 2531 228 2562 fatali.

171 2581 244 2612 360.
270 2581 336 2615 Quo
350 2582 517 2611 consolante
532 2582 643 2612 doleres
654 2580 682 2621 ?]
709 2579 789 2617 Quis

129 2634 159 2661 te
172 2629 330 2661 dolentem
345 2630 555 2661 consolatione
573 2630 725 2671 erigeret?

173 2680 246 2710 361.
263 2680 295 2711 Si
309 2687 336 2711 te
345 2686 454 2719 pontus
466 2679 612 2720 haberet.]
639 2680 686 2709 Ex
699 2678 789 2719 Virg.

132 2730 206 2759 AEn.
228 2729 267 2760 vi.
290 2730 364 2765 362,
384 2741 467 2760 nunc
490 2741 534 2760 me
550 2730 672 2770 fluctus
696 2729 791 2758 habet.

128 2777 250 2820 Nempe
275 2779 361 2810 locus
380 2780 463 2809 haber
484 2789 553 2809 eum
576 2778 627 2819 qui
649 2777 690 2807 ibi
711 2788 790 2807 mor-

176 2829 277 2858 VOL.
291 2828 355 2860 ΙΙΙ.

853 1600 922 1625 tuus
937 1594 1024 1636 jacet
1045 1598 1098 1624 aut
1120 1597 1219 1622 natat.
1265 1589 1431 1621 Claudian.
1447 1589 1514 1619 viii.

851 1644 911 1674 93:
945 1643 1040 1673 Hunc
1065 1643 1164 1681 Alpes,
1188 1641 1267 1670 hunc
1290 1646 1399 1679 pontus
1421 1641 1517 1669 habet.

852 1693 962 1723 Horat.
977 1692 1003 1723 I.
1020 1691 1082 1723 Od.
1098 1689 1205 1721 xxviii.
1220 1691 1251 1720 2.

895 1742 971 1772 363.
998 1742 1023 1771 Ο
1048 1743 1178 1775 utinam,
1199 1739 1279 1778 etc.]
1306 1739 1422 1768 Votum
1447 1748 1518 1778 per-

852 1802 946 1832 quam
971 1796 1078 1833 aptum
1099 1789 1171 1820 huic
1189 1788 1245 1819 tali
1262 1786 1404 1829 tempori,
1422 1793 1517 1827 atque

852 1839 1030 1870 Promethei
1060 1838 1123 1869 filio
1151 1837 1319 1880 proprium.
1366 1837 1519 1866 Paternis.

852 1889 1068 1924 Prometheus,
1080 1886 1283 1919 Deucalionis
1294 1891 1391 1928 pater,
1403 1884 1517 1915 dicitur

852 1938 1011 1969 hominum
1031 1937 1184 1978 imagines
1199 1947 1216 1966 e
1233 1936 1300 1966 luto
1316 1934 1453 1969 finxisse,
1472 1939 1518 1964 at-

853 1999 914 2029 que
939 1987 995 2018 has
1025 1987 1097 2028 igne
1126 1985 1251 2017 coelitus
1279 1989 1420 2026 surrepto
1452 1983 1518 2014 ani-

854 2047 973 2075 masse3
1002 2036 1053 2067 vel
1083 2035 1158 2077 quia
1190 2034 1283 2065 rudes
1308 2033 1449 2064 homines
1478 2033 1517 2063 ad

853 2086 977 2118 civilem
1012 2085 1109 2116 vitam
1146 2084 1318 2120 revocarit;
1355 2093 1395 2113 an
1433 2081 1516 2123 quod

853 2136 972 2178 primus
1009 2140 1106 2166 artem
1142 2133 1296 2164 invenerit
1332 2136 1452 2163 statuas
1488 2137 1519 2161 et

853 2185 1020 2216 simulacra
1036 2183 1185 2225 fingendi.

898 2235 972 2265 364.
998 2232 1199 2275 Infundere]
1227 2230 1315 2271 Virg.
1329 2229 1458 2260 AEneid.
1474 2230 1516 2260 vi.

855 2285 928 2315 276.
944 2284 1045 2324 infusa
1059 2293 1112 2323 per
1129 2288 1214 2312 artus
1227 2280 1323 2310 Mens.

899 2334 972 2364 366.
1001 2333 1049 2363 Sic
1070 2334 1164 2362 visum
1186 2329 1334 2369 Superis]
1372 2328 1518 2360 Gemitus

854 2381 990 2413 solennis
1009 2381 1041 2411 in
1057 2381 1148 2411 rebus
1169 2377 1317 2410 adversis.
1366 2378 1518 2417 Exempla,

855 2430 965 2472 copiae,
982 2435 1016 2461 ut
1031 2429 1125 2470 vulgo
1140 2428 1284 2459 dicimus.

900 2480 973 2510 367.
1000 2477 1156 2517 Flebant]
1187 2477 1256 2507 Hoc
1280 2485 1376 2506 unum
1399 2480 1521 2516 poterat

857 2528 976 2569 Pyrrha
994 2527 1115 2558 mulier.
1160 2525 1284 2556 Miseris
1303 2523 1429 2554 unicum
1450 2533 1518 2564 per-

855 2577 985 2618 fugium.
1028 2575 1148 2607 leeste
1163 2586 1283 2605 numen..
1320 2572 1381 2603 Sed
1397 2572 1464 2603 haec
1479 2573 1518 2602 de

854 2625 1016 2657 Themidis
1053 2625 1178 2655 oraculo
1216 2622 1357 2653 consulto
1395 2620 1519 2662 propria

858 2677 972 2706 Nostro
994 2680 1077 2705 sunt.
1122 2673 1217 2715 Apud
1239 2670 1387 2713 Apollod.
1404 2681 1423 2700 a
1440 2671 1519 2702 Jove

863 2724 996 2766 Phyxio,
1026 2723 1076 2754 cui
1105 2732 1194 2753 sacra
1224 2721 1372 2755 fecerant,
1397 2718 1518 2761 lapides

855 2774 960 2815 jacere
971 2774 1130 2814 jubentur.
1174 2770 1322 2801 Similiter
1338 2779 1387 2811 ap.
1404 2768 1521 2809 Hygin.

990 2824 1016 2853 G
