1729 3207
378 198 996 241 METAMORPHOSEON
1029 198 1149 239 LIB.
1183 198 1248 239 ΙΙ,

1421 198 1502 239 151

124 312 393 377 Perspicit;
433 330 552 362 ecce
576 314 691 377 vigil
717 315 861 362 rutilo
886 313 1121 378 patefecit
1145 314 1207 360 ab
1233 320 1341 360 ortu

122 389 404 454 Purpureas
429 391 620 438 Aurora
642 389 787 447 foreS‚
814 398 866 439 et
889 392 1039 454 plena
1062 406 1283 437 rosarum

120 466 289 514 Atria:
328 466 594 530 diffugiunt
619 467 777 514 stellae
795 486 806 525 3

123 542 333 599 Lucifer,
361 549 411 591 et
433 544 545 591 coeli
570 544 783 592 statione
807 543 1103 590 novissimus
1129 543 1249 591 exit.

847 483 1057 531 quarum
1083 466 1280 529 agmina
1305 465 1437 528 cogit

120 620 189 668 At
211 613 354 683 pater
376 627 433 667 ut
456 627 628 677 terras,
655 620 997 683 mundumque
1011 621 1286 680 ⁴rubescere
1309 618 1447 674 vidit,

123 696 423 760 Cornuaque
447 704 684 745 extremae
708 697 844 744 velut
868 712 1164 744 evanescere
1192 695 1359 751 Lunae,

119 773 338 836 Jungere
363 790 518 838 equos
543 774 692 822 Titan
716 773 970 822 velocibus
995 774 1208 837 imperat
1235 772 1399 820 Horis.

120 850 150 897 J
155 867 272 898 ussa
293 851 415 899 Deae
440 852 628 900 celeres
648 858 914 916 peragunt3
943 852 1212 915 ignemque
1232 856 1504 904 vomentes,

121 927 396 975 Ambrosiae
421 945 571 977 succo
597 936 805 985 saturos,
832 928 1140 993 praesepibus
1167 928 1279 975 altis

1416 930 1506 972 120

114 1004 476 1069 Quadrupedes
501 1007 717 1063 ducunt3
758 1005 1050 1068 adduntque
1071 1004 1299 1052 sonantia
1318 1003 1472 1051 frena.

167 1223 239 1254 113.
260 1227 382 1253 Aurora
402 1228 435 1254 et
455 1222 523 1265 ipsa
545 1223 704 1265 quadrigis
727 1228 782 1254 aut

123 1271 203 1313 bigis
223 1272 297 1303 coeli
318 1283 493 1304 convexum
513 1278 585 1304 ante
605 1272 707 1304 Solem
726 1271 780 1303 de—

123 1331 245 1352 currere
262 1322 301 1352 ab
316 1321 386 1352 aliis
400 1321 500 1364 poetis
515 1322 652 1363 fingitur.
689 1322 782 1352 Hom.

124 1370 186 1402 od.
209 1374 253 1402 Ψ.
275 1372 356 1410 2463
379 1371 468 1412 Virg.
492 1371 621 1402 AEneid.
643 1371 687 1402 vi.
709 1373 782 1402 535.

123 1420 198 1451 Sed.
213 1420 245 1451 h.
260 1420 282 1452 l.
301 1420 345 1451 nil
364 1420 423 1451 nisi
446 1422 527 1451 atria
547 1420 657 1462 aperit,
674 1431 690 1451 e
714 1420 783 1462 qui-

123 1470 181 1501 bus
194 1480 382 1512 purpureum
393 1470 499 1501 lumen
510 1469 542 1500 in
553 1471 669 1502 coelum
684 1469 783 1501 effun-

123 1518 218 1550 ditur.
261 1518 365 1550 Etiam
380 1529 444 1550 ver.
459 1520 533 1550 144.
550 1524 671 1550 tantum
694 1518 784 1561 efful-

122 1574 184 1610 get.
230 1568 329 1599 Plena
352 1579 497 1605 rosarum,
513 1579 610 1599 rosea.
655 1567 783 1604 Omnia,

125 1627 195 1658 quae
229 1616 357 1648 Aurorae
392 1623 474 1653 sunt,
503 1617 604 1659 poetis
641 1617 786 1648 dicuntur

125 1677 216 1703 rosea,
240 1677 342 1698 crocea
368 1673 423 1697 aut
442 1668 583 1706 punicea.
628 1667 715 1697 Nota
740 1671 787 1696 est

126 1726 165 1747 ex
202 1716 348 1752 Homero,
384 1715 506 1746 Aurora
541 1714 787 1757 ῥοδοδάκτυλος,

126 1763 318 1806 ροδὸπηκυς,
333 1764 568 1807 κροκόπεπλος.

172 1815 246 1845 114.
271 1814 454 1856 Diffugiunt
472 1813 595 1854 stellam]
622 1812 706 1850 Quia
727 1823 787 1844 non

127 1864 260 1906 amplius
275 1869 442 1895 cernuntur
452 1874 515 1905 prae
528 1862 692 1905 splendore
703 1861 787 1892 solis.

127 1911 248 1944 Aurora
270 1911 411 1943 διώκουσ’
431 1913 531 1954 ἅςτρα
551 1911 692 1953 Euripid.
716 1911 786 1942 Ion.

128 1974 192 1994 ver.
208 1964 290 1994 1158
300 1975 310 2002 3
333 1968 365 1994 et
387 1962 459 1993 inde
477 1964 598 1994 Aurora
613 1963 712 1992 sidera
725 1962 786 2003 fu-

127 2023 213 2055 gans,
225 2012 308 2054 apud
323 2013 433 2043 Senec.
445 2011 559 2042 Octav.
569 2010 602 2042 ii.
649 2010 787 2052 Diffugi-

129 2068 186 2093 unt
200 2063 304 2093 stellae.
349 2062 398 2092 Ex
412 2061 566 2092 sententia
579 2059 677 2101 vulgi.
723 2060 787 2091 Ne-

130 2122 190 2153 que
219 2110 303 2142 enim
330 2110 429 2141 stellae
466 2109 616 2150 diffugere
650 2114 787 2150 possunt,

130 2171 227 2202 quum
251 2159 312 2190 sint
333 2159 402 2190 fixae
414 2171 423 2198 3
446 2158 502 2190 sed
523 2158 706 2190 adveniente
721 2157 788 2189 Au-

129 2219 198 2240 rora
221 2209 342 2250 fulgere
365 2208 522 2239 desinunt.
569 2208 707 2242 Quarum
732 2219 786 2249 ag-

132 2261 213 2290 mina
237 2261 328 2300 cogit,
344 2268 476 2299 quarum
496 2256 606 2288 ultima
628 2262 675 2288 est
697 2257 788 2287 stella

132 2307 274 2344 Veneris,
291 2318 373 2349 quae,
388 2317 486 2348 quum
505 2306 718 2348 antegreditur
739 2317 787 2337 so-

133 2356 207 2392 lem,
223 2356 396 2398 φωσφόρος,
413 2355 551 2396 Lucffer,
564 2354 694 2386 dicitur:
721 2355 789 2386 Cic.

135 2406 177 2436 N.
191 2406 235 2438 D.
250 2405 283 2437 ii.
297 2407 350 2438 20.
378 2405 428 2437 Cf.
445 2405 525 2436 infra
538 2404 583 2435 xi.
597 2405 657 2443 973
679 2404 790 2436 Senec.

134 2454 265 2485 Hercul.
299 2455 374 2485 Fur.
400 2465 466 2485 ver.
504 2454 578 2484 128.
636 2452 790 2494 Idemque

134 2513 242 2544 quum,
260 2501 423 2533 occidente
446 2503 521 2539 sole,
542 2501 653 2544 incipit
672 2501 789 2538 lucere,

137 2552 285 2592 Hesperus
299 2559 436 2583 vocatur.
481 2553 595 2593 Agmen
611 2562 711 2593 cogere
727 2562 743 2581 e
760 2562 792 2582 re

136 2600 261 2632 militari
297 2601 437 2632 ductum.
482 2602 651 2643 Eleganter
689 2606 794 2631 autem

137 2650 234 2681 stellae
248 2656 312 2681 tam
330 2652 369 2682 ob
384 2650 629 2686 multitudinem,
647 2660 741 2691 quam
757 2650 795 2680 ob

138 2698 286 2736 ordinem,
323 2710 385 2741 quo
421 2699 576 2741 dispositae
612 2704 695 2734 sunt,
726 2708 798 2729 cum

139 2748 276 2780 exercitu
308 2754 536 2791 comparantur.
596 2748 678 2778 Hinc
716 2746 799 2788 apud

849 1229 956 1266 poetas
977 1222 1091 1264 passim
1112 1222 1260 1253 dicuntur
1281 1221 1435 1255 excubare,
1449 1226 1510 1249 sta-

850 1275 942 1303 tiones
956 1274 1045 1308 obire,
1057 1277 1118 1304 etc.
1150 1272 1262 1313 Itaque
1279 1272 1392 1301 Noster
1408 1268 1507 1304 addit,

849 1323 915 1353 crrlc'
929 1325 1055 1352 statione
1070 1324 1175 1352 noviss.
1190 1323 1259 1356 exit,
1271 1319 1400 1350 ultimus
1414 1328 1509 1349 excu-

850 1371 917 1402 bias
931 1371 963 1401 in
982 1371 1063 1402 coelo
1083 1370 1207 1402 deserit.
1254 1370 1322 1400 Nec
1338 1368 1441 1398 minus
1456 1378 1509 1398 ve-

850 1426 940 1452 nuste
956 1420 995 1451 de
1011 1420 1089 1461 Argi
1102 1419 1211 1456 oculis,
1224 1419 1280 1450 lib.
1291 1419 1311 1450 i.
1326 1419 1407 1449 626:
1435 1417 1512 1447 Inde

851 1471 911 1500 suis
936 1471 1048 1501 vicibus
1076 1470 1231 1508 capiebant
1262 1470 1331 1499 bina
1364 1468 1490 1507 quietem
1504 1478 1512 1495 .-

855 1519 968 1550 Caetera
983 1519 1150 1553 servabant,
1162 1524 1249 1558 atque
1264 1519 1274 1547 i
1279 1528 1297 1546 n
1311 1517 1438 1546 statione
1450 1526 1511 1545 τηα-

851 1568 973 1598 ‘nebunt-

899 1617 968 1647 117.
997 1616 1140 1646 Eitremae
1155 1614 1278 1654 Lunna]
1305 1614 1346 1644 Et
1365 1613 1423 1643 hoc
1442 1622 1513 1643 sua-

854 1665 933 1696 viter
946 1665 1064 1696 dictum
1079 1664 1118 1695 de
1129 1665 1217 1695 Luna
1233 1674 1303 1705 quae
1319 1673 1390 1693 mox
1406 1660 1515 1703 eripie-

855 1720 904 1745 tur
917 1713 1028 1745 Oculis.
1073 1713 1124 1744 Sic
1147 1712 1200 1743 xii.
1216 1713 1269 1743 53.
1283 1718 1412 1742 eati-ema
1435 1712 1514 1740 toni-

856 1771 937 1800 trua,
961 1774 1092 1805 quorum
1121 1773 1214 1793 sonus
1241 1761 1305 1803 jam
1330 1761 1446 1791 fractus
1475 1759 1513 1790 ad

855 1825 909 1844 nos
925 1813 1022 1849 venit,
1038 1823 1170 1853 moxque
1194 1811 1325 1842 desinet.
1370 1808 1517 1840 Similiter

854 1869 1000 1893 eatremus
1012 1863 1099 1904 ignis,
1109 1860 1163 1902 qui
1179 1860 1211 1890 in
1226 1871 1262 1890 eo
1277 1865 1334 1895 est,
1349 1865 1384 1890 ut
1400 1857 1514 1889 exstin-

854 1917 977 1954 guatur,
992 1911 1080 1952 Vir-g.
1096 1911 1172 1941 AEn.
1186 1909 1229 1940 ix.
1246 1910 1320 1940 352.

900 1962 973 1991 118.
999 1959 1117 2000 Horae.]
1144 1957 1230 1989 Filiae
1244 1956 1416 1993 Themidis,
1429 1955 1510 1997 jani—

856 2012 948 2042 trices
971 2009 1045 2041 coeli
1069 2015 1099 2040 et
1121 2008 1268 2038 ministrae
1292 2006 1417 2043 Phoebi,
1434 2016 1514 2047 qua-

855 2071 923 2092 rum
946 2058 1071 2090 nomina
1094 2056 1262 2091 Eunomia,
1287 2055 1380 2091 Dice,
1402 2055 1514 2085 Irene:

856 2108 985 2141 Hesiod.
1000 2108 1061 2138 901
1076 2119 1084 2146 3
1109 2106 1207 2148 Orph.
1222 2106 1341 2146 Hymn.
1359 2105 1411 2135 42.
1452 2103 1518 2134 Alii

857 2159 956 2189 aliter.
970 2158 1099 2187 Homer.
1114 2155 1153 2185 Il.
1168 2158 1206 2185 Θ.
1222 2155 1285 2184 433
1310 2163 1379 2194 sqq.
1395 2163 1518 2183 currum

855 2215 886 2241 et
913 2217 1008 2249 equos
1029 2206 1049 2237 J
1052 2204 1163 2235 unonis
1190 2208 1313 2234 curant.
1360 2203 1516 2232 Ambrosia

855 2269 916 2290 non
930 2255 1021 2287 modo
1035 2254 1123 2285 cibus
1134 2253 1285 2288 Deorum,
1297 2251 1352 2282 sed
1370 2257 1401 2281 et
1414 2251 1513 2292 pabu-

855 2309 921 2339 lum
951 2315 1101 2347 equorum
1134 2302 1307 2333 divinorum
1320 2312 1329 2339 ;
1359 2300 1401 2330 iv.
1429 2301 1493 2331 215
1508 2312 1514 2329 :

857 2356 1038 2387 Ambrosiam
1062 2364 1117 2392 pro
1141 2353 1279 2393 gramine
1303 2350 1420 2380 habent.
1466 2348 1520 2379 Cf.

856 2406 982 2436 Homer.
999 2402 1039 2432 Il.
1055 2405 1091 2432 E.
1106 2401 1182 2431 369.
1228 2400 1269 2430 Et
1285 2400 1438 2428 Ambrosia
1451 2408 1517 2428 om-

857 2455 930 2485 nino
959 2457 1029 2483 sunt
1058 2449 1210 2481 coelestia.
1256 2449 1346 2483 Alcis,
1374 2446 1519 2488 magnifi-

858 2502 970 2534 centiae
994 2505 1026 2531 et
1047 2498 1208 2540 dignitatis
1229 2507 1335 2533 causa,
1356 2502 1391 2527 ut
1410 2506 1473 2527 ver.
1493 2496 1522 2525 1.

858 2555 945 2594 regia
960 2552 1046 2586 alta,·
1071 2560 1135 2580 ver.
1154 2549 1223 2578 105.
1236 2549 1293 2577 alti
1308 2557 1429 2577 currus.
1469 2546 1520 2574 So-

860 2603 978 2636 παηῑὶα,
989 2598 1106 2640 quippe
1119 2608 1224 2633 aurea,
1240 2602 1275 2627 ut
1291 2594 1523 2637 χρυσάμπυκες

862 2649 935 2692 equi
947 2651 966 2681 J
971 2647 1081 2678 unonis
1091 2646 1173 2688 apud
1184 2647 1311 2676 Homer.
1338 2644 1433 2675 Pluto
1446 2653 1520 2673 con-

866 2705 914 2730 tra
928 2698 1024 2728 habet
1036 2697 1157 2727 obscura
1175 2697 1283 2725 tinctas
1289 2693 1456 2735 ferrugine
1472 2692 1524 2722 ha-

869 2750 964 2782 benas,
981 2757 1009 2776 v.
1025 2746 1100 2775 404.
