1763 3181
394 179 1012 223 METAMORPHOSEON
1046 180 1164 222 LIB.
1196 180 1274 221 VI.

1433 180 1517 223 381

134 297 237 344 Cur
260 312 359 344 non
382 296 492 360 ipsa
515 296 681 344 venit?
717 312 805 343 cur
829 296 934 343 haec
960 295 1230 343 certamina
1252 295 1374 342 vitat
1389 295 1437 342 ?'’

130 373 258 420 Tum
305 373 429 429 Dea,
481 379 510 397 ‘⁶
539 372 738 430 Venit‚''
784 373 878 430 ait;

327 450 523 505 anilem,

952 373 1260 436 formamque
1309 371 1515 420 removit

1449 452 1512 496 43

129 525 439 589 Palladaque
454 526 704 574 exhibuit:
722 534 1017 575 venerantur
1027 527 1227 574 numina
1244 526 1511 590 Nymphae,

129 603 566 667 Mygdonidesque
591 620 742 651 nurus
762 621 771 652 ε
813 605 917 651 sola
941 610 1018 664 est
1042 620 1140 650 non
1165 603 1337 651 territa
1360 603 1510 665 virgo,

133 680 234 728 Sed
258 687 425 728 tamen
451 680 662 737 erubuit,
692 680 987 743 subitusque
1013 680 1167 727 invita
1193 679 1383 727 notavit

129 757 233 805 Ora
256 758 419 814 rubor,
446 773 714 819 rursusque
739 758 966 814 evanuit;
1006 765 1061 804 ut
1085 758 1210 805 solet
1234 773 1317 805 aer

130 834 416 898 Purpureus
441 834 562 889 fieri,
591 851 745 897 quum
770 836 982 899 primum
1009 851 1183 882 aurora
1207 841 1444 891 movetur,

131 911 198 959 Et
219 913 368 960 breve
393 919 508 976 post
531 919 729 976 tempus
755 914 1053 960 candescere
1079 913 1195 960 solis
1222 913 1283 959 ab
1309 918 1434 958 ortu.

129 989 329 1037 Perstat
352 989 402 1036 in
426 989 643 1053 incepto,
671 990 965 1053 stolidaeque
987 990 1218 1053 cupidine
1240 990 1416 1053 palmae
1452 990 1514 1035 50

130 1065 190 1112 In
214 1082 304 1113 sua
326 1066 429 1114 fata
452 1067 576 1114 ruit:
617 1083 781 1131 neque
807 1068 937 1115 enim
957 1067 1082 1115 Jove
1108 1074 1225 1114 nata
1244 1072 1456 1121 recusat,

131 1142 239 1190 Nec
264 1150 435 1191 monet
458 1143 679 1199 ulterius,
707 1161 799 1192 nec
819 1146 923 1208 jain
945 1144 1216 1192 certamina
1241 1144 1423 1191 differt.

198 1220 347 1268 Haud
371 1237 524 1276 mora,
551 1221 831 1269 consistunt
857 1222 1063 1270 diversis
1089 1222 1311 1285 partibus
1337 1221 1512 1277 ambae,

132 1297 198 1346 Et
222 1298 392 1362 gracili
416 1298 637 1361 geminas
664 1299 928 1348 intendunt
953 1300 1162 1347 stamine
1187 1299 1330 1347 telas,

175 1465 227 1496 43.
252 1465 327 1496 Tum
351 1465 429 1501 Dea,
446 1465 527 1506 etc.]
575 1466 662 1498 Nota
681 1466 789 1497 celeri-

129 1519 237 1551 tatem,
251 1525 314 1556 qua
326 1514 397 1545 Dea
408 1515 485 1546 illud
497 1515 597 1557 ipsum
611 1526 790 1557 responsum

129 1563 260 1605 cupiens
284 1569 316 1594 et
338 1570 518 1606 expectans,
544 1575 576 1595 se
598 1564 789 1595 manifestat.

130 1612 284 1654 Exempla
290 1613 428 1644 Deorum
435 1613 548 1644 formas
557 1619 730 1655 assumptas
738 1625 790 1655 po-

130 1661 271 1693 nentium
293 1662 387 1693 habet
403 1661 556 1703 HeyniuS,
573 1664 654 1693 Exc.
670 1662 734 1693 xiii.
751 1663 790 1693 ad

130 1711 294 1742 AEneid.i.
320 1712 451 1742 Pallada
467 1713 608 1747 eihibuit,
621 1712 789 1753 eleganter,

129 1760 266 1791 ostendit
280 1771 312 1791 se
332 1771 399 1792 esse
425 1761 568 1792 Pallada.
585 1761 693 1803 Supra,
708 1761 741 1791 ii.
760 1763 789 1792 l.

127 1812 222 1850 posi-ta
236 1811 365 1851 imagine
375 1821 402 1840 se
412 1810 559 1851 confessus
571 1816 646 1840 erat.
659 1810 699 1841 xi.
709 1811 787 1840 264:

131 1859 273 1889 Exhibica
285 1865 328 1889 est
343 1859 450 1890 Thetis.
482 1858 651 1899 Confessum
663 1860 789 1898 amplec-

129 1909 207 1938 titur
221 1908 311 1939 heros.
350 1908 559 1950 Mygdonides,
575 1908 682 1948 Lydiae
695 1919 703 1945 3
719 1918 791 1938 nam

131 1956 308 1999 Mygdones,
323 1967 340 1988 e
354 1957 487 1987 Thracia
502 1956 636 1993 oriundi,
654 1957 743 1987 sedes
760 1957 791 1987 in

130 2005 239 2037 Asiam
263 2006 504 2044 transtulerant3
536 2007 657 2042 Strabo,
683 2006 733 2037 vii.
759 2018 790 2048 p.

129 2056 192 2086 295
207 2067 215 2093 ;
240 2055 294 2086 xii.
308 2067 341 2098 p.
356 2057 429 2087 575.
475 2056 544 2087 Non
560 2058 679 2092 territa,
695 2055 790 2086 inter-

129 2105 201 2141 rita,
218 2111 250 2136 ut
266 2115 354 2136 versu
369 2105 445 2136 234.
459 2117 518 2136 non
534 2106 683 2141 evitabile,
701 2112 732 2136 et
747 2105 791 2135 sic

129 2154 257 2196 passim.
303 2156 322 2186 J
327 2165 377 2185 am
392 2165 499 2197 pugna
512 2154 638 2197 pudoris
653 2161 684 2185 et
694 2154 791 2185 auda-

130 2204 187 2234 ciae
197 2204 277 2234 bene
289 2210 422 2240 notatur,
432 2214 612 2245 quanquam
623 2203 792 2234 similitudo

131 2252 255 2294 adjecta
268 2263 379 2294 parum
395 2263 465 2284 eam
481 2253 628 2283 illustrat.
668 2253 793 2283 Notavit

131 2303 233 2333 rubor.
273 2301 355 2333 Vide
379 2302 419 2332 ad
445 2302 486 2333 iv.
510 2303 584 2333 329.
640 2303 792 2338 Morietur,

131 2350 236 2382 oritur.
267 2351 382 2382 Moveri
395 2351 541 2382 dicuntur
551 2352 794 2394 proficiscentes.

174 2401 226 2431 50.
249 2400 397 2441 standan]
443 2400 496 2431 Ad
523 2402 653 2440 palmum
678 2401 793 2437 retulit,

135 2449 218 2491 quod
235 2455 301 2480 erat
316 2449 357 2480 ad
373 2451 554 2489 cupidinem,
569 2458 623 2481 aut
639 2450 678 2481 ad
694 2451 794 2492 ipsam

132 2498 293 2530 mulierem
316 2498 523 2530 referendum.
570 2499 633 2530 Nec
655 2510 715 2529 non
735 2500 791 2530 mi-

132 2558 191 2578 nus
214 2548 372 2589 eleganter
399 2548 576 2589 repetitum,
601 2558 694 2589 quam
718 2548 791 2578 alibi

132 2599 201 2628 sed:
223 2596 295 2627 vide
311 2597 351 2627 ad
366 2608 396 2627 v.
415 2597 467 2627 17.

176 2647 228 2677 53.
255 2645 456 2686 Consistuut]
492 2647 532 2676 In
546 2646 604 2677 hoc
620 2647 712 2677 verbo
727 2646 790 2676 hae-

134 2701 201 2725 rent
214 2694 408 2736 interpretes.
456 2695 604 2726 Heinsius
619 2701 721 2737 putat,
740 2700 794 2725 aut

130 2743 299 2785 legendum
327 2754 395 2775 esse
430 2746 627 2780 constituunt,
658 2744 791 2780 scilicet,

176 2794 275 2824 VOL.
291 2793 356 2825 ΙΙΙ.

856 1468 945 1504 telas,
972 1473 1026 1498 aut
1050 1472 1133 1498 certe
1156 1466 1199 1497 sic
1221 1465 1410 1508 capiendum
1433 1465 1517 1495 verb.

856 1520 1039 1548 comistunt:
1078 1518 1275 1547 Burmannus
1311 1516 1360 1545 hic
1397 1520 1514 1550 monet,

855 1569 1009 1597 consistere
1033 1565 1197 1597 convenire
1224 1566 1357 1605 partibus
1382 1565 1516 1600 diversis,

856 1621 887 1645 et
902 1615 964 1645 dici
983 1615 1020 1646 de
1036 1615 1157 1645 duabus
1180 1614 1374 1649 adversariis,
1390 1623 1459 1654 quae
1478 1612 1519 1643 ad

857 1671 1014 1695 certamen
1036 1676 1066 1695 se
1092 1669 1277 1706 praeparent,
1292 1663 1387 1704 idque
1408 1673 1440 1693 se
1463 1661 1518 1692 do-

857 1714 957 1744 cuisse
973 1713 1013 1744 ad
1032 1714 1156 1743 Petron.
1174 1713 1224 1742 19.
1269 1713 1334 1753 Ego
1349 1722 1421 1742 vero
1437 1710 1518 1741 arbi-

858 1769 930 1799 tror,
950 1762 1119 1804 respexisse
1143 1763 1291 1792 Nostrum
1316 1771 1431 1792 morem
1456 1761 1518 1791 Ve—

859 1819 970 1847 terum,
988 1811 1041 1853 qui
1066 1822 1127 1842 non
1148 1811 1302 1846 sedentes,
1325 1809 1380 1840 sed
1402 1815 1520 1841 stantes

859 1862 1019 1892 texebant.

903 1911 954 1941 54.
980 1910 1019 1940 Et
1033 1910 1145 1951 gracili
1158 1912 1302 1950 geminas,
1319 1908 1398 1948 etc.]
1439 1907 1519 1938 Cum

859 1959 918 1989 hac
945 1959 1082 1989 textoriae
1109 1958 1183 1988 artis
1207 1957 1413 1999 descriptione
1438 1956 1521 1988 conf.

858 2008 1025 2039 Claudian.
1041 2008 1081 2038 R.
1096 2008 1131 2037 P.
1144 2007 1165 2037 i.
1181 2008 1244 2037 ‘246
1255 2018 1323 2048 sqq.
1350 2007 1419 2036 Tela
1437 2006 1519 2037 varie

857 2056 970 2088 dicitur
986 2069 993 2095 ;
1011 2067 1092 2087 nunc
1109 2056 1242 2097 intellig.
1256 2063 1354 2087 trama
1369 2055 1520 2090 staminis,

858 2106 952 2136 series
969 2106 1083 2148 duplex
1100 2105 1267 2135 staminum
1284 2116 1338 2135 seu
1355 2104 1474 2134 filorum
1489 2103 1521 2134 in

859 2155 986 2196 longum
997 2161 1204 2190 extensorum,
1215 2156 1242 2184 Ia
1257 2161 1357 2189 trame,
1371 2154 1524 2183 [achaiae.

860 2204 946 2234 Alibi
964 2215 1033 2234 vero
1050 2204 1097 2234 vel
1119 2209 1217 2233 totum
1234 2213 1321 2244 opus,
1338 2201 1420 2243 quod
1441 2202 1521 2232 texi-

860 2259 920 2289 tur,
945 2253 988 2284 sic
1016 2259 1154 2288 vocatur,
1177 2253 1227 2282 vel
1243 2254 1368 2293 jugum,
1389 2251 1523 2282 baculus

861 2308 1061 2338 transversus,
1085 2312 1145 2342 quo
1170 2301 1233 2331 tela
1257 2306 1389 2335 tenetur,
1411 2299 1442 2329 id
1465 2305 1523 2335 est,

861 2351 1069 2391 l'ensoupleczn.
1109 2351 1233 2380 Gracile
1247 2359 1370 2385 stamen,
1386 2355 1420 2379 ut
1435 2355 1523 2379 tenue

860 2402 1007 2431 subtemen
1019 2401 1141 2431 Auson.
1157 2400 1272 2430 Mosel.
1287 2399 1360 2429 397.
1385 2400 1523 2434 Arunda,

861 2455 972 2491 pecten
997 2461 1034 2480 ex
1058 2449 1221 2485 arundine,
1242 2448 1434 2479 discriminat
1460 2448 1523 2484 fila,

862 2510 899 2529 ne
924 2499 1164 2534 confundantur,
1183 2500 1208 2528 le
1231 2499 1348 2538 peigne.
1394 2498 1524 2532 Radius,

859 2548 971 2589 gallice
999 2549 1027 2577 Ia
1056 2553 1182 2578 nuvette.
1227 2547 1303 2587 Ejus
1325 2556 1382 2587 ope
1408 2545 1467 2576 filis
1490 2545 1523 2576 in

859 2605 1066 2628 transversum
1076 2596 1252 2626 immittitur
1263 2596 1422 2629 subtemen,
1435 2595 1459 2624 Ie
1473 2596 1522 2624 tis-

859 2658 904 2682 su,
921 2652 975 2676 aut
991 2646 1140 2676 l’anchue.
1179 2645 1276 2680 Quod,
1292 2654 1402 2684 nempe
1418 2643 1522 2673 subte-

860 2706 942 2730 men,
968 2695 1051 2736 quod
1073 2693 1258 2724 staminibus
1281 2692 1463 2727 immissum,
1489 2697 1521 2721 ut

860 2755 936 2786 opus
961 2743 1092 2773 densum
1116 2743 1181 2779 fiat,
1207 2741 1314 2772 feritur
1336 2742 1461 2780 pectine,
1490 2741 1520 2770 la

986 2792 1012 2822 Τ
1031 2798 1042 2822 t
