1763 3181
224 186 310 227 296
611 185 661 226 Ρ.
696 184 907 226 OVIDII
940 184 1217 227 NASONIS

226 301 379 348 Veste
404 300 572 363 procul
591 300 744 362 jacta,
771 300 944 347 mediis
966 300 1246 348 immittitur
1270 301 1442 358 undis;

225 377 613 440 Pugnacemque
639 384 804 434 tenet;
845 377 1182 440 luctantiaque
1208 378 1378 424 oscula
1401 377 1579 440 carpit;

227 455 589 517 Subjectatque
614 469 804 510 manus,
831 454 1083 517 invitaque
1107 462 1309 517 pectora
1331 454 1518 517 tangit:

226 531 291 578 Et
307 547 437 578 nunc
457 530 548 577 hac
568 530 753 593 juveni,
771 547 901 577 nunc
921 530 1327 578 circumfunditur
1348 531 1475 578 illac.
1503 533 1600 577 360

226 608 457 670 Denique
481 608 719 655 nitentem
744 620 928 665 contra,
955 608 1184 671 elabique
1206 609 1452 656 volentem

225 684 473 748 Implicat,
500 690 555 731 ut
579 700 798 748 serpens,
826 700 975 747 quam
1000 684 1136 747 regia
1159 685 1369 731 sustinet
1392 685 1509 739 ales,

226 762 601 824 Sublimemque
625 763 779 825 rapit3
820 762 1040 825 pendens
1066 769 1216 825 caput
1239 761 1322 808 illa
1344 762 1599 825 pedesque

221 838 423 901 Alligat,
451 845 501 885 et
525 839 684 885 cauda
708 838 982 902 spatiantes
1007 838 1227 902 implicat
1251 838 1352 884 alas
1372 855 1381 884 :

225 915 354 962 Utve
375 915 534 962 solent
554 915 748 962 hederae
773 915 947 977 longos
973 915 1194 962 intexere
1218 923 1444 961 truncos:
1502 916 1597 960 365

225 991 395 1055 thue
420 992 512 1039 sub
538 992 816 1055 aequoribus
842 992 1140 1055 deprensum
1170 990 1382 1054 polypus
1406 990 1599 1037 hostem

223 1068 474 1126 Continet,
502 1085 564 1116 ex
590 1068 721 1115 omni
746 1069 962 1116 dimissis
987 1076 1127 1132 parte
1151 1068 1376 1130 flagellis.

221 1144 423 1192 Perstat
445 1144 781 1202 Atlantiades3
822 1154 1118 1209 sperataque
1143 1145 1324 1207 gaudia
1349 1143 1597 1207 Nymphae

222 1221 480 1285 Denegat:
519 1223 602 1269 illa
635 1223 838 1287 premit;
880 1223 1243 1285 commissaque
1268 1236 1470 1284 corpore
1493 1226 1598 1266 toto

223 1298 366 1346 Sicut
388 1299 673 1355 inhaerebat,
703 1306 732 1324 “
757 1299 958 1362 Pugnes
982 1299 1115 1355 licet,
1141 1297 1411 1362 improbe,'’
1436 1296 1579 1351 dixit,

222 1380 253 1398 “
277 1374 390 1422 Non
415 1382 581 1423 tamen
602 1375 806 1439 effugies
827 1394 837 1423 :
874 1376 945 1424 ita
970 1366 1035 1422 Di
1054 1374 1289 1438 jubeatis,
1317 1382 1367 1422 et
1390 1374 1541 1420 istum

219 1551 393 1583 Ovidianae.
438 1553 591 1593 Sulgjectat
614 1565 730 1591 manus,
745 1554 875 1591 scilicet,

218 1600 323 1631 subter
336 1600 466 1632 brachia
480 1602 577 1643 pueri.

261 1650 334 1680 362.
351 1650 519 1691 Implicat]
547 1651 704 1688 Quoniam
714 1651 798 1682 idem
808 1662 875 1683 ver-

217 1698 291 1728 bum
316 1699 409 1740 paulo
433 1705 503 1740 post
529 1699 688 1741 repetitur,
711 1706 875 1742 propterea

218 1747 367 1779 Heinsius
381 1748 527 1779 alterutro
550 1749 618 1780 loco
633 1751 753 1790 impedit
767 1750 873 1791 legen-

218 1795 292 1826 dum
321 1803 438 1828 censet.
485 1797 546 1828 Sed
573 1797 647 1829 alibi
671 1799 738 1840 jam
767 1798 873 1830 docui-

218 1854 296 1881 mus,
312 1845 458 1877 Nostrum
473 1846 641 1888 saepissime
663 1847 743 1878 intra
759 1858 873 1889 pauco-

216 1903 285 1923 rum
305 1904 449 1925 versuum
473 1895 623 1926 ambitum
647 1895 730 1926 idem
745 1897 873 1926 verbum

217 1947 368 1983 repetere.
414 1943 452 1973 In
481 1949 612 1985 utroque
642 1944 711 1975 loco
741 1944 874 1975 Codices

217 1990 312 2021 nostri
342 1991 436 2033 Regii
469 1992 586 2023 habent
609 1994 754 2032 implicat.
810 1993 873 2024 Cu-

217 2039 316 2070 mulat
338 2051 440 2072 rursus
465 2041 694 2078 similitudines,
721 2053 737 2073 e
763 2040 874 2084 quibus

216 2087 325 2129 prima,
342 2099 411 2130 quae
427 2099 490 2120 ver.
508 2090 570 2121 713
594 2101 662 2132 sqq.
676 2090 806 2132 repetita
830 2090 874 2121 le—

216 2136 310 2178 gitur,
329 2149 412 2169 nunc
434 2138 560 2179 quidem
582 2139 684 2170 minus
707 2145 796 2180 grata
816 2145 872 2170 est.

217 2186 315 2228 Regia
336 2190 406 2223 ales,
428 2187 543 2228 aquila.
587 2188 731 2225 Sustinet,
752 2200 872 2220 sursum

216 2235 309 2267 tollit.

259 2285 334 2316 364.
371 2286 553 2325 Spatiuntes,
589 2287 678 2328 longe
715 2293 869 2324 extensas,

216 2333 337 2375 longas,
362 2340 395 2365 ut
421 2336 483 2366 xiv.
507 2336 591 2366 630:
616 2339 779 2375 spatiantia
802 2339 869 2368 bra-

215 2384 282 2413 chia
297 2385 445 2414 arborum.
481 2385 653 2427 Expressus
667 2392 771 2416 autem
787 2386 872 2417 locus

217 2442 254 2462 ex
271 2431 361 2473 Virg.
378 2433 505 2464 AEneid.
521 2433 562 2464 xi.
577 2435 650 2465 751.
696 2435 746 2465 De
767 2446 873 2477 pugna

216 2480 390 2522 aquilarum
419 2487 450 2512 et
476 2488 665 2524 serpentum,
692 2484 761 2515 vide
787 2484 870 2515 Plin.

215 2529 298 2560 Iiist.
311 2530 387 2561 Nat.
408 2542 439 2561 x.
461 2532 499 2561 4:
526 2532 634 2562 Acrior
655 2539 697 2562 est
718 2532 869 2574 (aquilae)

216 2590 283 2608 cum
301 2580 428 2610 dracone
445 2591 560 2621 pugna.
607 2581 683 2611 Eum
706 2585 784 2620 rapit
805 2583 870 2612 ubi-

216 2638 331 2667 cunque
359 2631 463 2659 visum.
522 2628 580 2659 Ille
609 2631 768 2670 multiplici
794 2642 871 2660 nean

218 2677 304 2716 ligat,
318 2679 359 2707 ita
373 2689 400 2708 se
415 2679 580 2718 implicans,
591 2685 624 2709 ut
637 2681 726 2709 simul
741 2681 869 2710 decidat.

219 2725 352 2756 Pendere
374 2726 519 2757 dicuntur
542 2737 614 2758 aves
630 2728 779 2764 volantes,
798 2728 868 2758 hinc

943 1560 974 1585 et
989 1565 1057 1596 quae
1073 1555 1112 1585 ab
1127 1554 1165 1584 iis
1186 1558 1338 1584 tenentur.
1384 1552 1401 1582 I
1405 1559 1519 1582 uterere
1533 1550 1597 1581 ele-

941 1611 1050 1645 ganter
1064 1604 1102 1635 de
1114 1603 1228 1634 hedera
1238 1609 1380 1633 truncum
1393 1601 1523 1632 nexibus
1534 1599 1599 1631 suis

941 1652 1131 1683 includente.

984 1702 1059 1733 366.
1092 1702 1234 1742 Polypus,
1256 1700 1350 1742 piscis
1370 1699 1598 1730 voracissimus.

941 1750 1129 1781 Insidiarum
1159 1761 1254 1781 causa
1279 1759 1361 1791 saepe
1390 1749 1422 1779 in
1450 1748 1598 1790 scopulis,

941 1809 1071 1840 quorum
1086 1800 1217 1830 colorem
1231 1798 1368 1833 assumit,
1380 1797 1493 1833 latitat,
1504 1797 1598 1839 pisci-

941 1848 1090 1890 culosque
1112 1859 1220 1879 secure
1246 1848 1431 1878 adnatantes
1453 1846 1598 1888 pedibus,

941 1897 1038 1928 veluti
1059 1897 1116 1929 reti
1134 1897 1286 1939 implicat.
1317 1896 1437 1927 AElian.
1452 1897 1493 1927 V.
1509 1895 1550 1926 H.
1570 1897 1598 1927 1.

941 1946 977 1983 13
1001 1945 1082 1977 Plin.
1098 1947 1140 1978 ix.
1163 1947 1221 1984 293
1245 1946 1358 1976 Noster
1373 1944 1512 1976 Halieut.
1534 1955 1599 1976 ver.

942 1996 982 2025 30
997 2005 1066 2037 sqq.
1110 1995 1213 2026 Pedes
1232 1995 1282 2025 hic
1299 2000 1449 2025 vocantur
1453 1994 1599 2035 flagella,

941 2045 979 2074 ab
995 2043 1063 2074 aliis
1077 2046 1163 2080 cirri,
1177 2046 1284 2080 crines,
1300 2044 1432 2074 brachia.

984 2093 1057 2124 369.
1095 2093 1260 2129 Commissa,
1289 2091 1473 2134 exquisitius
1502 2102 1596 2134 quam

941 2144 1112 2182 conjuncta.
1172 2142 1287 2173 Diduci
1322 2150 1405 2172 recte
1440 2140 1597 2177 dicuntur,

940 2191 993 2231 qui
1009 2190 1200 2221 divelluntur
1219 2200 1237 2220 a
1251 2189 1476 2232 complexibuS.
1522 2190 1596 2220 Pro—

939 2245 1019 2281 pert.
1036 2240 1061 2269 I.
1076 2239 1145 2270 xiii.
1164 2240 1213 2270 14.
1243 2239 1326 2275 Suos,
1345 2238 1502 2281 propitios.
1539 2239 1594 2270 Dii

939 2288 1166 2319 exaudiverunt
1189 2299 1304 2330 preces.
1348 2288 1398 2318 Sic
1423 2293 1454 2318 et
1475 2299 1505 2318 x.
1521 2288 1594 2319 489.

939 2338 1037 2379 Supra
1062 2348 1150 2368 versu
1176 2338 1246 2368 164.
1270 2344 1335 2368 vota
1361 2339 1484 2378 tetigere
1508 2337 1594 2367 Deos.

942 2387 1054 2423 Facies,
1075 2397 1196 2429 corpus.
1240 2386 1278 2417 Id
1301 2386 1459 2427 eleganter
1483 2385 1597 2416 dicitur

939 2437 1054 2471 induci,
1072 2446 1167 2477 quum
1191 2435 1292 2466 datur.
1336 2434 1438 2465 Etiam
1456 2434 1506 2465 vii.
1522 2435 1596 2465 624.

939 2486 1073 2515 membris
1097 2484 1395 2526 imlucereformam.
1442 2483 1595 2514 conducto

940 2535 1047 2563 cortice
1068 2533 1217 2563 debemus
1232 2532 1362 2563 Heinsio
1377 2531 1431 2573 qui
1450 2537 1481 2562 et
1501 2534 1594 2562 corti-

937 2593 1008 2617 cem,
1024 2580 1143 2622 generis
1163 2581 1312 2617 feminini,
1327 2587 1358 2611 et
1380 2580 1504 2622 phrasin
1524 2591 1592 2610 con-

937 2633 1044 2662 ducere
1054 2632 1188 2661 corticem
1199 2630 1338 2672 pluribus
1347 2630 1490 2660 illustrat.
1516 2629 1593 2660 Con—

937 2682 1054 2716 ducere,
1065 2679 1261 2718 contrahere3
1276 2679 1369 2710 etiam
1386 2680 1508 2710 vulnera
1524 2691 1594 2709 cnu-

936 2730 1104 2764 ducuntur,
1120 2728 1245 2769 quando
1261 2734 1383 2759 coeunt.
