1763 3181
230 194 316 237 286

623 195 672 235 Ρ.
707 192 918 235 OVIDII
952 191 1232 234 NASONIS

237 311 397 373 Inque
422 309 555 357 vices
581 308 735 365 illum,
763 315 924 356 tectos
950 307 1035 371 qui
1059 308 1187 354 laesit
1211 323 1417 363 amores,

236 386 396 434 Laedit
420 402 585 434 amore
611 386 743 449 pari:
784 386 904 449 quid
931 401 1076 441 nunc,
1107 384 1397 449 Hyperione
1423 392 1553 441 nate,

237 464 429 519 Forma,
457 464 690 526 calorque
714 462 822 519 tibi,
850 463 1140 526 radiataque
1165 463 1350 510 lumina
1374 462 1618 526 prosunt?

234 540 432 605 Nempe
457 541 554 588 tuis
580 556 751 587 omnes
777 540 863 603 qui
889 548 1045 587 terras
1071 540 1268 602 ignibus
1295 538 1412 595 uris,

235 618 282 664 U
287 619 406 665 reris
432 619 545 681 igne
570 634 722 674 novo;
749 617 937 680 quique
963 617 1129 664 omnia
1152 632 1355 664 cernere
1380 616 1550 671 debeS,

235 695 551 743 Leucotheen
578 701 804 758 spectas;
846 702 896 741 et
919 694 1105 757 virgine
1130 694 1240 756 figis
1266 694 1314 740 in
1339 709 1451 748 una,

1530 695 1618 740 196

235 772 372 826 Quos
399 773 582 819 mundo
603 772 773 827 debes,
795 773 991 829 oculos3
1033 772 1178 819 modo
1204 771 1364 833 surgis
1392 770 1497 817 Eoo

232 849 524 912 Temperius
546 849 698 905 coelo3
739 849 886 896 modo
913 849 1067 895 serius
1093 848 1270 895 incidis
1295 847 1469 905 undis;

235 925 608 989 Spectandique
634 941 770 972 mora
794 926 1041 972 brumales
1064 925 1272 989 porrigis
1298 926 1460 972 horas.

232 1003 420 1050 Deficis
439 1003 715 1060 interdum3
739 1003 1015 1066 vitiumque
1035 1002 1291 1049 inlumina
1314 1002 1494 1049 mentis
1519 1004 1616 1048 200

231 1080 430 1128 Transit
444 1099 455 1138 3
496 1087 546 1127 et
571 1081 811 1127 obscurus
834 1080 1063 1127 mortalia
1086 1088 1289 1144 pectora
1311 1086 1482 1127 terres.

233 1157 358 1214 Nec,
385 1157 475 1205 tibi
502 1158 636 1221 quod
662 1156 815 1204 Lunae
840 1158 981 1205 terris
1007 1157 1248 1222 propioris
1274 1158 1437 1220 imago

233 1235 516 1292 Obstiterit,
544 1236 700 1299 palles
722 1253 730 1283 :
770 1236 891 1283 facit
913 1237 1044 1283 hunc
1070 1251 1206 1284 amor
1230 1231 1324 1282 iste
1349 1234 1582 1281 colorem.

232 1307 413 1375 Diligis
438 1313 565 1360 hanc
590 1330 768 1361 unam:
797 1330 889 1362 nec
915 1321 964 1362 te
987 1315 1310 1378 Clymeneve,
1330 1312 1615 1366 Rhodosve‚

232 1389 341 1437 Nec
366 1396 506 1437 tenet
530 1390 678 1438 AEaeae
704 1392 930 1454 genetrix
956 1392 1289 1456 pulcherrima
1310 1390 1499 1446 Circes,
1521 1392 1617 1436 205

231 1465 459 1530 Quaeque
483 1474 595 1514 tuos
623 1468 808 1531 Clytie,
836 1469 1061 1532 quamvis
1087 1470 1341 1533 despecta,
1369 1467 1575 1531 petebat

231 1542 576 1602 Concubitus;
618 1545 828 1609 ipsoque
854 1547 935 1593 illo
961 1563 1108 1609 grave
1131 1546 1309 1593 vulnus
1335 1545 1553 1592 habebat

227 1620 490 1686 Tempore.
541 1622 828 1672 Leucothee
852 1625 1120 1672 multarum
1145 1623 1326 1672 oblivia
1349 1622 1483 1676 fecit,

231 1698 410 1747 Gentis
431 1700 688 1749 odoriferae
715 1718 866 1765 quam
891 1702 1247 1750 formosissima
1270 1707 1416 1765 partu

229 1860 282 1901 qui
313 1861 454 1891 occultos
483 1871 602 1892 amores
630 1862 792 1899 indicavit,
817 1874 889 1895 eum

228 1909 363 1940 vicissim
380 1920 482 1941 amore
499 1910 613 1952 injecto
629 1913 758 1943 cruciat.
795 1912 891 1943 Ludit

230 1958 363 1989 Ovidius
379 1958 494 1990 verbis.
540 1959 689 1991 Similiter
713 1971 783 1991 mox
799 1972 889 1993 versu

232 2007 303 2038 195.
314 2010 365 2047 qui
378 2014 472 2038 terras
483 2010 600 2049 ignibus
610 2011 684 2045 uris,
700 2009 816 2046 Ureris,
829 2015 890 2041 etc.

276 2057 347 2087 195.
358 2056 466 2087 Verba
480 2059 742 2097 quique—spectas
757 2058 870 2100 frigida
882 2072 890 2098 ;

228 2111 260 2136 et
285 2105 459 2147 sequentia,
486 2113 513 2137 et
542 2108 813 2148 virgine—oculos,
840 2108 888 2139 in-

228 2154 391 2186 toleranda
414 2155 562 2186 videntur
585 2156 775 2193 Schirachio,
795 2157 890 2199 idque

222 2205 307 2247 jure.
344 2205 466 2246 Nempe
482 2211 643 2246 argutatus
658 2212 705 2237 est
720 2206 751 2237 in
767 2217 889 2238 accom-

228 2254 384 2285 modanda
399 2254 512 2286 amoris
528 2254 558 2285 vi
575 2255 616 2286 ad
632 2255 710 2286 Solis
732 2262 887 2288 naturam.

227 2303 318 2340 Turn,
348 2314 405 2334 nec
437 2304 556 2346 longior
593 2305 660 2336 haec
690 2306 888 2348 apostrophe,

228 2363 285 2384 nec
306 2363 376 2394 quae
400 2354 429 2384 ei
455 2355 573 2391 insunt,
598 2355 713 2397 puellae
738 2356 887 2387 confabu-

228 2402 305 2433 lanti
321 2404 519 2434 conveniunt.

276 2453 346 2482 198.
373 2452 543 2492 Temperius
565 2453 750 2494 (maturius)
767 2453 889 2496 antiqui

229 2500 385 2538 dixerunt,
411 2505 570 2542 temporius
594 2503 797 2535 recentiores:
819 2503 888 2535 vide

230 2550 357 2581 Manut.
375 2550 414 2582 ad
431 2550 501 2582 Cic.
520 2552 578 2582 lx.
594 2551 696 2594 Epist.
714 2552 778 2583 xvi.
812 2553 886 2583 Por-

228 2601 315 2641 ·rigis,
333 2600 441 2642 longas
462 2600 538 2632 facis
555 2601 750 2633 brevissimas
770 2603 887 2634 brumae

228 2647 328 2680 horas.
376 2649 509 2680 Romani
530 2661 625 2691 quum
654 2651 692 2681 ab
717 2657 783 2682 ortu
809 2651 888 2683 Solis

229 2707 326 2738 usque
347 2697 386 2728 ad
409 2709 555 2729 occasum
579 2700 643 2730 XII
668 2700 757 2730 horas
778 2711 886 2731 nurne-

228 2752 331 2777 rarent
366 2757 420 2789 per
459 2753 557 2778 totum
591 2758 718 2783 annum,
750 2754 885 2790 tempore

958 1864 1087 1893 brumali
1124 1872 1176 1893 eas
1217 1861 1375 1892 habebant
1412 1859 1619 1891 brevissimas.

960 1914 1131 1954 Porrigere,
1158 1911 1338 1942 extendere.
1374 1911 1450 1941 Hor.
1465 1910 1528 1941 ΠΙ.
1554 1910 1618 1941 Od.

958 1962 1020 1992 xvi.
1050 1963 1100 1992 40.
1134 1972 1230 2001 parva
1261 1961 1419 2002 vectigalia
1453 1962 1616 2001 porrigam.

961 2011 1075 2041 Vitium
1100 2012 1223 2041 lmninis
1241 2016 1288 2041 est
1304 2011 1412 2051 pallor,
1429 2009 1517 2051 isque
1534 2010 1617 2041 color

958 2060 1141 2091 amantium.
1165 2060 1233 2090 Art.
1253 2059 1361 2090 Amat.
1381 2059 1402 2089 i.
1419 2060 1492 2090 729.
1536 2060 1616 2090 Inde

958 2120 1089 2141 acumen
1116 2109 1184 2140 hoc.
1222 2110 1274 2140 Sol
1300 2114 1404 2140 autem
1426 2108 1561 2151 pallidus
1586 2115 1618 2140 et

957 2160 1107 2190 obscurus
1130 2158 1209 2190 inter
1229 2159 1313 2189 mala
1333 2159 1484 2200 praesagia
1505 2159 1615 2190 refere-

956 2209 1060 2240 batur.
1092 2208 1180 2249 Virg.
1197 2209 1311 2250 Georg.
1327 2207 1348 2239 i.
1363 2209 1426 2239 464
1448 2218 1519 2250 sqq.
1564 2209 1615 2239 Sic

958 2265 1048 2288 terret
1073 2259 1213 2288 mortalia
1238 2264 1359 2298 pectora
1384 2259 1480 2289 Lunae
1508 2260 1615 2300 imago,

956 2308 1031 2338 luna
1046 2306 1125 2349 ipsa.

999 2357 1073 2387 204.
1099 2356 1250 2397 Clymene,
1278 2361 1376 2386 mater
1397 2355 1614 2393 Phaethontis,

956 2406 995 2437 de
1024 2416 1086 2447 qua
1110 2406 1132 2436 i.
1159 2407 1233 2437 756.
1278 2406 1406 2441 Rhodos,
1435 2405 1498 2436 filia
1526 2406 1613 2449 Nep-

956 2455 1036 2490 tuni,
1054 2466 1123 2496 quae
1145 2466 1182 2486 ex
1207 2465 1383 2497 compressu
1399 2454 1478 2485 Solis
1493 2460 1613 2497 septem

955 2504 1045 2541 filios,
1066 2504 1216 2535 Heliades
1237 2515 1252 2534 a
1280 2509 1367 2545 patre
1392 2504 1502 2539 dictos,
1519 2514 1613 2546 pepe-

955 2553 1004 2584 rit.
1052 2554 1142 2589 AEcra,
1159 2553 1319 2590 Colchica,
1341 2553 1379 2583 ab
1398 2554 1468 2589 AEa,
1487 2553 1612 2584 Colchi-

954 2601 1002 2633 dis
1026 2603 1111 2638 urbe,
1131 2603 1228 2639 Circe,
1244 2613 1326 2634 soror
1341 2603 1462 2639 Acetae‚
1479 2602 1612 2633 Colcho-

954 2661 1021 2681 rum
1047 2652 1139 2692 regis,
1156 2653 1278 2683 AEaeam
1304 2652 1436 2683 insulam
1463 2652 1612 2683 incolens.

953 2700 1059 2731 Mater
1082 2700 1141 2731 fuit
1165 2701 1269 2737 Persa,
1293 2700 1413 2732 Oceani
1439 2700 1512 2736 filia,
1534 2711 1611 2742 qua-

953 2760 1022 2779 cum
1041 2750 1209 2780 concubuit
1226 2750 1275 2780 Sol
1291 2763 1296 2779 τ
1315 2750 1385 2780 vide
1404 2750 1530 2781 Homeri
1547 2750 1609 2781 Od.
