1763 3181
441 164 1064 208 METAMORPHOSEON
1096 165 1216 208 LIB.
1240 166 1320 208 IV.
1487 169 1573 211 287

184 280 358 328 Edidit
383 280 695 345 Eurynome;
732 281 835 337 sed,
863 287 1132 345 postquam
1155 281 1256 328 filia
1279 283 1446 339 crevit,
1473 287 1571 331 210

182 357 347 412 Quam
372 364 529 406 mater
553 364 778 414 cunctas,
806 365 907 405 tam
931 364 1140 406 matrem
1164 358 1266 406 filia
1288 358 1422 406 vicit.

181 434 337 483 Rexit
360 435 706 483 Achaemenias
732 436 879 483 urbes
906 442 1049 499 pater
1075 435 1355 483 Orchamus
1377 455 1387 494 3
1427 436 1570 500 isque

182 512 437 576 Septimus
463 529 492 560 a
515 513 664 577 prisci
690 520 980 561 numeratur
1009 513 1196 575 origine
1223 513 1351 560 Beli.

177 589 290 637 Axe
315 590 407 636 sub
434 589 679 653 Hesperio
714 597 830 637 sunt
856 606 1045 654 pascua
1071 590 1200 637 Solis
1226 606 1467 654 equorum
1489 608 1498 638 :

177 667 492 715 Ambrosiam
517 685 605 732 pro
637 669 857 730 gramine
884 658 1101 725 habent3
1143 684 1202 715 ea
1225 667 1357 715 fessa
1381 667 1569 715 diurnis

178 743 410 792 Membra
428 745 715 792 ministeriis
735 746 904 801 nutrit,
928 752 1225 809 reparatque
1252 744 1430 793 labori:
1472 748 1567 792 216

180 821 416 886 Dumque
436 822 503 870 ibi
524 823 874 887 quadrupedes
892 822 1117 870 coelestia
1140 823 1326 886 pabula
1340 829 1565 886 carpunt,

178 898 396 963 Noxque
441 900 599 948 vicem
646 901 866 964 peragit3
930 901 1179 948 thalamos
1230 900 1368 948 Deus
1418 900 1568 947 intrat

377 984 584 1033 amatos,

176 1053 363 1101 Versus
388 1054 439 1101 in
462 1054 775 1119 Eurynomes
801 1055 979 1103 faciem
1006 1055 1271 1119 genetricis
1294 1073 1303 1112 3
1345 1061 1395 1102 et
1418 1055 1545 1102 inter

176 1130 265 1178 Bis
290 1148 380 1179 sex
406 1131 725 1180 Leucotheen
749 1132 958 1180 famulas
984 1133 1047 1180 ad
1070 1132 1259 1179 lumina
1282 1132 1441 1179 cernit
1464 1136 1562 1178 220

177 1206 327 1256 Levia
350 1216 543 1256 versato
567 1209 835 1257 ducentem
861 1209 1075 1257 stamina
1098 1208 1225 1256 fuso.

176 1285 309 1348 Ergo
333 1286 434 1342 ubi,
462 1302 554 1333 ceu
578 1293 751 1342 mater,
779 1302 905 1334 carae
931 1286 1071 1334 dedit
1095 1286 1265 1333 oscula
1289 1292 1449 1342 natae3

177 1368 208 1386 “
237 1362 490 1420 Res‚''ait,
517 1368 547 1387 “
569 1379 748 1410 arcana
772 1371 875 1421 est3
906 1363 1118 1419 famulae,
1142 1362 1412 1421 discedite3
1443 1378 1565 1410 neve

177 1437 368 1503 Eripite
393 1439 649 1487 arbitrium
675 1440 818 1488 matri
839 1448 1033 1489 secreta
1056 1440 1331 1504 loquenti.''

178 1597 219 1627 K.
245 1595 306 1626 135
326 1605 396 1637 sqq.
443 1595 554 1637 Clytie,
582 1596 702 1627 Oceani
724 1602 755 1627 et
777 1597 837 1628 Te-

175 1644 267 1686 thyos
289 1644 364 1681 filia,
380 1644 420 1675 de
436 1656 499 1687 qua
513 1646 628 1676 Noster
649 1657 719 1676 mox
734 1647 836 1688 plura.

175 1693 299 1734 Ipsoque
314 1696 379 1730 illo,
397 1700 458 1726 etc.
496 1695 614 1726 Locum
630 1706 697 1726 esse
714 1707 836 1733 sanum,

174 1753 232 1773 nec
254 1743 431 1775 desiderare
451 1755 578 1776 manum
594 1745 762 1782 medicam,
781 1757 835 1789 ap-

174 1798 263 1833 paret
277 1803 294 1823 e
307 1803 372 1824 ver.
388 1794 451 1824 234
467 1805 538 1835 sqq.

217 1842 293 1872 210.
310 1842 512 1883 Eurynome]
524 1842 644 1873 Oceani
659 1849 690 1874 et
700 1843 839 1884 Tethyos

173 1889 238 1921 filia
273 1891 421 1932 (Hesiod.
457 1892 575 1933 Theog.
615 1902 704 1923 versu
743 1893 835 1934 358.)

174 1941 359 1972 Ach'aemenes
396 1941 515 1983 primus
550 1943 716 1972 Persarum
753 1953 807 1972 rex
825 1954 832 1980 3

172 1991 244 2022 vide
267 1991 472 2028 Herodotum,
488 1992 565 2023 VII.
580 1992 611 2023 ii.
660 1992 834 2029 Orchamus,

174 2040 288 2082 conjux
308 2040 505 2082 Eurynomes,
526 2047 557 2072 et
578 2042 744 2072 Persarum
769 2052 833 2072 rex.

174 2090 276 2120 Prisci
292 2089 371 2121 Beli.
394 2090 529 2122 Codices
545 2091 639 2132 Regii
660 2091 755 2122 nostri
779 2091 833 2122 ha-

171 2139 249 2169 bent
269 2151 288 2170 a
313 2140 541 2180 prisco—Belo.
572 2141 670 2170 Prisci
695 2140 778 2170 euim
804 2146 834 2171 et

173 2190 303 2229 antiqui,
336 2196 482 2220 monente
516 2190 710 2226 Burmanno,
736 2191 834 2232 poetis

172 2238 318 2269 dicuntur
338 2244 479 2270 auctores
503 2245 535 2270 et
558 2238 734 2270 conditores
758 2251 834 2280 gen-

172 2287 249 2319 tium
264 2298 500 2330 regnorumque.
535 2289 604 2319 Hoc
620 2289 834 2319 additamento

172 2336 371 2368 Leucotheen
383 2347 402 2368 a
417 2337 539 2379 generis
553 2337 739 2379 antiquitate
751 2348 834 2368 com-

164 2385 320 2418 ‘mendare
344 2387 452 2418 voluit.
503 2388 615 2418 Plures
640 2387 725 2418 Belos
754 2388 834 2418 anti—

173 2435 278 2477 quitas
300 2435 405 2472 habet,
422 2435 460 2467 de
477 2436 591 2477 quibus
606 2436 678 2467 vide
693 2436 833 2467 Perizon.

172 2485 284 2526 Origg.
299 2486 414 2527 Babyl.
447 2486 490 2522 Is,
507 2485 560 2527 qui
576 2486 744 2527 Babylona
760 2496 832 2516 con-

171 2533 290 2565 didisse
318 2534 513 2571 credebatur,
543 2540 574 2566 et
603 2545 622 2566 a
650 2535 834 2576 Babyloniis

171 2594 294 2614 summa
327 2584 476 2625 religione
513 2585 685 2620 colebatur,
720 2583 736 2614 ὁ
772 2583 829 2624 ἀρ-

172 2634 279 2674 χαῖος,
296 2639 327 2663 et
341 2636 483 2674 antiquus
504 2634 681 2664 dicebatur.
718 2633 831 2663 Verbis

176 2682 271 2716 Quam
296 2689 402 2717 viator,
420 2688 481 2713 etc.
497 2682 657 2713 exornavit
672 2683 750 2712 illud
768 2682 831 2711 Ilo-

172 2736 231 2762 rat.
253 2731 280 2762 I.
303 2731 365 2762 Od.
392 2731 453 2762 xvi.
472 2733 506 2762 1:
536 2733 561 2761 O
585 2738 679 2762 matre
702 2732 829 2770 pulchra

1468 1442 1564 1486 224

894 1598 969 1638 filia
996 1598 1164 1637 pulchrior.
1219 1594 1336 1627 Similis
1365 1594 1565 1637 comparatio,

904 1646 935 1677 ii.
953 1647 1014 1677 722
1031 1657 1101 1688 sqq.

947 1697 1021 1727 214.
1046 1697 1087 1725 Ar
1095 1698 1117 1726 is
1133 1694 1211 1725 alias
1226 1694 1356 1731 coelum,
1372 1704 1456 1725 nunc
1472 1699 1565 1725 terra.

904 1746 955 1776 De
979 1747 1122 1775 ambrosia
1151 1744 1280 1775 istorum
1310 1754 1471 1785 equorum,
1495 1743 1566 1773 vide

905 1794 945 1824 ad
962 1794 994 1824 ii.
1014 1795 1084 1824 120.
1121 1793 1170 1823 Ibi
1184 1798 1267 1823 stant
1285 1792 1323 1823 ad
1339 1792 1502 1834 praesepia,
1513 1792 1563 1823 hic

904 1849 1007 1874 errant
1035 1843 1067 1873 in
1096 1842 1233 1884 pascuis.
1280 1842 1428 1881 Βεραωΐ,
1457 1841 1566 1872 reficit.

906 1892 1036 1931 Carpere
1055 1892 1178 1931 pabula,
1194 1891 1232 1921 iis
1249 1891 1342 1935 vesqi,
1364 1890 1458 1921 etiam
1478 1891 1564 1922 Fast.

902 1942 944 1973 iv.
961 1943 1034 1973 750.
1083 1942 1180 1972 l'icem
1202 1943 1359 1982 peragite
1385 1951 1417 1971 re
1440 1940 1566 1972 militari

896 1991 1044 2023 ductum.

946 2043 1022 2072 218.
1050 2042 1100 2072 De
1124 2042 1276 2076 thalamis,
1293 2039 1365 2070 vide
1381 2039 1420 2070 ad
1441 2039 1474 2069 ii.
1491 2040 1564 2071 737.

902 2092 952 2122 De
981 2091 1153 2122 mutatione
1180 2090 1238 2120 hac
1258 2089 1329 2121 vide
1358 2089 1398 2120 ad
1422 2089 1466 2119 iii.
1486 2090 1562 2120 273.

902 2143 1032 2177 Aruacos,
1059 2141 1091 2171 in
1117 2140 1231 2182 quibus
1258 2138 1420 2170 habitabat
1447 2145 1563 2170 amata.

902 2192 950 2221 Ad
966 2192 1094 2221 lumina.
1130 2190 1258 2220 sueton.
1275 2189 1356 2219 Caes.
1367 2189 1406 2219 37
1421 2200 1426 2217 :
1454 2189 1563 2218 Ascen-

901 2242 947 2271 dit
976 2241 1157 2280 Capitolium
1178 2241 1217 2269 ad
1243 2239 1369 2268 [ιινηίηα.
1415 2237 1563 2268 Similiter

902 2289 1014 2320 Graece
1038 2289 1121 2329 πρὸς
1143 2290 1219 2328 φῶς.
1267 2287 1384 2323 Leria,·
1409 2285 1452 2316 sic
1468 2286 1561 2327 pleri-

903 2348 963 2379 que
984 2348 1001 2368 e
1023 2335 1293 2378 castigatioribus3
1317 2335 1467 2366 Heinsius
1489 2346 1562 2365 con-

898 2387 1036 2429 jecturat
1064 2387 1191 2423 tenuia‚·
1230 2385 1418 2420 Gronovius,
1450 2386 1561 2420 mollia,

903 2435 985 2476 quod
1012 2436 1213 2465 Burmannus
1237 2433 1385 2474 intelligit
1409 2432 1447 2463 de
1468 2433 1563 2464 vesti-

901 2486 960 2515 bus
976 2485 1132 2519 mollibus,
1149 2483 1187 2514 de
1204 2483 1317 2524 quibus
1332 2484 1408 2513 Luc.
1420 2482 1473 2512 vii.
1489 2484 1541 2513 25.

943 2535 1017 2565 224.
1044 2534 1191 2573 Eripite]
1219 2534 1349 2563 Sensus:
1378 2543 1437 2561 non
1453 2531 1562 2573 eripite

898 2584 989 2613 matri
1028 2588 1213 2624 potestatem
1250 2587 1369 2612 secreta
1405 2580 1562 2621 loquendi.

899 2634 1042 2671 Arripwe
1070 2633 1231 2661 arbitrium
1263 2631 1401 2660 absolute
1433 2629 1561 2671 quidem

898 2681 960 2712 dici
977 2686 1090 2723 potest,
1109 2680 1159 2710 scil
1179 2691 1239 2710 nou
1255 2690 1319 2720 seq.
1337 2678 1453 2709 dativo.
1500 2679 1560 2708 ste-

901 2733 982 2761 motis
1007 2732 1128 2760 arbitris
1153 2729 1267 2770 passini
1296 2728 1440 2764 occurrit,
1465 2738 1561 2769 quum
