1763 3181
223 184 309 227 252

615 183 665 223 P.
698 180 911 224 OVIDII
944 179 1223 222 NASONIS

228 299 444 356 Orbus‚''
470 298 554 354 ait,
583 303 612 321 “
633 297 793 353 fieres,
820 311 911 344 nec
938 295 1158 343 Bacchia
1181 310 1322 343 sacra
1343 295 1561 344 videres!

224 379 441 442 Jamque
461 375 569 423 dies
600 373 773 430 aderit,
793 375 1000 437 Jamque
1025 373 1155 420 haud
1193 373 1364 436 procul
1392 386 1604 435 auguror

421 469 550 509 esse,

225 535 338 590 Qua
356 547 510 580 novus
531 529 628 576 huc
647 527 826 583 veniat,
844 527 1007 591 proles
1035 526 1298 582 Semeleia,
1318 526 1481 574 Liber.
1509 529 1605 573 520

225 611 388 666 Quem
413 608 507 655 nisi
531 606 829 669 templorum
853 603 1004 652 fueris
1029 603 1260 665 dignatus
1284 604 1484 658 honore,

224 689 368 736 Mille
392 688 525 734 lacer
550 698 782 748 spargere
807 682 944 738 lociS,
972 687 1024 729 et
1047 681 1286 743 sanguine
1306 681 1454 727 silvas

226 765 474 819 Foedabis,
500 769 810 823 matremque
833 766 987 814 tuam,
1015 758 1288 821 matrisque
1313 773 1521 805 sorores.
1571 787 1574 791 ·

226 842 499 891 Evenient:
538 854 703 902 neque
724 837 855 884 enim
880 836 1148 898 dignabere
1173 851 1356 882 numen
1380 835 1591 888 honore3

226 920 414 982 Meque
440 917 531 964 sub
556 916 633 962 his
658 913 877 962 tenebris
902 911 1109 959 nimium
1126 911 1309 959 vidisse
1336 909 1606 975 quereris.”

222 997 362 1045 Talia
385 995 635 1042 dicentem
658 991 918 1056 proturbat
943 988 1165 1037 Echione
1189 995 1336 1036 natus
1355 1006 1364 1036 :

1511 989 1606 1034 526

226 1074 377 1122 Dicta
398 1071 523 1120 fides
549 1069 801 1133 sequitur;
842 1083 1181 1132 responsaque
1204 1066 1329 1114 vatis
1355 1071 1584 1129 aguntur.

225 1152 372 1200 Liber
395 1150 566 1205 adest;
596 1145 849 1210 ‘festisque
873 1145 1089 1194 fremunt
1111 1143 1383 1191 ululatibus
1408 1142 1539 1205 agri:

224 1313 274 1344 vel
297 1321 395 1343 nexus
419 1318 514 1340 causa
537 1308 605 1338 haec
627 1306 764 1337 novavit.
802 1305 880 1336 Bac-

224 1364 289 1394 chia
315 1372 411 1395 saei-a,
431 1358 562 1395 τελετὰς
582 1356 696 1394 εὐίους,
720 1355 742 1386 i.
763 1366 791 1386 e.
813 1366 880 1396 my-

224 1410 318 1443 steria
331 1407 485 1440 bacchica
499 1419 505 1436 :
530 1406 595 1437 vid.
610 1405 750 1436 Perizon.
767 1404 807 1435 ad
825 1405 880 1435 AE-

224 1461 299 1491 lian.
314 1460 356 1491 V.
372 1458 413 1488 H.
429 1457 475 1488 11.
486 1454 571 1486 xxxi.
586 1456 641 1486 20.
675 1454 774 1485 Dicta
797 1460 880 1490 sunt,

223 1515 258 1541 ut
282 1509 386 1540 omnia
405 1513 494 1537 sacra
515 1503 750 1540 enthusiastica‚
774 1504 880 1545 Orgia,

223 1559 293 1591 ἀπὸ
322 1560 383 1596 τῆς
412 1557 525 1598 ὀργῆς,
551 1565 568 1585 a
595 1554 708 1589 furore,
736 1552 858 1584 insania
873 1565 880 1583 :

223 1609 288 1640 vid.
312 1607 352 1638 ad
380 1606 424 1637 iv.
448 1606 477 1635 1.
526 1603 747 1644 Intelliguntur
775 1608 880 1633 autem

223 1659 254 1689 h.
285 1657 307 1688 l.
339 1656 442 1698 prisca
474 1654 531 1685 illa
565 1652 661 1694 orgia,
691 1652 814 1683 diversa
842 1653 881 1683 ab

221 1705 463 1738 Atheniensium
480 1702 653 1744 Dionysiis,
674 1707 705 1732 et
730 1703 882 1732 trieterica

223 1757 322 1792 dicta,
335 1753 483 1797 quoniam
499 1763 518 1783 a
530 1751 689 1783 Thebanis
703 1751 792 1782 tertio
805 1762 882 1793 quo-

223 1816 284 1848 que
300 1815 380 1836 anno
395 1802 644 1836 celebrabantur,
659 1806 690 1831 et
703 1800 829 1841 quidem
849 1800 882 1832 in

223 1860 327 1886 monte
352 1851 529 1884 Cithaerone
553 1849 713 1880 nocturnis
735 1848 881 1880 discursi-

222 1905 298 1935 bus:
316 1901 517 1933 vid.Barnes.
529 1898 569 1929 ad
580 1897 721 1939 Euripid.
732 1908 793 1928 ver.
809 1899 881 1930 133.

221 1957 254 1984 et
269 1950 410 1983 Perizon.
425 1948 465 1980 ad
478 1947 598 1979 AElian.
612 1947 654 1978 V.
665 1947 709 1977 H.
726 1946 790 1978 xiii.
804 1949 837 1978 2.

267 2001 341 2033 519.
364 2000 445 2035 Jam,
460 2008 518 2028 vox
542 1995 798 2035 vaticinantium
821 1997 880 2027 ita-

222 2062 284 2095 que
302 2049 451 2092 repctitur
463 2058 525 2078 non
537 2047 603 2077 sine
616 2046 782 2087 gravitate.
820 2047 880 2076 λή-

221 2113 286 2138 vus,
301 2110 362 2131 non
376 2103 423 2129 est
438 2095 602 2131 recentior,
619 2094 759 2126 diversus
775 2107 793 2126 a
805 2096 882 2137 pris-

223 2151 268 2182 cis
287 2149 380 2191 hujus
398 2145 531 2177 nominis
549 2144 631 2180 Diis,
647 2145 712 2180 sed,
729 2151 763 2176 ut
782 2146 879 2176 Fran—

224 2199 292 2231 cius
300 2199 381 2229 bene
389 2194 574 2232 vidit‚n0bis
583 2194 686 2225 adhuc
696 2194 882 2235 incognitus.

223 2245 488 2290 Eurip.ver.219.
498 2243 514 2274 ὁ
529 2243 645 2275 νεωστὶ
661 2241 801 2284 &alpicum
818 2255 881 2275 ver.

222 2299 286 2329 256
298 2302 329 2328 et
344 2296 418 2327 272.
435 2294 451 2325 ὁ
468 2292 592 2335 δαίμων
604 2292 620 2323 ὁ
632 2291 713 2330 νέος.
758 2292 808 2324 Sic
824 2304 881 2324 sae-

222 2358 261 2389 pe
278 2356 370 2377 novus
388 2342 472 2386 apud
488 2343 650 2378 Nostrum,
668 2343 737 2372 novi
749 2342 881 2381 fluctus,

224 2407 299 2427 ηουα
318 2399 461 2429 monstra,
476 2397 537 2423 etc.
557 2391 578 2421 i.
593 2403 623 2422 e.
641 2391 744 2423 adhuc
764 2391 882 2433 ignota.

226 2445 333 2476 Veniat
351 2441 546 2484 exquisitius,
561 2451 655 2482 quam
677 2443 784 2472 ‘venien
827 2442 881 2472 Ti-

221 2494 290 2526 bul.
304 2495 333 2525 Ι.
347 2492 390 2524 iv.
408 2492 466 2522 49:
495 2491 618 2530 Tempus
637 2492 706 2526 erit,
729 2502 819 2531 quum
840 2502 884 2521 me

221 2545 363 2579 (leducat,
377 2541 431 2572 ubi
448 2540 519 2571 vide
537 2539 782 2571 observationem
799 2540 883 2582 Hcy-

223 2592 277 2623 nii.

267 2642 341 2673 521.
366 2639 461 2674 Quem
476 2639 546 2675 nisi,
560 2637 640 2678 etc.]
666 2637 735 2668 Nisi
755 2637 883 2679 dignum

225 2700 296 2720 eum
325 2687 494 2731 judicabis,
523 2697 617 2729 quem
647 2687 731 2719 colas
759 2688 882 2729 templis

224 2737 399 2770 excitandis
427 2743 458 2768 et
485 2736 678 2768 dedicandis.
727 2736 882 2768 Honorare

949 1306 1073 1345 templis,
1089 1304 1161 1341 aris,
1174 1304 1294 1340 statuis,
1311 1308 1347 1334 ut
1359 1303 1462 1334 Graec.
1476 1304 1609 1344 τιμῆσαι

949 1355 1052 1391 ναοῖς,
1071 1360 1153 1385 etc.:
1179 1352 1243 1384 vid.
1264 1352 1404 1384 Perizon.
1424 1352 1465 1383 ad
1487 1351 1608 1382 AElian.

949 1405 990 1435 V.
1011 1404 1055 1434 H.
1071 1403 1119 1434 II.
1141 1403 1226 1433 xxxi.
1244 1404 1294 1433 12.
1339 1402 1437 1433 Lac-er
1458 1411 1609 1443 spargere,

948 1452 1136 1484 laceraberis
1149 1460 1180 1483 et
1201 1451 1365 1494 spargeris.
1414 1452 1550 1487 Foedare,
1566 1450 1606 1481 de

948 1501 1100 1543 sanguine
1121 1501 1365 1532 vulneratorum.
1410 1499 1525 1541 Virgil.
1550 1501 1609 1531 AE-

948 1551 1032 1582 neid.
1042 1551 1074 1582 ii.
1087 1550 1333 1592 492-foedantem
1350 1552 1499 1591 sanguine
1513 1550 1608 1591 ignes.

950 1601 1023 1636 Sub,
1047 1600 1091 1636 in,
1109 1600 1244 1635 tenebris,
1267 1604 1303 1629 ut
1325 1598 1377 1629 vii.
1394 1599 1424 1628 2.
1439 1599 1492 1628 sub
1515 1604 1611 1629 nocte.

948 1649 987 1680 In
1002 1651 1055 1680 sub
1069 1650 1196 1680 tenebris
1210 1650 1315 1679 vidisse
1329 1647 1409 1679 inest
1423 1657 1567 1679 acumen.

992 1699 1066 1730 527.
1112 1698 1273 1738 Responsa,
1302 1696 1502 1728 vaticinium:
1540 1696 1612 1728 vide

949 1754 990 1785 ad
1013 1765 1077 1785 ver.
1094 1754 1167 1784 340.
1212 1754 1370 1795 Aguntur,
1384 1757 1531 1783 eventum
1555 1752 1610 1784 ha-

948 1804 1038 1835 bent.
1068 1803 1159 1833 Idem
1176 1808 1223 1833 est
1238 1802 1455 1842 alterumfides
1466 1803 1612 1842 sequitur.

992 1854 1071 1884 528.
1096 1853 1199 1888 Adest,
1223 1862 1336 1894 nempe
1352 1861 1369 1882 e
1392 1850 1503 1892 Lydia.
1548 1851 1612 1882 Eu-

948 1902 1040 1944 ripid.
1063 1902 1139 1932 234.
1185 1901 1302 1932 Thebis
1332 1900 1480 1931 mulieres
1508 1900 1612 1942 coegit

946 1950 1120 1992 βακχεύειν
1134 1950 1168 1981 ἐν
1179 1951 1227 1991 τῷ
1244 1950 1431 1991 Κιθαιρῶνι.
1461 1948 1610 1991 Apollod-

948 2000 1061 2031 Noster
1084 1998 1246 2030 brevitatis
1269 1998 1371 2030 studio
1395 1998 1500 2029 statim
1513 1997 1610 2038 ¹iri-uit

947 2051 979 2081 in
1008 2049 1109 2091 ipsum
1139 2048 1306 2080 fremitum.
1350 2047 1428 2089 Agri
1452 2048 1610 2089 fremunt,

947 2098 1114 2141 βρέμουσι,
1131 2098 1261 2128 verbum
1283 2096 1439 2139 proprium
1464 2096 1503 2128 de
1526 2097 1610 2129 Bac-

947 2148 1124 2183 chantibus‚
1137 2147 1219 2178 unde
1233 2146 1378 2177 Bacchus
1387 2147 1535 2188 Βρόμιος;
1547 2147 1612 2179 vid.

949 2198 1080 2238 Longin.
1106 2208 1160 2229 xv.
1185 2197 1217 2227 6.
1279 2196 1463 2232 Ululatibus,
1487 2195 1608 2237 ἰαχαίς,

949 2247 1158 2289 ὀλολυγμοῖς.
1206 2245 1278 2287 Ipse
1301 2244 1421 2276 Bacch.
1436 2245 1475 2276 de
1491 2255 1534 2281 se,
1546 2246 1610 2276 Eu-

948 2296 1007 2338 rip.
1024 2306 1086 2326 ver.
1099 2296 1154 2326 24.
1168 2294 1293 2325 Thebas
1310 2293 1342 2324 in
1357 2294 1482 2325 Graecia
1495 2294 1611 2336 primas

948 2344 1154 2381 ἀνωλόλυξα,
1173 2343 1296 2375 ululatu
1318 2343 1482 2385 complevi.
1527 2343 1611 2375 Nam

951 2394 1122 2430 ὀλολύζειν
1137 2399 1168 2424 et
1188 2394 1320 2428 ululare,
1336 2393 1431 2423 etiarn
1452 2403 1515 2434 prae
1530 2403 1609 2434 gau·

951 2443 1002 2474 dio
1017 2444 1194 2474 exclamare
1217 2448 1248 2473 et
1262 2441 1394 2477 ululare,
1409 2441 1464 2472 sed
1479 2440 1518 2472 de
1534 2441 1609 2473 furi-

950 2492 1055 2523 bundo
1068 2490 1297 2522 bacchantium
1309 2490 1443 2520 clamore
1458 2489 1489 2520 in
1503 2490 1610 2532 primis

951 2541 1074 2572 dicitur.
1123 2541 1289 2571 L'lnlabant
1308 2545 1412 2570 autem
1428 2549 1519 2570 voces
1538 2539 1607 2576 has,

953 2591 1032 2622 Εὐοῖ
1060 2589 1180 2630 Βάκχε,
1206 2590 1230 2620 ὦ
1251 2587 1378 2629 Ἰακχε,
1401 2588 1455 2620 Ἰὼ
1487 2587 1606 2630 Βάκχε,

954 2639 1033 2671 Ebot
1054 2638 1165 2679 σαβοῖ,
1185 2638 1267 2669 unde
1290 2637 1413 2673 εὐάζειν
1435 2638 1475 2668 τὰ
1497 2637 1606 2679 ὄργια,

949 2690 1032 2730 quod
1051 2687 1140 2729 Virg.
1157 2687 1287 2718 AEneid.
1305 2687 1347 2717 vi.
1365 2687 1439 2718 517.
1459 2686 1605 2723 reddidit,

949 2750 1035 2769 evare
1043 2740 1138 2780 orgia,
1148 2738 1168 2769 i.
1179 2747 1206 2769 e.
1216 2736 1337 2769 evando
1343 2736 1500 2768 celebrare
1510 2735 1607 2778 orgia:
