1763 3181
212 189 292 229 454
604 187 654 227 Ρ.
684 186 895 227 OVIDll
932 185 1211 227 NASONIS

218 302 405 364 Mergit
428 303 475 348 in
497 317 592 348 aere
617 316 738 348 cavo
758 317 767 348 :
808 301 1095 347 minuuntur
1120 301 1338 363 corporis
1361 307 1495 347 artus
1514 319 1523 355 ;

218 379 520 440 Cornuaque
546 377 765 432 exuitur,
793 392 883 423 nec
909 392 1007 423 non
1034 392 1147 423 cum
1167 377 1400 424 cornibus
1420 392 1604 431 annos;

219 455 286 501 Et
310 461 450 501 tener
475 453 673 500 auditur
694 452 858 500 medio
885 453 1081 499 balatus
1107 453 1283 500 aheno.

219 531 265 578 N
271 547 326 578 ec
344 547 480 578 mora
497 549 507 587 ;
537 531 757 577 balatum
776 529 971 576 miranti
981 529 1090 586 buS‚
1110 529 1251 576 exilit
1271 545 1452 592 agnus3
1514 532 1612 576 320

219 608 537 670 Lascivitque
562 607 695 669 fuga,
723 607 1064 669 lactantiaque
1090 607 1244 654 ubera
1265 606 1459 668 quaerit.

219 685 541 747 Obstupuere
567 690 686 730 satae
713 683 881 740 Pelia;
923 684 1268 746 promissaque
1294 690 1559 746 postquam

222 761 512 808 Exhibuere
537 761 704 815 fidem,
731 767 837 808 tum
863 775 976 807 vero
1003 759 1276 822 impensius
1302 759 1503 806 instant.

217 838 314 884 Ter
332 839 456 900 juga
481 836 706 884 Phoebus
732 837 894 900 equis,
923 837 972 883 in
999 836 1145 884 Ibero
1171 836 1365 899 gurgite
1391 836 1583 889 mersis,

220 915 545 977 Dempserat3
576 922 626 960 et
637 920 818 976 quarta
832 913 1231 960 radiantianocte
1242 912 1493 960 micabant
1517 914 1613 958 325

221 991 422 1047 Sidera;
463 1007 619 1054 quum
643 990 817 1054 rapido
840 990 993 1037 fallax
1020 989 1207 1037 AEetias
1232 989 1335 1051 igni

218 1068 438 1131 Imponit
462 1084 639 1131 purum
663 1067 881 1123 laticem,
909 1074 959 1115 et
984 1068 1091 1114 sine
1115 1065 1301 1113 viribus
1328 1065 1522 1112 herbas.

221 1144 438 1206 Jamque
464 1144 574 1191 neci
602 1143 792 1200 similis,
820 1144 1037 1191 resoluto
1062 1159 1285 1206 corpore,
1313 1158 1497 1204 regem,

223 1221 289 1268 Et
312 1237 426 1267 cum
452 1236 568 1282 rege
594 1236 684 1267 suo
710 1220 944 1267 custodes
971 1236 1174 1266 somnus
1196 1219 1430 1274 habebat,

224 1297 388 1351 Quem
399 1297 642 1344 dederant
652 1304 845 1354 cantus,
858 1297 1169 1360 magicaeque
1180 1295 1404 1360 potentia
1418 1295 1615 1357 linguae.

222 1372 479 1420 Intrarant
497 1375 652 1436 jussae
677 1390 793 1420 cum
820 1375 1063 1422 Colchide
1084 1375 1255 1421 limina
1278 1380 1435 1429 natae;
1521 1375 1613 1419 331

222 1449 620 1514 Ambierantque
643 1458 822 1499 torum.
871 1457 903 1476 “
925 1451 1059 1506 Quid
1078 1467 1210 1499 nunc
1229 1450 1470 1498 dubitatis
1492 1448 1618 1495 iner-

420 1532 497 1574 tes
514 1527 532 1573 ἲ
1434 1527 1589 1587 [orem
1609 1542 1619 1580 ;

229 1602 518 1664 Stringite,”
545 1603 630 1658 ait,
665 1604 925 1666 “gladios3
954 1611 1275 1667 veteremque
1294 1603 1487 1650 haurite
1511 1618 1620 1649 cru-

227 1677 297 1724 Ut
321 1679 539 1742 repleam
560 1695 742 1727 vacuas
762 1681 969 1743 juvenili
996 1680 1238 1743 sanguine
1262 1697 1430 1728 venas.

266 1844 339 1874 318.
373 1844 503 1884 Annos]
540 1845 690 1875 Debebat
720 1845 835 1883 dicere,
860 1855 892 1877 et

222 1892 343 1932 reliqua
360 1893 528 1924 senectutis
541 1893 648 1934 signa3
664 1894 719 1924 sed
732 1895 892 1935 ingeniose

222 1941 307 1982 loqui
318 1941 426 1972 voluit.
475 1942 584 1978 Tener,
598 1942 701 1984 qualis
713 1949 761 1974 est
774 1950 804 1975 et
820 1944 893 1986 agni

223 1996 333 2021 teneri.

267 2040 340 2070 320.
362 2039 488 2080 Exilia]
517 2040 612 2071 Bene.
659 2041 763 2071 Etiam
793 2041 894 2083 Hygi-

226 2098 296 2123 nus,
313 2090 395 2119 uncle
410 2101 509 2129 agnus
529 2091 750 2128 pulcherrimus
768 2093 894 2130 prosilu-

224 2135 278 2166 isse
304 2139 383 2167 visus
409 2143 473 2168 est.-
511 2138 566 2169 sed
593 2139 677 2180 apud
705 2139 892 2170 Pausaniam

225 2185 412 2216 extrahitur.
460 2187 624 2223 Laseivire,
643 2189 730 2218 laetos
751 2194 782 2219 et
804 2194 892 2230 petu-

223 2234 324 2264 lantes
334 2239 435 2265 motus
445 2234 581 2266 indicat:
600 2236 794 2273 Lactantius,
806 2237 890 2279 Opis.

224 2281 287 2312 xiv.
312 2283 342 2313 6.
366 2284 521 2314 lasciviora
550 2287 723 2322 animalia;
748 2285 892 2317 similiter

225 2331 394 2367 luxuriare,
411 2333 486 2362 AEn.
512 2332 554 2363 xi.
576 2334 650 2364 497.
699 2335 797 2376 Fuga,
820 2346 890 2366 cur-

224 2389 287 2409 sus.
321 2380 470 2411 Heinsius
482 2381 692 2424 malitfugax.
725 2384 889 2414 Promissa·

224 2438 289 2467 que,
306 2433 366 2460 etc.
380 2429 596 2470 experimento
613 2430 667 2462 illo
682 2432 838 2473 promissis
854 2433 888 2462 fi-

223 2476 279 2507 des
295 2476 378 2508 sacta
393 2483 450 2508 est.

269 2526 344 2556 324.
379 2526 464 2556 Ibero
492 2530 627 2570 gurgite,
654 2529 783 2560 Oceano
807 2530 887 2561 occi-

226 2572 344 2605 dentati
368 2578 452 2605 trans
467 2576 602 2607 Iberiam
625 2588 679 2608 seu
694 2578 890 2620 Hispaniam.

227 2621 325 2653 Modo
347 2634 406 2654 non
422 2625 541 2666 vulgari
558 2626 695 2658 triduum
717 2629 890 2659 exornavit.

227 2671 288 2701 Hic
304 2682 427 2714 quoque
448 2675 552 2706 omnia
572 2687 609 2706 ex
624 2676 746 2717 legibus
761 2678 890 2719 magicis

228 2719 315 2756 fiunt,
335 2727 390 2757 ter,
405 2730 505 2758 noctu,
522 2727 663 2755 micantia
679 2729 785 2757 sirim-a.
811 2727 888 2757 Vul-

959 1857 998 1888 go
1014 1847 1148 1877 dabatur
1165 1847 1249 1877 Ibero
1263 1846 1408 1888 flumine,
1425 1845 1508 1887 quod
1530 1851 1561 1876 et
1576 1844 1623 1886 ip-

959 1907 1028 1926 sum
1041 1895 1166 1926 defendi
1184 1906 1272 1937 posse
1288 1906 1304 1925 e
1318 1894 1455 1930 Tibullo,
1469 1894 1514 1924 11.
1530 1893 1570 1924 vi.
1587 1894 1625 1931 23

960 1945 1024 1975 III.
1049 1945 1091 1974 iv.
1122 1945 1172 1974 18.
1200 1944 1348 1974 Heinsius
1373 1943 1475 1974 docet.
1519 1941 1625 1973 Nostri

961 1994 1249 2035 quoque,flumine.
1291 1993 1482 2029 Rudinum,-
1500 1991 1570 2022 vide
1584 1990 1624 2022 ad

961 2042 996 2072 ii.
1011 2044 1042 2074 4.

1006 2091 1082 2122 326.
1116 2093 1225 2124 Fallax
1253 2092 1386 2127 AEetias;
1423 2090 1542 2121 Medea
1569 2089 1626 2120 fal-

961 2140 1045 2171 lendi
1063 2140 1172 2181 perita.
1219 2141 1269 2171 De
1282 2142 1388 2180 rapido
1404 2143 1482 2181 igne,
1499 2139 1570 2169 vide
1583 2138 1624 2169 ad

960 2189 992 2220 ii.
1023 2190 1095 2220 123.
1144 2190 1286 2219 Resoluta
1310 2200 1450 2229 corpore5
1485 2187 1555 2218 vide
1585 2188 1623 2218 ad

960 2249 1082 2269 versum
1124 2240 1195 2269 185.
1257 2238 1405 2275 Habebat,
1442 2248 1622 2280 oppressum

959 2288 1099 2318 tenebat.
1161 2288 1278 2318 Cantus
1306 2292 1338 2317 et
1373 2289 1480 2329 lingua
1514 2286 1625 2317 eodem

958 2337 1101 2373 redeunt,
1116 2342 1160 2373 ut,
1180 2347 1268 2368 versu
1292 2337 1368 2368 203.
1393 2339 1479 2368 cerba
1503 2341 1535 2367 et
1557 2347 1624 2367 car-

959 2396 1034 2415 men.

1000 2435 1073 2464 332.
1114 2434 1219 2469 Nunc,
1259 2445 1355 2475 quum
1393 2434 1558 2465 manifesta
1594 2440 1626 2464 et

956 2483 1087 2524 probata
1119 2483 1185 2524 jam
1220 2483 1259 2514 sit
1296 2483 1342 2514 vis
1379 2483 1622 2514 medicaminum

957 2541 1094 2562 meorum
1123 2542 1161 2562 ex
1195 2532 1289 2563 ariete
1320 2532 1352 2562 in
1385 2542 1499 2574 agnum
1528 2543 1628 2562 verso.

959 2580 1075 2611 Bunru.
1121 2580 1190 2611 Nisi
1203 2581 1293 2612 malis
1308 2587 1429 2623 putare,
1442 2592 1534 2615 nuuc,
1547 2591 1619 2611 con-

958 2634 1065 2670 specto
1079 2635 1180 2671 patre,
1194 2630 1356 2662 abhorrere
1372 2631 1504 2672 coepisse
1521 2641 1539 2661 a
1554 2630 1622 2661 vul-

959 2688 1029 2708 nere
1067 2678 1250 2720 infligendo.
1306 2680 1440 2711 Haurite
1475 2691 1620 2711 cruorem.

962 2726 1042 2757 Vide
1058 2727 1096 2757 ad
1116 2726 1178 2758 xiii.
1192 2729 1265 2758 331.
