1729 3207
264 195 352 237 DE
384 193 599 235 OPERE
633 192 1283 234 METAMORPHOSEON.
1336 194 1469 234 xxxiii

85 325 167 365 que
194 310 293 351 inde
321 307 630 363 Polyphemum
662 308 811 348 abesse
833 306 979 355 voluit,
1011 308 1065 347 ab
1087 307 1278 348 Homero
1306 315 1348 348 et
1370 307 1468 348 Vir-

84 388 185 444 gilio
205 388 306 429 locis
330 387 565 442 insignibus
592 393 797 426 notatum.
861 385 1063 426 Similiter
1083 386 1126 425 in
1146 386 1318 440 magicis
1339 387 1467 426 rebus

83 467 329 508 enarrandis
368 465 610 513 Horatium,
641 463 883 519 Virgilium,
919 471 963 504 et
999 463 1235 513 Tibullum,
1269 465 1312 504 in
1344 465 1468 504 variis

84 547 281 589 aetatibus
301 546 380 587 hos
407 546 515 586 duos
535 551 787 600 postremos,
805 551 848 584 et
869 543 1109 584 Hesiodum
1129 543 1333 597 respexit.
1395 540 1468 582 Ad

85 625 254 680 Virgilii
285 624 580 666 auctoritatem
607 623 734 664 etiam
762 621 931 676 Orphei
963 636 1017 662 ex
1046 621 1264 675 Eurydice
1291 620 1467 668 luctum,

84 704 266 745 «Iunonis
297 702 533 758 soliloquia,
565 710 608 743 et
639 703 892 743 descensum
923 708 1008 741 tam
1036 701 1090 740 ad
1119 699 1238 740 Deos
1269 700 1467 747 marinos,

84 797 211 838 quam
242 782 296 823 ad
324 782 497 830 inferos,
520 781 750 822 inferorum
777 781 965 834 ipsorum
993 778 1333 828 delineationem,
1356 779 1471 819 Dea-

83 875 177 902 rum
197 859 601 908 transformationes,
616 860 771 914 quibus
788 857 963 899 fallendi
979 873 1106 899 causa
1122 857 1274 902 anilem
1295 857 1471 898 formam

84 946 335 988 sumserant,
365 938 586 979 fulminum
613 937 732 978 Jovis
765 937 1126 992 compositionem,
1155 937 1270 977 canis
1291 936 1471 977 venatici

84 1019 127 1058 in
159 1017 304 1072 lepore
341 1015 640 1072 persequendo
670 1014 952 1063 velocitatem,
987 1014 1138 1055 multas
1176 1013 1470 1055 similitudines

84 1097 398 1151 sententiasque
429 1094 678 1149 composuit.
742 1093 792 1133 In
828 1092 986 1133 diluvio
1020 1092 1313 1134 Deucalioneo
1341 1091 1471 1133 lineas

83 1176 287 1230 quasdam
303 1190 357 1216 ex
378 1174 561 1215 Horatio
581 1174 719 1222 duxit,
741 1173 1019 1228 eumdemque
1042 1172 1217 1221 effinxit,
1240 1187 1370 1226 quum
1390 1172 1473 1212 vim

84 1261 233 1296 cantus
255 1253 437 1309 Orphici
464 1253 580 1308 apud
603 1253 759 1294 inferos
788 1252 980 1293 referret.
1045 1252 1156 1292 Sunt
1184 1260 1227 1292 et
1255 1250 1336 1292 alia
1362 1250 1471 1298 loca,

85 1335 128 1376 in
148 1334 304 1388 quibus
325 1349 349 1374 a
371 1332 575 1374 Lucretio
596 1340 725 1387 atque
746 1331 923 1373 Tibullo
944 1331 1164 1386 pependit.
1217 1330 1267 1370 In
1289 1330 1473 1371 carmine

85 1413 305 1468 pastoritio
328 1411 582 1466 Polyphemi
603 1411 689 1451 xiii.
714 1411 797 1450 789
818 1425 909 1464 sqq.
935 1409 1216 1450 Theocritum
1245 1414 1343 1449 ante
1374 1422 1474 1449 ocu-

85 1492 147 1533 los
173 1491 337 1533 habuit.
398 1489 618 1532 Nonnulla
643 1490 792 1530 sumsit
819 1490 872 1530 ab
902 1488 1134 1543 Euripide:
1167 1502 1306 1542 neque
1334 1494 1475 1527 tamen

86 1571 323 1626 putandum
358 1578 437 1619 est,
466 1585 612 1625 presso
647 1584 744 1610 eum
774 1569 886 1624 pede
927 1576 1121 1609 auctores
1156 1566 1248 1608 illos
1284 1572 1475 1607 secutum

87 1665 195 1700 esse,
217 1651 292 1691 sed
319 1651 378 1691 ita
400 1665 472 1691 eos
496 1650 701 1704 respexit,
724 1656 772 1690 ut
794 1648 930 1689 solent
954 1646 1160 1702 praeclara
1179 1645 1351 1700 ingenia
1377 1643 1477 1685 alio-

88 1745 180 1771 rum
209 1730 378 1771 inventa
411 1730 455 1770 in
491 1745 613 1770 suum
640 1745 762 1771 usum
804 1735 1063 1769 convertere.
1126 1725 1176 1765 In
1215 1722 1476 1778 Tisiphones

86 1809 238 1850 habitu
258 1807 540 1849 describendo
561 1808 613 1848 iv.
633 1808 730 1855 480,
753 1805 1013 1847 concertavit
1030 1819 1125 1845 cum
1141 1801 1340 1857 Virgilio,
1363 1815 1478 1842 eum-

88 1902 171 1942 que
202 1887 310 1928 adeo
345 1887 583 1941 superavit:
617 1894 659 1926 et
695 1900 791 1939 quae
827 1883 895 1925 ille
933 1884 986 1924 de
1022 1882 1177 1922 lumine
1209 1895 1286 1934 per
1321 1887 1476 1920 terram

87 1967 229 2008 fissam
256 1967 299 2007 in
326 1973 483 2008 tartara.
507 1971 758 2020 penetrante
787 1963 925 2004 obiter
950 1968 1130 2008 tantum,
1152 1958 1477 2012 comparationis

89 2060 229 2094 causa,
257 2045 439 2094 dixerat,
470 2059 520 2085 ea
552 2044 714 2084 Noster
735 2058 772 2082 v.
796 2043 881 2083 356
909 2057 999 2096 sqq.
1030 2039 1162 2081 multo
1197 2037 1345 2079 melius
1382 2052 1478 2078 cum

91 2125 296 2174 Homero,
324 2125 398 2179 qui
430 2124 556 2165 etiam
582 2121 766 2177 Virgilio
799 2121 1041 2175 praeiverat,
1067 2117 1278 2159 adhibuit.
1343 2116 1479 2169 Supe-

90 2211 208 2246 ratur
231 2203 404 2258 quidem
424 2202 496 2243 xii.
525 2203 575 2243 12
598 2216 689 2256 sqq.
714 2202 757 2240 in
781 2199 928 2240 fabula
949 2199 1002 2239 de
1024 2198 1209 2238 dracone
1229 2196 1273 2235 in
1293 2194 1480 2247 lapidem

91 2289 253 2323 mutato
274 2283 328 2323 ab
349 2281 561 2329 Homero3
586 2279 659 2320 sed
682 2279 764 2318 viii.
789 2278 885 2318 738.
904 2277 947 2316 in
964 2274 1270 2316 Erisichthone
1291 2272 1479 2313 notando

93 2361 284 2415 superior
305 2358 581 2406 Callimacho,
604 2364 718 2398 certe
743 2371 829 2397 non
853 2356 1053 2403 deterior,
1076 2354 1302 2408 reperitur.
1366 2350 1481 2391 Lau-

93 2439 190 2480 dem
215 2438 345 2493 igitur
366 2445 410 2479 et
429 2439 472 2478 in
493 2437 583 2478 aliis
604 2436 817 2477 imitandis
836 2442 1041 2476 meretur:
1065 2447 1204 2486 neque
1225 2445 1325 2472 vero
1344 2430 1480 2469 inven-

94 2517 217 2558 tionis
237 2517 371 2572 gloria
391 2531 487 2558 eum
507 2516 706 2557 fraudare
727 2515 864 2556 decet.
919 2513 1091 2554 Etenim
1112 2525 1208 2565 quae
1230 2510 1284 2550 ad
1306 2507 1482 2548 aliorum

94 2596 366 2637 imitationem
410 2596 661 2651 composuit,
702 2610 752 2636 ea
795 2594 1006 2635 minimam
1056 2588 1299 2644 amplissimi
1339 2586 1481 2640 operis

94 2673 220 2728 hujus
248 2681 410 2729 partem
440 2674 642 2723 efficiunt,
674 2689 805 2728 quum
831 2674 1051 2713 innumera
1080 2670 1173 2710 loca
1200 2667 1323 2708 variis
1352 2665 1483 2705 virtu-

96 2752 208 2792 tibus
229 2753 396 2802 eximia,
419 2753 637 2793 innumera
658 2752 875 2807 figmenta,
896 2750 1091 2806 plurima-3
1120 2744 1481 2801 amplificationes,

155 2844 251 2871 voL.
276 2845 339 2871 111.
1120 2841 1142 2865 e
