1729 3207
276 190 363 232 DE
396 191 612 233 OPERE
644 191 1295 233 METAMORPHOSEON.
1362 208 1476 233 xxxv

94 310 258 352 natura,
296 311 358 354 ut,
394 306 469 346 ubi
508 306 733 347 scribendo
770 305 1051 355 incaluerunt,
1086 305 1197 347 illico
1237 321 1381 347 omnes
1417 308 1477 347 rei

92 383 326 424 tractandae
359 392 518 438 parteS,
550 400 694 426 earum
724 401 880 428 nexum
914 386 1226 440 verborumque
1261 385 1476 426 involucra

89 461 270 502 maxime
296 462 450 504 idonea
469 463 696 506 clarissime
713 464 986 519 perspiciant.
1048 463 1162 505 Hinc
1180 463 1251 504 illa
1255 464 1473 519 facilitas,

87 554 184 594 quae
203 541 378 583 mirifice
398 543 555 598 scripta
578 544 858 592 commendat,
880 543 1035 597 quibus
1057 542 1284 584 oblectatio
1305 543 1473 597 potissi-

88 633 202 660 mum
233 621 458 674 quaeritur:
496 623 687 664 eamdem
717 630 760 664 et
793 637 871 678 per
901 629 1037 682 totum
1074 621 1333 662 Ovidianum
1368 635 1474 675 opus

90 696 267 739 effusam
295 699 505 751 videmus3
545 702 589 742 in
628 701 788 743 nullum
822 702 933 743 enim
963 702 1187 743 incidimus
1217 700 1370 750 locum,
1402 701 1475 755 qui

90 776 263 827 vultum,
285 785 332 819 ut
357 779 416 820 ita
446 780 597 830 dicam,
619 781 791 821 nitentis
811 780 990 829 habeat;
1024 780 1099 821 sed
1121 780 1260 820 omnia
1281 787 1475 834 apparet,

90 858 335 907 sententias,
357 859 500 907 verba,
522 859 727 914 imagines
748 866 791 900 et
812 859 976 914 reliqua
996 866 1257 908 ornamenta,
1276 866 1475 912 tanquam

88 937 355 991 apparitores
377 939 680 992 paratissimos,
701 938 903 978 scribenti
926 945 1085 992 praesto
1106 937 1250 977 fuisse.
1314 936 1476 977 Verum

87 1014 171 1056 tale
192 1016 350 1071 ingenii
370 1016 527 1058 flumen
541 1016 797 1058 lutulentum
810 1017 1021 1057 interdum
1038 1016 1239 1064 decurrit,
1257 1023 1476 1069 sortesque

88 1094 310 1136 nonnullas
342 1110 484 1137 secum
510 1096 640 1145 vehit,
668 1111 774 1150 quas
801 1110 903 1136 cura
934 1095 1121 1135 secunda
1150 1093 1298 1135 tollere
1331 1094 1474 1135 debet.

88 1174 249 1215 Nostro
277 1181 417 1216 autem
441 1189 518 1229 per
549 1174 636 1215 fata
660 1189 745 1215 non
774 1173 895 1215 licuit
918 1180 1165 1222 retractare,
1188 1188 1285 1227 quae
1314 1173 1474 1227 primus

86 1254 244 1309 ingenii
268 1254 453 1308 impetus
474 1254 666 1304 fuderat;
699 1254 808 1295 forte
829 1259 872 1294 et
894 1253 938 1293 in
959 1252 1214 1306 quibusdam
1235 1252 1476 1306 corrigendi

86 1332 280 1373 voluntas
311 1332 538 1374 defuisset:
575 1333 718 1386 itaque
750 1331 818 1372 hic
851 1330 935 1372 illic
970 1337 1214 1380 occurrunt,
1250 1346 1346 1385 quae
1382 1332 1475 1385 quis

88 1411 254 1454 sublata
273 1420 346 1453 aut
367 1412 590 1453 emendata
611 1411 724 1452 velit.
777 1411 909 1451 Insita
929 1411 967 1451 ei
995 1425 1122 1464 porro
1150 1417 1243 1451 erat
1262 1410 1394 1451 virtus
1416 1410 1477 1451 in-

86 1493 200 1547 genii
231 1507 296 1542 ea,
324 1507 420 1547 quae
449 1498 648 1533 externas
682 1490 947 1545 potissimum
982 1504 1124 1530 rerum
1159 1488 1313 1530 formas
1342 1490 1477 1530 consi-

87 1571 223 1621 derat,
245 1571 483 1625 acriterque
506 1571 648 1619 sentit,
662 1571 705 1610 in
725 1570 774 1610 iis
795 1569 945 1617 haeret,
963 1583 1059 1622 quae
1080 1575 1203 1623 grata
1220 1575 1318 1608 sunt
1337 1568 1475 1609 animo

87 1658 161 1692 aut
180 1652 361 1706 ingrata,
383 1650 620 1705 phantasiae
642 1664 723 1704 ope
744 1648 908 1696 nititur,
931 1648 1110 1702 ejusque
1133 1662 1155 1688 e
1177 1662 1291 1701 penu
1313 1646 1475 1688 colores

86 1731 209 1785 petit,
248 1731 404 1785 quibus
443 1745 531 1771 rem
569 1729 831 1784 propositam
865 1727 1084 1767 illuminet.
1151 1725 1260 1780 Ejus
1293 1726 1475 1775 virtutis,

87 1825 214 1865 quam
234 1810 387 1851 Nostri
412 1811 490 1850 deu
519 1810 629 1850 Wz'tz
649 1812 817 1857 vocant,
841 1806 1046 1861 exemplis
1071 1807 1262 1847 abundat
1283 1806 1364 1848 hoc
1386 1822 1476 1848 car-

86 1904 205 1939 men3
239 1890 293 1930 ab
323 1903 458 1943 eaque
491 1889 583 1943 ejus
623 1895 772 1930 auctor
810 1887 1042 1929 eminenter
1077 1886 1315 1941 ingeniosus
1348 1893 1477 1940 poeta

86 1974 274 2009 vocatur.
336 1967 472 2009 Modo
492 1982 576 2008 non
597 1968 862 2024 argutiarum
883 1967 1083 2015 studium,
1100 1966 1331 2006 acuminum
1351 1981 1476 2006 vena-

86 2046 146 2087 tio
172 2053 216 2087 et
239 2047 479 2102 petulantia
510 2047 707 2101 quaedam
741 2047 867 2087 animi
902 2061 999 2087 eum
1033 2045 1190 2100 passim
1227 2046 1476 2087 avertissent

88 2125 142 2166 ab
163 2139 228 2174 eo,
243 2125 359 2179 quod
374 2131 537 2165 rectum
557 2131 621 2165 est
637 2131 679 2165 et
695 2139 853 2165 verum.
903 2123 1001 2164 Illas
1019 2130 1160 2164 autem
1176 2124 1334 2179 ingenii
1353 2124 1475 2165 dotes

89 2203 291 2244 doctrinae
319 2202 504 2244 liberalis
532 2203 691 2257 pabulo
718 2203 896 2252 aluerat,
918 2202 1099 2244 lectione
1120 2210 1341 2244 auctorum
1368 2218 1476 2258 prae-

88 2282 452 2330 stantissimorum‚
484 2289 706 2336 poetarum
740 2283 784 2323 in
818 2283 979 2338 primis,
1020 2281 1398 2324 declamationibus
1433 2284 1475 2324 in

89 2360 243 2401 scholis
264 2360 498 2409 rhetorum,
519 2368 647 2415 atque
669 2362 963 2403 observatione
988 2376 1151 2402 morum
1172 2369 1215 2402 et
1239 2361 1475 2402 studiorum

88 2438 381 2478 humanorum.
443 2438 593 2494 Itaque
621 2440 798 2480 scientia
817 2440 987 2494 vigebat
1010 2439 1259 2481 elocutionis
1280 2440 1473 2494 poeticae,

89 2516 367 2570 antiquitatis,
397 2517 523 2558 animi
555 2518 743 2569 humani,
774 2534 1004 2574 earumque
1036 2534 1192 2568 rerum,
1217 2519 1373 2573 quibus
1405 2517 1474 2558 ille

88 2595 386 2650 persuadetur,
409 2596 659 2648 delectatur,
675 2606 881 2640 movetur,
944 2598 1014 2640 Sic
1035 2613 1138 2653 ergo
1160 2605 1203 2639 et
1223 2613 1247 2639 a
1261 2604 1414 2637 natura
1433 2603 1476 2637 et

90 2680 242 2728 suopte
264 2675 405 2716 studio
426 2675 631 2717 formatus
656 2677 832 2718 accessit
857 2676 912 2717 ad
937 2691 1045 2731 opus
1067 2674 1475 2729 Metamorphoseon

89 2753 370 2796 condendum.
