1763 3181
401 168 1019 213 METAMORPHOSEON
1052 168 1172 210 LIB.
1205 168 1296 209 ΙΙΙ.

1455 170 1538 211 251

225 287 314 335 VI.
344 287 559 350 Cognita
573 302 650 334 res
666 285 892 333 meritam
908 285 1006 332 vati
1025 301 1112 348 per
1123 284 1376 331 Achaidas
1390 285 1538 332 urbes

158 365 409 413 Attulerat
432 364 640 421 faniam3
669 378 949 426 nomenque
975 369 1080 409 erat
1104 362 1302 424 auguris
1328 361 1502 424 ingens
1524 381 1534 419 ;

161 442 362 506 Spernit
383 440 684 488 Echionides
710 446 877 487 tamen
901 439 1050 495 hunc,
1068 455 1132 486 ex
1157 439 1386 486 omnibus
1412 455 1539 485 unus

163 519 488 583 Contemptor
503 519 765 582 Superum,
780 517 1037 564 Pentheus
1052 535 1062 573 ;
1078 532 1403 580 praesagaque
1413 516 1543 563 ridet

159 595 325 643 Verba
343 595 497 652 senis3
520 595 855 657 tenebrasque
872 600 921 640 et
938 593 1129 640 cladem
1146 593 1272 640 lucis
1294 593 1540 656 ademptae

163 672 378 735 Objicit:
420 673 501 719 ille
527 689 728 719 movens
749 671 969 718 albentia
992 659 1217 735 tempora
1240 671 1393 726 canis,
1444 674 1539 718 516

161 755 192 773 “
219 749 380 803 Quam
405 750 524 797 felix
549 766 702 805 esses,
731 750 771 796 si
796 756 849 796 tu
876 765 1076 812 quoque
1100 748 1299 796 luminis
1324 748 1472 811 hujus

202 905 386 935 511—733.
427 905 555 947 Cognita
588 916 634 935 res
667 907 814 941 meritam,

160 954 240 994 etc.]
271 955 428 991 Bacchus,
453 966 594 987 emensus
616 956 731 986 multas
755 961 814 986 ter-

158 1013 218 1039 ras,
244 1003 368 1034 Thebas
399 1004 494 1035 venit.
544 1004 703 1035 Pentheus
732 1015 814 1040 vero,

162 1052 309 1083 Echionis
332 1052 425 1089 filius,
446 1053 558 1084 Cadmi
579 1064 617 1084 ex
634 1053 742 1095 Agave
762 1064 815 1084 ne-

160 1112 225 1142 pos,
249 1101 299 1132 cui
326 1101 465 1133 Cadmus
491 1102 655 1144 imperium
680 1102 815 1133 tradide-

160 1155 219 1186 rat,
235 1161 332 1192 quum
350 1161 439 1182 sacra
452 1162 532 1182 nova
548 1150 688 1193 accipere
704 1152 813 1187 nollet,

160 1199 385 1241 Bacchumque
407 1200 484 1231 adeo
498 1200 672 1231 interficere
687 1211 814 1232 conare-

160 1249 414 1285 tur,dilaceratus
430 1255 477 1280 est
491 1251 531 1280 ab
543 1249 654 1291 Agave
671 1255 702 1281 et
717 1261 814 1281 soror-

162 1297 242 1335 ibus,
259 1309 337 1340 quas
357 1299 502 1330 Bacchus
524 1310 595 1330 eum
616 1299 648 1330 in
667 1300 759 1330 finem
786 1301 818 1333 in

160 1348 295 1379 furorem
319 1348 476 1390 adegerat.
511 1349 660 1380 Tractata
683 1355 730 1380 est
752 1350 818 1382 haec

162 1397 270 1428 fabula
292 1403 361 1439 post
386 1397 586 1439 AEsehylum,
617 1398 705 1441 cujus
737 1400 818 1432 Pen-

163 1446 253 1477 theus
267 1446 393 1483 interiit,
406 1447 445 1477 ab
461 1446 610 1488 Euripide
625 1446 657 1477 in
673 1448 819 1480 Bacchis.

161 1496 290 1526 Habent
305 1506 375 1527 eam
390 1496 540 1538 Apollod.
558 1496 624 1527 III.-
639 1507 670 1527 ν.
686 1498 705 1527 2
718 1509 725 1535 ;
750 1498 816 1539 Hy-

161 1545 225 1586 gin.
240 1545 303 1575 fab.
320 1546 380 1575 184
394 1557 402 1583 3
427 1545 571 1576 Philostr.
587 1545 677 1576 Icon.
694 1546 721 1577 1.
757 1547 816 1578 At-

161 1594 254 1635 tingit
277 1594 371 1625 etiam
385 1594 541 1625 Theocrit.
564 1594 614 1625 Id.
630 1595 684 1625 26.
720 1596 772 1627 Cf.
786 1602 817 1627 et

161 1643 270 1674 Senec.
281 1642 356 1674 OEd.
369 1644 552 1674 404—508.
567 1649 598 1673 et
613 1643 745 1675 similem
758 1645 818 1676 loc.

162 1692 247 1734 apud
262 1692 374 1734 virgil.
388 1694 464 1723 AEn.
480 1692 536 1723 vii.
555 1694 617 1724 385
633 1704 701 1735 sqq.
747 1695 818 1725 Sine

162 1741 256 1772 dubio
278 1741 451 1778 Pentheus,
473 1752 569 1783 quum
587 1742 721 1773 furorem
736 1744 818 1774 Bac-

162 1790 297 1826 chicum,
317 1790 371 1832 qui
395 1796 478 1821 totas
499 1790 655 1821 interdum
678 1791 820 1823 civitates

163 1839 342 1876 invadebat,
361 1850 503 1871 coercere
519 1841 625 1877 vellet,
642 1851 660 1870 a
683 1842 820 1872 Bacchis

162 1889 284 1920 occisus
304 1894 362 1920 est.
409 1890 433 1920 F
436 1890 600 1921 erociorem
621 1896 726 1921 autem
748 1902 820 1922 eum

165 1937 299 1969 Ovidius
323 1938 498 1980 descripsit,
524 1949 619 1980 quam
645 1939 820 1982 Euripides.

163 1987 293 2019 Nullam
314 1994 418 2019 autem
438 1988 737 2019 transformationem
753 1990 820 2020 haec

164 2037 230 2068 fab.
252 2036 372 2073 habet3
395 2037 503 2078 itaque
525 2038 651 2074 Noster,
672 2048 711 2068 ne
734 2038 820 2069 insti-

165 2085 224 2117 tuti
245 2085 408 2116 immemor
424 2086 593 2123 videretur,
610 2086 683 2118 inde
698 2087 738 2118 ad
755 2098 821 2118 ver-

164 2145 234 2165 sum
261 2135 336 2166 574.
365 2135 526 2166 commode
552 2134 686 2166 intexuit
717 2136 822 2168 aliam.

166 2183 236 2220 Res,
262 2183 442 2215 vaticinium
473 2183 512 2214 de
538 2184 685 2215 Narcisso
712 2185 821 2227 imple-

166 2237 254 2271 tum;
276 2235 406 2275 cognita,
426 2244 524 2274 quum
547 2239 628 2265 esset
651 2233 822 2276 divulgata.

170 2280 252 2317 Vati,
269 2281 394 2313 Tiresiae
406 2294 415 2320 3
437 2282 517 2313 redit
531 2282 614 2313 enim
629 2293 676 2319 eo,
692 2293 753 2324 quo
768 2283 822 2314 de-

166 2330 295 2362 flexerat
318 2340 455 2362 carmen.
493 2331 654 2368 Achaidas,
682 2331 822 2363 Graecas.

165 2378 261 2421 Apud
282 2379 409 2410 Homer.
429 2390 537 2411 omnes
558 2380 662 2412 Graeci
682 2380 823 2422 Ἀχαιοί.

166 2429 315 2459 Achaidas
326 2430 422 2461 urbes.
437 2430 570 2461 Achaica
583 2430 667 2471 regio
678 2435 724 2461 est
736 2430 823 2461 Grae-

166 2476 236 2514 ciae,
262 2477 475 2519 Peloponneso
502 2479 702 2510 contermina.
759 2481 824 2510 Au-

163 2529 262 2568 guris.
295 2527 398 2557 Aures
419 2527 486 2569 ejus
506 2526 551 2558 ita
569 2533 708 2569 purgatae
726 2534 825 2564 erant,

166 2582 200 2606 ut
226 2586 333 2607 omnes
357 2576 462 2607 avium
480 2587 572 2608 voces
595 2577 703 2608 auditu
726 2577 826 2618 perci-

168 2630 269 2666 peret.
316 2624 466 2667 >Apollod.
493 2626 557 2657 ΙΙΙ.
585 2625 628 2658 vi.
656 2627 686 2658 7.
731 2626 827 2669 Apud

169 2673 312 2715 Euripid.
336 2673 368 2704 d.
388 2674 410 2705 l.
431 2675 505 2706 347.
531 2674 620 2707 sedes
645 2675 752 2711 habet,
772 2674 826 2705 ubi

170 2722 389 2755 οἰωνοσκοπεῖ.
426 2724 445 2755 J
448 2734 498 2755 am
513 2725 647 2756 breviter
661 2729 749 2756 notat
764 2735 826 2755 mo-

884 915 932 935 res
948 902 1092 939 Penthei,
1109 903 1162 944 qui
1179 902 1218 933 ad
1231 902 1312 933 hanc
1327 913 1391 932 rem
1406 902 1542 944 pertine-

883 954 969 989 bant,
990 954 1179 992 Contemptor
1203 952 1370 992 Superum:
1392 963 1426 982 ex
1449 954 1542 983 omni-

884 1005 946 1039 bus,
967 1014 1004 1034 ex
1028 1003 1111 1033 omni
1133 1002 1250 1033 familia
1265 1001 1391 1032 Cadmi.
1430 1001 1543 1033 Caeteri

885 1053 1112 1083 venerabantur
1149 1051 1312 1082 Bacchum
1331 1063 1337 1080 ι
1374 1050 1440 1081 vid.
1476 1062 1542 1083 ver.

884 1103 957 1133 564.
1006 1102 1153 1137 Tenebrae,
1177 1106 1211 1131 ut
1238 1100 1363 1137 σκότος,
1388 1100 1428 1131 de
1451 1100 1542 1131 caeci-

885 1156 961 1182 tate.
1002 1152 1134 1186 Cladem,
1148 1150 1310 1185 damnum,
1330 1149 1413 1190 quod
1435 1160 1545 1192 passus

882 1206 960 1236 erat,
978 1200 1049 1231 luce
1072 1199 1233 1241 adempta.
1278 1198 1379 1229 Aliter
1394 1199 1544 1230 Tiresiam

883 1249 1025 1291 increpat
1040 1249 1123 1291 apud
1139 1248 1281 1290 Euripid.
1297 1249 1359 1279 255
1372 1259 1444 1290 sqq.

930 1300 1003 1330 516.
1034 1298 1186 1337 Monens]
1219 1298 1327 1328 Motus
1357 1302 1388 1328 et
1416 1297 1544 1338 agitatio

886 1347 997 1389 capitis
1020 1348 1143 1388 signum
1165 1346 1399 1386 indignationis.
1434 1346 1546 1378 Movet

887 1403 989 1428 autem
1016 1396 1151 1427 Tiresias
1189 1403 1329 1435 tempora,
1359 1401 1390 1426 et
1419 1395 1546 1437 quidem

886 1446 1007 1477 senilia.
1052 1445 1113 1476 Sed
1143 1445 1175 1476 id
1202 1444 1350 1486 graphice
1383 1445 1546 1486 expressit,

887 1496 1021 1526 albentia
1043 1496 1136 1531 canis,
1154 1500 1293 1535 tempora
1316 1504 1408 1524 cana.
1433 1495 1548 1525 Πολιοὶ

885 1545 1047 1585 κρόταφοι.
1070 1544 1189 1574 Anacr.
1216 1542 1278 1573 Od.
1301 1543 1366 1580 563
1393 1547 1425 1573 et
1449 1543 1545 1573 Hom.

886 1594 925 1624 Il.
946 1597 983 1624 Θ.
1005 1594 1078 1624 518.
1102 1603 1192 1623 senes
1220 1596 1312 1622 vocat
1337 1591 1548 1633 πολιοκροτά-

885 1650 963 1684 φους
977 1642 1146 1684 γέροντας.
1175 1640 1336 1676 Tiresiam,
1351 1641 1404 1682 qui
1416 1646 1548 1682 quatuor

887 1691 1139 1733 generationibus
1154 1696 1234 1732 post,
1250 1690 1388 1720 Eteoclis
1405 1696 1436 1721 et
1454 1690 1548 1732 Poly-

887 1741 966 1772 nicis
992 1747 1142 1782 tempore,
1169 1739 1271 1770 adhuc
1292 1739 1382 1773 vixit,
1410 1739 1473 1780 jam
1500 1750 1549 1770 se-

887 1801 958 1820 nem
980 1790 1057 1822 facit
1081 1796 1218 1831 tempore
1235 1788 1380 1824 Penthei,
1398 1794 1550 1830 sequutus

888 1839 1079 1882 Euripidem,
1107 1838 1193 1880 apud
1218 1848 1311 1879 quem
1336 1837 1456 1868 Bacch.
1483 1848 1548 1869 ver.

886 1889 960 1919 258.
981 1888 1141 1919 Pentheus
1167 1886 1196 1918 ei
1218 1887 1327 1917 tribuit
1353 1889 1463 1928 γῆρας
1489 1899 1549 1918 πο-

885 1937 978 1968 λίον;
1005 1937 1068 1968 vid.
1092 1937 1224 1967 Barnes.
1246 1935 1286 1966 ad
1306 1946 1370 1966 ver.
1394 1936 1465 1966 178.
1511 1936 1550 1966 Et

887 1987 1049 2018 commode
1073 1987 1103 2017 h.
1120 1986 1142 2016 l.
1162 1984 1332 2016 senectutis
1356 1985 1472 2015 mentio
1495 1985 1552 2024 fit3

888 2046 926 2067 ea
948 2036 1031 2067 enim
1055 2042 1142 2067 tanto
1165 2036 1314 2077 majorem
1333 2035 1551 2065 auctoritatem

888 2087 962 2122 vati,
978 2091 1129 2127 tantoque
1146 2085 1295 2126 majorem
1313 2084 1406 2115 fidem
1422 2084 1489 2126 ejus
1504 2095 1551 2115 re-

889 2135 1008 2177 sponsis
1033 2135 1232 2166 conciliabat.
1269 2134 1339 2165 Nec
1358 2138 1464 2165 tamen
1487 2144 1552 2164 orn-

890 2186 962 2216 nino
983 2184 1158 2227 spernenda
1183 2190 1231 2214 est
1255 2183 1355 2214 altera
1379 2183 1482 2219 lectio,
1505 2184 1551 2213 al-

891 2235 991 2265 bentia
1008 2241 1138 2274 tempora
1156 2235 1252 2268 vittis,
1269 2232 1406 2263 maxime
1426 2233 1465 2262 ob
1486 2233 1553 2264 xiii.

891 2284 973 2314 643:
1000 2284 1084 2314 Hinc
1114 2284 1212 2313 Anius
1241 2283 1334 2312 niveis
1363 2284 1553 2313 circumdata

890 2339 1019 2372 tempora
1040 2333 1123 2363 vittis
1141 2332 1330 2362 Concutiens.
1359 2330 1450 2361 Vitta
1469 2331 1550 2362 enim

891 2382 963 2412 alba
988 2381 1135 2422 insignire
1173 2380 1295 2411 solebat
1328 2386 1466 2422 tempora
1496 2390 1552 2411 au-

891 2441 1014 2472 gutum.

936 2480 1010 2510 517.
1025 2479 1123 2513 Quam
1131 2477 1215 2519 felix
1230 2477 1327 2518 esses]
1347 2477 1388 2507 Et
1403 2475 1442 2506 ad
1457 2477 1552 2508 risum

891 2534 923 2560 et
938 2529 978 2559 ad
994 2528 1118 2559 cladem
1141 2527 1303 2558 oculorum
1320 2525 1421 2556 verbis
1436 2525 1553 2566 gravis-

893 2577 978 2608 simis
993 2575 1158 2619 respondet
1171 2581 1269 2607 vates.
1302 2573 1397 2616 Apud
1413 2573 1554 2616 Euripid.

894 2628 967 2659 368.
983 2637 1046 2657 non
1066 2626 1219 2668 μαντικῇ,
1238 2624 1294 2656 sed
1316 2625 1385 2660 τοῖς
1401 2622 1554 2665 πράγμα-

894 2689 948 2709 σιν
962 2676 1092 2708 edoctus
1111 2680 1246 2711 veretur,
1262 2684 1300 2704 ne
1315 2673 1475 2704 Pentheus
1489 2672 1556 2704 luc-

896 2732 961 2757 tum
981 2724 1093 2756 inferat
1108 2723 1222 2755 Cadmi
1244 2722 1345 2754 domo.
1381 2721 1443 2753 Sed
1459 2721 1555 2753 Ovid.
