1763 3181
245 183 330 224 246
639 187 686 226 P.
723 186 932 227 OVIDII
967 187 1244 229 NASONIS

250 298 464 345 Brachia
489 301 658 346 mersit
683 317 867 363 aquas;
912 318 1000 349 nec
1029 319 1080 350 se
1106 302 1369 365 deprendit
1394 303 1440 348 in
1467 303 1589 350 illis!

246 374 377 429 Quid
405 375 582 432 videat,
611 378 798 435 nescit3
841 378 946 434 sed,
975 379 1108 441 quod
1134 379 1283 434 videt,
1312 378 1465 426 uritur
1490 380 1598 436 illo;

245 451 415 514 Atque
440 454 608 500 oculos
635 454 782 510 idem,
812 455 895 518 qui
922 456 1123 519 decipit,
1147 456 1319 503 incitat
1344 472 1489 503 error.

246 529 478 585 Credule,
507 530 626 592 quid
652 530 830 578 frustra
855 531 1118 579 simulacra
1142 532 1336 595 fugacia
1361 534 1568 596 captas?

244 605 391 659 Quod
430 607 575 670 petis,
604 615 679 655 est
717 625 991 671 nusquam:
1033 609 1164 671 quod
1203 625 1355 664 amas,
1387 618 1622 666 avertere,

440 685 618 746 perdes
641 702 650 731 :
1528 690 1623 734 433

242 759 347 806 Ista
368 776 686 823 repercussae,
709 779 858 825 quam
878 765 1054 819 cernis,
1078 765 1303 827 imaginis
1325 765 1499 812 umbra
1517 773 1592 812 est
1611 782 1620 812 :

244 836 326 882 Nil
351 838 501 884 habet
522 838 616 885 ista
636 839 710 886 sui
729 859 739 897 ;
770 848 1037 904 tecumque
1056 843 1306 905 venitque,
1329 849 1618 905 manetque;

241 913 429 961 Tecum
455 916 697 973 discedat,
726 918 766 964 si
792 926 844 966 tu
870 920 1127 968 discedere
1153 920 1329 983 possis.

243 990 355 1038 Non
382 992 517 1039 illum
546 993 758 1050 Cereris,
788 1012 884 1042 non
910 996 1048 1043 illum
1074 1012 1192 1043 cura
1220 995 1401 1058 quietis

240 1069 540 1117 Abstrahere
566 1071 681 1119 inde
706 1079 900 1136 potest:
931 1075 1019 1122 sed
1039 1090 1194 1137 opaca
1212 1073 1350 1119 fusus
1377 1073 1425 1118 in
1446 1072 1599 1119 herba

241 1145 447 1210 Spectat
472 1148 726 1212 inexpleto
752 1152 1043 1199 mendacem
1070 1151 1255 1198 lumine
1277 1150 1510 1206 formam3

238 1223 437 1286 Perque
453 1226 620 1272 oculos
638 1228 767 1290 perit
787 1229 894 1292 ipse
914 1246 1029 1276 suos
1048 1247 1057 1285 ;
1088 1229 1392 1292 paulumque
1411 1228 1616 1283 levatus,

235 1300 315 1346 Ad
342 1300 718 1351 circumstantes
744 1306 954 1352 tendens
981 1322 1072 1352 sua
1096 1304 1298 1352 brachia
1323 1304 1483 1359 silvaS,
1522 1306 1611 1350 441

238 1383 268 1400 “
297 1377 500 1441 Ecquis,
528 1379 573 1426 io
599 1381 748 1436 silvae,
776 1382 1074 1438 crudelius,'’
1100 1382 1274 1445 inquit,
1305 1387 1334 1405 “
1358 1380 1574 1428 amavit?

238 1454 386 1502 Scitis
412 1456 558 1512 enim,
587 1464 638 1504 et
663 1459 830 1516 multis
856 1460 1048 1507 latebra
1071 1465 1351 1522 opportuna
1372 1456 1551 1504 fuistis.

235 1530 477 1595 Ecquem,
506 1551 660 1597 quum
688 1543 862 1583 vestrae
887 1543 960 1583 tot
985 1543 1193 1598 agantur
1218 1535 1387 1582 secula
1409 1534 1539 1590 vitae,

236 1608 333 1662 Qui
359 1609 428 1656 sic
454 1611 683 1667 tabuerit,
712 1613 859 1675 longo
885 1612 1177 1661 meministis
1204 1613 1253 1658 in
1278 1611 1417 1659 aevo?
1520 1614 1617 1659 445

237 1684 302 1732 Et
320 1686 502 1748 placet,
524 1694 573 1734 et
590 1689 757 1746 vide03
789 1690 876 1737 sed
897 1690 1030 1753 quod
1050 1689 1312 1752 videoque,
1334 1688 1615 1752 placetque,

236 1761 347 1809 Non
374 1771 539 1811 tamen
564 1765 786 1814 invenio:
827 1774 994 1814 tantus
1020 1773 1159 1814 tenet
1183 1782 1315 1814 error
1341 1766 1614 1813 amantem!

236 1838 447 1904 Quoque
458 1842 615 1904 magis
627 1842 820 1891 doleam
834 1862 844 1901 ;
865 1860 956 1891 nec
969 1860 1058 1891 nos
1071 1860 1204 1891 mare
1217 1842 1615 1906 separatingens,

273 2004 348 2034 432.
375 2004 514 2040 Credule,
544 2007 616 2045 quid
641 2006 779 2047 frustra,
809 2006 886 2047 etc.]

232 2053 304 2083 Jam
325 2063 418 2094 supra
432 2064 521 2084 versu
537 2054 610 2084 417.
626 2061 719 2095 poeta
739 2054 822 2085 hunc
842 2066 889 2085 er-

957 2007 1078 2046 eapleri,
1089 2004 1192 2035 satiari
1206 2014 1267 2034 non
1278 2008 1408 2046 poterat.
1432 2002 1605 2034 Memlacem
1613 2027 1621 2040 ,

958 2065 1027 2095 quae
1051 2053 1215 2083 videbatur
1236 2063 1302 2083 esse
1323 2052 1430 2088 forma,
1446 2061 1548 2093 neque
1572 2059 1618 2083 ta-

233 2112 330 2132 rorem
354 2101 568 2141 indicaverat;
602 2103 708 2144 itaque
735 2109 788 2134 aut
811 2103 889 2140 haec,

232 2156 286 2181 aut
313 2150 368 2181 illa
402 2151 570 2182 resecanda
602 2151 744 2183 fuissent.
804 2153 890 2187 Quod

232 2211 322 2236 amas,
349 2206 493 2236 avertere,
517 2203 630 2240 perdes.
674 2202 721 2233 Tu
744 2202 835 2232 modo
860 2208 890 2233 te

232 2256 347 2285 averte,
373 2249 461 2280 nulla
485 2249 544 2279 erit
566 2250 686 2286 umbra,
708 2250 784 2281 nihil
806 2252 887 2292 quod

231 2308 325 2329 ames.
373 2299 430 2329 Nil
445 2299 529 2330 habet
545 2301 601 2329 ista
620 2301 678 2336 sui,
693 2309 754 2331 non
769 2307 890 2332 constat

231 2358 286 2389 per
309 2357 352 2383 se,
372 2347 448 2378 nihil
473 2347 567 2378 habet
589 2347 755 2390 proprium.
801 2349 888 2380 Bene

230 2395 275 2426 sie
291 2395 475 2427 describitur
490 2397 609 2427 umbra.

274 2446 348 2476 437.
373 2445 440 2475 Non
456 2447 544 2476 illum
562 2446 688 2483 Cereris,
704 2447 785 2487 etc.]
818 2448 887 2478 Nec

231 2493 379 2525 Ovidium
401 2494 560 2525 brevitatis
575 2505 648 2526 cura
668 2496 707 2526 ab
729 2495 787 2526 hoc
802 2496 886 2527 fonte

230 2549 262 2574 et
277 2553 295 2574 a
310 2542 457 2574 Narcisso
474 2543 648 2575 abstrahere
666 2544 778 2586 potuit.
824 2545 852 2575 F
854 2557 887 2575 ιι-

229 2603 287 2628 sus,
311 2591 384 2622 alibi
405 2592 579 2629 reclinatus,
599 2599 722 2629 stratus,
744 2595 886 2634 abjectus.

228 2640 292 2672 Sed
316 2646 348 2671 et
369 2640 479 2671 Graece
500 2640 545 2672 sic
570 2642 689 2682 χυθεὶς,
711 2647 746 2672 ut
769 2642 887 2674 Anacr.

231 2689 292 2720 Od.
304 2688 349 2719 lii.
367 2689 414 2720 16.
440 2690 552 2729 Opaca,
563 2700 658 2731 quam
672 2697 784 2731 opacat
798 2691 885 2722 silva.

228 2736 388 2776 Jnerpleto.
401 2738 484 2779 quod
497 2738 735 2779 contemplanda
751 2739 886 2781 imagine

957 2114 1029 2134 men
1044 2108 1122 2134 erat.
1169 2103 1294 2133 Falsam
1317 2101 1524 2132 adolescentis
1539 2100 1618 2143 figu-

957 2163 1035 2183 ram.
1094 2152 1231 2193 Elegans
1260 2156 1307 2182 est
1342 2150 1393 2182 hic
1428 2160 1504 2181 usus
1533 2150 1618 2181 verbi

957 2202 1089 2232 mentiri.

1000 2251 1074 2281 443.
1097 2250 1187 2280 Scitis
1215 2251 1305 2285 enim,
1334 2256 1361 2279 et
1391 2249 1505 2284 multis,
1531 2248 1614 2289 etc.]

958 2300 1156 2330 Burmannus
1207 2298 1351 2340 opinatur
1396 2296 1617 2339 procacitatem

956 2348 1163 2390 nympharum
1189 2347 1239 2378 hic
1270 2347 1365 2388 tangi.
1409 2345 1470 2377 Sed
1495 2345 1617 2378 videtur

956 2403 1049 2438 poeta
1078 2396 1201 2427 omnino
1238 2401 1377 2427 amantes
1411 2394 1614 2431 intellexisse,

955 2446 1008 2487 qui
1024 2446 1085 2477 fere
1106 2446 1174 2476 loca
1198 2451 1327 2481 remota,
1345 2444 1439 2475 silvas
1462 2448 1493 2475 et
1513 2448 1612 2481 antra,

955 2505 1091 2535 quaerere
1107 2494 1217 2525 solent.
1262 2493 1434 2525 Commoda
1448 2498 1554 2523 autem
1569 2497 1616 2524 est

955 2543 1021 2574 haec
1047 2543 1086 2574 ad
1109 2542 1203 2574 silvas
1227 2541 1424 2584 apostropha.
1470 2541 1617 2581 Ecquem„

954 2603 1044 2632 qumn
1059 2599 1170 2629 vestrm,
1186 2597 1245 2623 etc.
1284 2591 1368 2621 Ordo
1383 2597 1449 2622 est:
1474 2590 1615 2631 Ecquem

955 2641 1149 2677 meministis,
1163 2641 1194 2672 in
1208 2641 1300 2682 longo
1312 2651 1389 2676 aevo,
1401 2639 1455 2681 qui
1466 2638 1510 2670 sic
1523 2640 1612 2671 tabu-

955 2690 1022 2726 erit,
1039 2696 1070 2720 et
1085 2690 1236 2732 paulatim
1252 2697 1452 2732 consumptus
1467 2687 1528 2719 sit?

998 2741 1070 2770 448.
1096 2740 1158 2770 Nec
1186 2751 1236 2770 nos
1264 2750 1345 2769 mure
1373 2743 1502 2777 separat,
1534 2737 1610 2778 etc.]
