1729 3207
406 208 1028 250 METAMORPHOSEON
1062 208 1183 250 LIB.
1212 209 1251 251 Ι.
1434 213 1518 254 113

136 324 359 387 Quaeque
370 324 524 388 cupit,
537 331 726 388 sperat:
750 340 941 388 suaque
957 325 1095 372 illum
1111 326 1311 373 oracula
1324 326 1516 375 fallunt.

139 401 310 464 thue
336 402 468 449 leves
495 401 690 465 stipulae
715 401 931 465 demptis
958 402 1219 450 adolentur
1243 403 1434 461 aristis3

136 477 208 524 Ut
230 477 421 525 facibus
447 494 592 541 sepes
618 478 809 533 ardent,
837 494 963 541 quas
990 478 1115 527 forte
1134 479 1293 527 viator

134 554 227 601 Vel
251 554 397 601 nimis
423 554 656 610 admovit,
682 555 759 601 vel
778 555 882 617 jam
910 556 1002 602 sub
1027 556 1140 604 luce
1164 557 1393 620 reliquit:

136 631 220 678 Sic
247 632 386 679 Deus
411 632 462 678 in
487 631 711 679 flammas
738 632 886 689 abiit3
928 632 1225 696 sicpectore
1249 640 1354 680 toto
1423 636 1519 682 495

136 707 319 766 Uritur,
347 715 399 756 et
423 708 642 756 sterilem
667 708 912 772 sperando
938 709 1093 756 nutrit
1118 726 1352 757 amorem.

135 784 343 849 Spectat
366 786 616 833 inornatos
643 786 770 833 collo
794 786 1011 850 pendere
1038 788 1271 851 capillos:

136 862 216 917 Et,
237 869 267 887 “
286 863 435 920 Quid,
455 863 495 910 si
511 864 829 912 comantur?''
851 865 919 911 ait
941 881 950 912 ε
975 864 1110 913 videt
1126 865 1239 928 igne
1260 865 1518 922 micantes,

136 939 392 987 Sideribus
419 940 622 997 similes,
651 942 848 989 oculos:
881 941 1017 989 videt
1043 944 1239 1000 oscula3
1274 959 1384 1006 quae
1406 959 1504 990 non

136 1016 228 1064 Est
240 1017 424 1066 vidisse
441 1018 586 1066 satis:
607 1018 778 1065 laudat
793 1018 1093 1082 digitosque,
1111 1036 1406 1083 manusque,
1425 1023 1522 1067 500

137 1093 468 1158 Brachiaque,
490 1102 541 1143 et
565 1096 725 1142 nudos
750 1096 915 1143 media
939 1097 1052 1160 plus
1078 1104 1218 1161 parte
1243 1098 1472 1145 lacertos.

138 1171 192 1218 Si
217 1188 317 1235 qua
339 1172 511 1229 latent,
539 1172 744 1220 meliora
768 1179 929 1236 putat.
988 1173 1138 1237 Fugit
1162 1174 1296 1222 ocior
1321 1190 1441 1222 aura

138 1382 214 1412 AEn.
230 1381 274 1412 iii.
288 1383 371 1421 4753
395 1389 426 1414 et
449 1382 566 1425 γάμος.
600 1383 676 1415 vid.
688 1383 798 1415 Schra-

136 1431 200 1462 der.
216 1431 255 1462 ad
277 1432 448 1463 Musaeum.
462 1443 495 1474 p.
516 1433 575 1463 123
599 1443 668 1474 sqq.
708 1433 799 1464 Simi-

135 1480 204 1512 liter
218 1491 282 1512 ver.
296 1482 370 1512 557.
385 1484 492 1522 conjm
509 1482 547 1513 de
565 1482 751 1519 concubina,
768 1489 800 1513 et

138 1542 210 1562 utor
224 1531 333 1562 Horat.
349 1531 414 1562 ΠΙ.
427 1531 490 1563 Od.
505 1532 602 1563 xxvii.
619 1532 671 1563 73.

179 1581 254 1611 491.
280 1580 341 1611 Sua
365 1582 500 1617 oracula,
523 1591 592 1622 quae
617 1587 722 1612 tamen
743 1581 799 1612 ha—

136 1630 290 1661 bebantur
328 1630 510 1667 certissima,
539 1630 648 1672 Eurip.
678 1631 796 1661 Electr.

136 1690 199 1711 ver.
228 1681 311 1719 3993
333 1681 458 1712 Terent.
484 1680 585 1711 Andr.
606 1681 666 1711 IV.
690 1680 724 1711 ii.
748 1682 798 1712 15.

140 1730 232 1761 Unde
247 1737 345 1761 certus
360 1731 477 1771 Apollo,
496 1731 605 1761 Horat.
620 1731 647 1762 I.
663 1731 726 1762 Od.
740 1730 796 1761 vii.

135 1780 188 1811 28.
232 1780 293 1810 Sed
309 1790 393 1810 amor
413 1784 562 1816 excaecat,
577 1785 612 1811 ut
631 1779 799 1815 hominem,

138 1829 182 1859 ita
198 1835 229 1860 et
244 1828 436 1870 Apollinem.

174 1879 248 1909 492.
259 1878 565 1918 Demptis—aristis]
583 1878 703 1909 Eadem
713 1878 798 1909 simi-

138 1927 270 1958 litudine
301 1927 412 1958 amoris
433 1927 630 1959 vehementia
662 1928 798 1959 illustra-

139 1983 197 2012 tur,
213 1977 254 2007 vi.
271 1977 344 2008 456.
366 1978 476 2007 Aristae
498 1977 571 2007 olim
592 1988 664 2008 cum
683 1977 798 2017 exigua

138 2032 258 2057 tantum
289 2027 402 2058 calami
425 2033 513 2069 parte
535 2029 623 2063 demi,
649 2026 794 2062 resecari,

138 2075 300 2106 detonderi
315 2076 458 2107 solebant
479 2086 497 2106 a
517 2076 725 2114 messoribus3
746 2078 798 2106 sti-

139 2127 216 2165 pulae
230 2132 336 2156 autem
355 2125 471 2156 adoleri
491 2126 634 2157 solebant
657 2127 696 2157 ab
717 2125 798 2167 agri-

140 2174 228 2211 colis,
256 2181 292 2205 ut
319 2174 397 2204 vitia
431 2174 497 2215 agri
527 2180 796 2216 excoquerentur:

144 2223 230 2265 Virg.
259 2225 373 2265 Georg.
402 2224 423 2254 i.
453 2225 494 2255 85
524 2235 593 2266 sqq.
619 2225 745 2255 Lucret.
770 2236 800 2256 v.

143 2274 236 2309 1246,
263 2274 293 2304 7.
350 2273 437 2304 Levis
472 2273 599 2305 solenne
637 2274 798 2316 epitheton

141 2322 338 2364 stipularum.
383 2324 509 2354 Adolere
535 2334 597 2354 non
621 2329 744 2354 tantum
768 2323 801 2354 in

141 2371 235 2403 sacris
258 2372 361 2402 locum
382 2372 488 2409 habet,
508 2379 543 2403 ut
560 2373 671 2403 Heins.
697 2379 799 2415 putat,

142 2420 198 2451 sed
211 2419 379 2458 interdum,
393 2432 572 2464 quanquam
584 2422 677 2464 paulo
692 2422 802 2459 rarius,

143 2470 266 2501 omnino
287 2477 333 2501 est
358 2481 515 2502 cremare:
540 2471 611 2502 vide
632 2472 738 2513 Heyn.
763 2473 802 2503 ad

144 2518 320 2560 Virg.]En.
336 2519 357 2550 i.
374 2520 451 2550 704.

187 2569 260 2599 493.
285 2569 403 2610 Forte]
429 2571 562 2601 Veteres
584 2569 642 2600 iter
662 2580 803 2612 saepenu-

145 2627 227 2648 mero
243 2617 402 2649 faciebant
417 2626 512 2650 noctu
527 2631 535 2657 ;
557 2629 595 2650 ne
610 2619 704 2660 igitur
719 2630 738 2650 a
752 2619 804 2650 via

144 2667 332 2704 aberrarent,
348 2669 516 2698 utebantur
531 2668 650 2699 facibus
665 2668 802 2710 peculia—

145 2715 229 2746 ribus
251 2726 268 2747 e
291 2717 376 2759 ligno
398 2728 526 2759 querno,
548 2717 669 2760 γάβρια
692 2719 803 2749 Graece

147 2764 248 2802 dictis,
273 2777 352 2807 quas
377 2767 508 2798 viatores
533 2767 582 2798 vel
611 2768 804 2808 negligentes

867 1385 968 1426 (quod
988 1385 1106 1417 indicat
1129 1385 1162 1416 h.
1178 1385 1199 1416 l.
1220 1386 1255 1416 τὸ
1266 1385 1382 1427 forta)
1399 1385 1449 1416 vel
1472 1395 1525 1427 pe-

866 1436 1004 1467 tulantes
1028 1435 1183 1466 interdum
1213 1436 1423 1466 admovebant
1445 1435 1526 1477 sepi-

866 1487 936 1522 bus,
955 1492 1009 1516 aut
1029 1486 1123 1516 etiam
1148 1485 1292 1516 ardentes
1310 1485 1366 1515 sub
1384 1485 1453 1515 luce
1469 1484 1524 1516 ab·

862 1535 1026 1577 jiciebant‚
1050 1535 1133 1566 unde
1164 1546 1247 1577 saepe
1271 1534 1428 1565 incendia.
1475 1535 1526 1566 Cf.

868 1586 951 1616 Fast.
980 1585 1022 1615 iv.
1050 1585 1129 1623 167;
1160 1591 1191 1615 et
1220 1585 1290 1616 vide
1318 1584 1455 1615 Casaub.
1485 1584 1526 1615 ad

866 1635 995 1664 Sueton.
1012 1634 1094 1665 Caes.
1113 1635 1165 1665 31.

910 1684 986 1715 496.
1015 1683 1366 1722 sterilem—amorem]
1408 1683 1526 1713 sterilis

866 1745 949 1764 umor
966 1733 1135 1773 eleganter,
1156 1732 1207 1763 cui
1229 1743 1291 1763 non
1312 1731 1527 1773 respondetur,

868 1783 921 1824 qui
940 1793 1002 1812 non
1023 1781 1123 1822 gignit
1142 1782 1252 1812 alium.
1291 1781 1355 1818 Qui
1371 1780 1403 1810 in
1424 1791 1528 1812 amore

866 1838 929 1862 tam
954 1831 1061 1862 infelix
1087 1836 1143 1866 est,
1160 1831 1280 1861 Graecis
1301 1828 1528 1871 ἀναφρόδιτος,

868 1880 987 1911 Latinis
1012 1882 1186 1910 invenustus
1211 1879 1351 1921 (Terent.
1373 1878 1476 1909 Andr.
1500 1878 1527 1910 I.

867 1943 897 1962 v.
917 1929 983 1970 10.)
997 1929 1122 1960 dicitur.

911 1980 987 2010 498.
1007 1979 1109 2013 Quid?
1133 1980 1156 2009 si
1178 1985 1348 2014 comantur,
1370 1976 1522 2007 suaviter!

870 2031 956 2061 Videt
984 2030 1052 2070 igne
1073 2031 1226 2059 mirantes.
1258 2027 1352 2058 Oculi
1379 2029 1447 2068 igne
1472 2028 1526 2056 mi-

867 2086 966 2110 cantes
991 2078 1024 2109 in
1050 2078 1209 2120 praecipua
1234 2083 1322 2120 parte
1351 2075 1526 2118 pulchritu-

866 2129 956 2159 dinis.
980 2127 1099 2159 Anacr.
1114 2127 1179 2159 Od.
1193 2126 1300 2157 xxviii.
1318 2128 1366 2156 18.
1382 2125 1434 2156 ubi
1445 2125 1526 2155 oculi

865 2178 997 2217 ἀληθῶς
1021 2176 1090 2208 ἀπὸ
1116 2177 1232 2218 πυρός.
1277 2177 1318 2206 Et
1341 2175 1419 2205 tales
1445 2175 1528 2205 oculi

866 2239 938 2259 cum
961 2229 1105 2257 sideribus
1129 2226 1303 2268 comparari
1324 2225 1434 2261 solent,
1453 2225 1526 2255 Am.

868 2278 933 2308 III.
951 2277 994 2307 iii.
1009 2278 1039 2307 9.

911 2327 985 2357 501.
1014 2325 1055 2355 Et
1079 2325 1172 2354 nudos
1199 2323 1348 2364 lacertos]
1369 2322 1527 2365 Nymphae

869 2377 1007 2406 Dianam
1029 2373 1213 2405 comitantes
1228 2383 1340 2404 manus
1356 2378 1386 2403 et
1400 2372 1529 2404 brachia

869 2425 908 2456 ad
939 2425 1083 2454 humeros
1108 2434 1207 2464 usque
1233 2425 1313 2453 nuda
1343 2423 1527 2453 habebant:

872 2474 1052 2505 Philostrat.
1065 2474 1151 2503 Icon.
1161 2484 1192 2514 p.
1201 2473 1274 2503 868.
1307 2473 1348 2503 Et
1358 2472 1402 2503 sic
1415 2472 1528 2503 Dianae

869 2524 965 2555 etiam
979 2523 1096 2563 effigies
1112 2533 1258 2564 expressa
1269 2521 1404 2552 cernitur
1417 2522 1448 2552 in
1463 2532 1529 2552 mo-

870 2571 1026 2603 numentis
1039 2583 1045 2601 :
1065 2571 1134 2602 vide
1146 2570 1252 2612 Sponii
1263 2570 1402 2600 Miscell.
1412 2582 1445 2612 p.
1455 2572 1530 2602 312.

914 2624 988 2653 502.
1013 2622 1044 2651 Si
1065 2633 1122 2662 qua
1149 2621 1271 2661 latent]
1300 2620 1435 2657 Quintil.
1452 2620 1531 2651 Inst-

872 2673 961 2703 Orat.
978 2671 1074 2703 VIII.
1087 2671 1132 2701 iii.
1149 2672 1188 2701 47
1202 2682 1209 2708 3
1234 2670 1289 2700 ubi
1305 2675 1420 2706 monet,
1435 2669 1529 2700 etiam

872 2732 997 2752 sensum
1019 2721 1135 2751 bonum
1155 2719 1310 2750 interdum
1333 2719 1466 2760 perverti
1491 2719 1530 2750 ab

872 2770 1001 2812 impuris
1019 2769 1208 2805 hominibus,
1223 2768 1357 2810 exempli
1374 2768 1442 2799 loco
1462 2768 1530 2799 haec
