1729 3207
391 207 1009 249 METAMORPHOSEON
1041 206 1159 248 LIB.
1194 207 1230 248 Ι.

1429 208 1486 248 95

112 320 259 369 Unda
281 323 420 385 tegit,
447 338 732 386 pressaeque
759 323 928 370 labant
952 322 1044 370 sub
1070 322 1264 384 gurgite
1289 329 1464 370 turres.

105 397 320 462 Jamque
340 415 475 447 mare
493 408 544 448 et
557 400 704 447 tellus
726 400 912 446 nullum
934 399 1199 447 discrimen
1215 399 1482 446 habebant.

109 475 291 523 Omnia
311 484 491 541 pontus
512 483 680 534 erant;
705 477 911 524 deerant
930 492 1131 539 quoque
1151 476 1293 523 litora
1314 483 1482 540 ponto.

108 552 340 617 Occupat
363 554 443 601 hic
469 555 675 602 collem:
704 554 886 618 cymba
910 553 1052 600 sedet
1076 553 1198 599 alter
1223 553 1431 609 adunca,

107 628 172 676 Et
195 630 334 678 ducit
355 647 517 679 remos
542 632 658 688 illic,
685 631 769 679 ubi
794 647 950 695 nuper
974 632 1154 681 ararat.

108 705 200 753 Ille
225 723 373 771 supra
397 715 612 771 segetes,
640 715 726 756 aut
749 723 922 755 mersae
947 707 1163 755 culmina
1186 707 1330 762 villae,
1391 710 1486 754 295

108 782 154 829 N
160 783 351 846 avigat;
381 785 461 832 hic
486 801 679 832 summa
703 786 892 849 piscem
917 784 1181 848 deprendit
1205 784 1255 831 in
1278 784 1426 831 ulmo.

109 859 298 923 Figitur
321 862 371 908 in
394 863 551 918 viridi,
575 863 615 909 si
641 863 738 910 sors
764 863 891 919 tulit,
919 878 1100 910 ancora
1123 869 1265 926 prato
1285 879 1294 918 ;

106 936 208 984 Aut
232 939 460 1002 subjecta
485 946 653 987 terunt
675 956 835 987 curvae
862 941 1026 988 vineta
1050 940 1245 988 carinae.

149 1134 224 1165 290.
251 1134 387 1176 Turres-J
413 1137 512 1166 Arces
533 1147 640 1178 regum
659 1138 762 1168 beato-

107 1194 236 1225 rumque
258 1184 417 1216 hominum
440 1185 574 1223 altiores,
590 1192 644 1218 aut
664 1187 762 1217 aedifi-

106 1233 156 1264 cia
198 1234 231 1264 in
267 1234 425 1266 montibus
465 1242 639 1267 exstructa:
686 1237 765 1268 tales

106 1288 214 1320 turres
229 1284 338 1324 quales
357 1294 412 1315 nos
434 1284 597 1322 habemus,
613 1285 765 1327 ignoravit

106 1332 207 1373 prisca
221 1337 308 1364 aetas.

149 1383 331 1414 292—308.
376 1382 486 1413 Omnia
507 1388 616 1422 pontus
648 1385 763 1425 erant]

107 1431 229 1463 Laudat
244 1432 353 1463 Burin.
366 1431 495 1462 Anthol.
509 1431 564 1462 lib.
580 1431 624 1462 II.
640 1443 709 1475 cap.
724 1433 767 1464 xl.

107 1482 182 1512 234.
207 1481 262 1512 ubi
290 1481 329 1512 de
358 1481 417 1513 hoc
445 1481 573 1518 diluvio,
603 1480 686 1524 ὕδωρ
715 1481 766 1514 ὅτε

108 1529 203 1563 πάντ’
223 1531 372 1573 ἐγενήθη.
418 1531 564 1567 Deercmt,
583 1536 644 1561 etc.
688 1532 766 1562 Haec

107 1581 202 1611 verba
230 1580 281 1611 vix
310 1580 381 1610 ferri
408 1584 560 1622 possunt3
592 1579 670 1610 adeo
699 1579 767 1611 lan-

106 1635 203 1671 guent
217 1635 285 1672 post
299 1629 516 1660 antecedentia
528 1629 534 1658 !
562 1629 624 1660 Sed
637 1629 670 1660 in
685 1630 767 1660 omni

108 1690 173 1720 seq.
193 1678 261 1709 loco
285 1678 465 1709 accusanda
488 1685 536 1709 est
560 1678 697 1710 luxuries
718 1679 765 1709 in-

108 1728 191 1771 genii
217 1728 376 1765 Ovidiani‚
396 1733 521 1770 propter
547 1728 675 1760 nimiam
700 1729 765 1760 lon-

109 1779 293 1820 gitudinem,
329 1784 454 1820 propter
495 1777 653 1815 minutias,
689 1789 767 1820 quas

110 1832 256 1864 sectatur,
271 1832 302 1858 et
315 1827 399 1869 quod
413 1827 563 1858 nonnulla
577 1837 670 1869 prope
681 1827 767 1869 joco-

109 1887 144 1908 sa
173 1876 313 1907 admixta
341 1882 423 1912 sunt,
454 1887 524 1917 quae
558 1877 723 1907 abhorrent
751 1885 769 1906 a

110 1931 204 1958 tantae
215 1926 314 1958 cladis
324 1926 544 1967 descriptione.
568 1927 651 1957 Vere
661 1927 769 1957 Senee.

111 1976 156 2007 N.
173 1978 213 2013 Q.
230 1975 273 2006 iii.
292 1976 345 2006 27.
362 1975 415 2006 ubi
434 1975 466 2006 h.
489 1975 510 2006 1.
531 1982 689 2007 recenset:
711 1976 772 2006 Pro

111 2027 319 2068 magnitudine
333 2027 377 2056 rei
392 2026 469 2055 dixit
481 2036 492 2062 ,-
517 2024 633 2056 Omnia
647 2030 770 2066 pontus,

111 2080 171 2106 etc.
197 2076 255 2106 nisi
283 2081 403 2105 tantum
429 2075 568 2113 impetum
596 2075 712 2114 ingenii
741 2080 772 2105 et

111 2126 243 2156 materiae
268 2126 398 2164 pueriles
430 2127 557 2165 ineptias
589 2126 769 2155 reduxisset:

113 2175 178 2205 Nat
190 2174 294 2216 lupus,
305 2180 365 2205 etc.
390 2174 460 2205 Non
475 2181 516 2204 est
526 2185 570 2204 res
583 2176 654 2204 satis
664 2175 771 2212 sobria,

114 2225 248 2255 lascivire
262 2225 400 2254 devorato
417 2225 483 2254 orbe
498 2229 662 2254 terrarum.
708 2225 771 2255 Ex-

112 2274 258 2315 spatiata,
287 2278 349 2304 etc.
377 2273 543 2315 Magnifice
568 2274 630 2309 hoc,
659 2276 684 2304 si
713 2285 772 2305 non

114 2325 233 2353 curavit
249 2325 318 2363 quid
335 2333 398 2353 oves
412 2329 440 2353 et
457 2323 662 2364 lupifaciant.
706 2323 771 2354 Να-

116 2372 175 2402 tari
187 2377 287 2402 autem
301 2373 334 2401 in
349 2372 463 2402 diluvio
475 2377 569 2410 potest
583 2372 594 2400 ?
608 2376 670 2402 etc.
706 2371 771 2402 Pri-

116 2431 183 2452 mas
202 2426 305 2452 autem
325 2420 355 2451 h.
371 2420 394 2451 l.
410 2420 509 2451 lineas
524 2420 599 2450 Hor.
615 2420 645 2451 I.
661 2421 723 2452 Od.
740 2421 772 2451 ii.

117 2471 232 2501 6—12.
247 2469 346 2506 duxit,
361 2469 414 2511 qui
429 2476 460 2500 et
474 2469 540 2511 ipse
552 2470 618 2511 jam
639 2469 774 2511 antiquis

117 2518 240 2549 Criticis
266 2518 437 2560 displicuit.
474 2518 587 2560 Porph.
618 2518 658 2549 ad
686 2518 774 2549 illum

116 2567 218 2599 locum
231 2581 236 2598 :
256 2568 386 2605 Leviter,
397 2568 510 2609 inquit,
525 2570 555 2598 ιή
569 2579 599 2598 re
611 2574 669 2598 tam
680 2571 775 2600 atroci

119 2624 146 2647 et
175 2620 297 2657 piscium
328 2624 355 2648 et
388 2618 598 2657 palumbarum
630 2620 774 2648 meminit.

120 2665 233 2696 Iisdem
253 2666 334 2697 vitiis
355 2666 435 2697 infra
453 2666 486 2696 ii.
504 2666 569 2696 fab.
589 2667 617 2696 1.
640 2666 773 2697 incendii

119 2714 283 2756 descriptio
301 2715 429 2746 laborat.
474 2716 570 2756 Spero
592 2726 640 2746 nie
664 2716 776 2746 habere

120 2774 181 2803 quo
193 2764 340 2795 Nostrum
357 2764 395 2794 ab
410 2763 468 2794 hac
485 2764 680 2805 sugillatione
698 2775 777 2795 asse-

833 1147 896 1167 ram
912 1149 919 1174 3
942 1137 1036 1178 idque
1052 1136 1199 1177 principis
1214 1142 1372 1178 poetarum
1388 1145 1490 1167 exem-

831 1187 895 1228 plo.
941 1187 1054 1228 Neque
1090 1185 1172 1216 enim
1209 1185 1271 1222 hic,
1301 1185 1375 1216 alibi
1405 1185 1493 1221 sorte,

834 1236 969 1272 lascivit,
986 1236 1041 1267 sed
1056 1235 1134 1266 serio
1150 1240 1180 1266 et
1194 1236 1293 1266 sobrie
1315 1240 1403 1265 curat
1417 1234 1492 1275 quid

834 1291 908 1327 agat
922 1285 1014 1327 lupus
1036 1285 1115 1316 inter
1136 1295 1231 1323 oves;
1254 1290 1289 1315 ut
1309 1284 1363 1326 qui
1386 1283 1497 1314 salutis

833 1346 896 1366 suae
922 1341 1046 1376 satagat
1070 1346 1131 1365 non
1154 1334 1321 1376 respiciens
1346 1334 1494 1376 praedam,

833 1384 891 1414 sibi
913 1383 1092 1426 prospiciat,
1112 1383 1228 1425 rapinae
1253 1383 1360 1425 utique
1383 1382 1493 1413 imme—

834 1443 909 1464 mor.
935 1433 1048 1474 virgil.
1069 1434 1183 1474 Georg.
1200 1433 1255 1463 lib.
1276 1432 1320 1463 iii.
1336 1443 1398 1463 ver.
1422 1433 1496 1463 537.

833 1482 865 1512 in
881 1482 1065 1524 hypotyposi
1079 1482 1153 1513 dirae
1176 1488 1208 1512 et
1222 1482 1326 1512 omnia
1341 1482 1493 1524 populan-

833 1532 872 1562 tis
898 1531 1004 1573 pestiS‚
1034 1538 1104 1573 post
1131 1537 1247 1568 tauros,
1277 1542 1384 1573 equos,
1413 1541 1495 1567 sues,

835 1581 985 1618 homines,
1005 1581 1122 1612 hostias
1143 1582 1193 1613 lue
1214 1583 1369 1623 abreptas,
1387 1580 1495 1623 adjicit

835 1637 865 1662 et
880 1631 960 1662 feras
977 1632 1104 1673 rapinae,
1119 1642 1182 1672 prae
1197 1631 1336 1672 langore,
1355 1631 1496 1661 immem-

834 1691 911 1715 ores,
923 1681 1095 1722 prorniscue
1116 1680 1196 1711 inter
1219 1687 1357 1711 assuetas
1376 1680 1497 1722 praedas

834 1730 1055 1761 obambulare:
1082 1730 1152 1760 Non
1178 1732 1265 1770 lupus
1293 1732 1418 1760 insidias
1443 1741 1493 1760 ea.—

833 1780 933 1818 plorat
949 1781 1039 1809 ovilia
1054 1781 1179 1814 circum,
1194 1780 1258 1810 Nec
1271 1780 1412 1820 gregibus
1428 1791 1496 1810 vnoc-

838 1835 947 1858 turnus
960 1829 1146 1865 obambulat‚·
1163 1830 1278 1869 quare?
1300 1830 1399 1858 acrior
1410 1829 1497 1859 illum

839 1877 922 1907 Cura
950 1879 1069 1908 domat:
1105 1879 1203 1908 timidi
1229 1879 1333 1913 clame,
1364 1879 1498 1918 cervique

827 1927 969 1967 fugaces,
995 1926 1087 1956 Nunc
1110 1928 1245 1967 interque
1267 1937 1364 1963 canes,
1384 1933 1411 1956 et
1437 1928 1496 1957 cir-

835 1987 903 2006 cum
918 1982 993 2006 tecta
1006 1983 1169 2017 vagantur.

879 2026 1061 2056 295—298.
1085 2025 1144 2056 Ille
1157 2037 1247 2066 supra
1262 2026 1397 2067 segetes]
1425 2025 1443 2056 J
1447 2035 1496 2055 am

836 2073 946 2115 incipit
967 2084 1074 2105 omnes
1095 2075 1158 2105 fere
1181 2075 1225 2105 rei
1249 2075 1371 2105 rusticae
1396 2080 1498 2116 partes

836 2123 944 2165 putide
980 2134 1151 2156 recensere.
1196 2124 1327 2160 Summa,
1365 2129 1425 2155 etc.
1459 2134 1496 2155 ex

837 2173 947 2203 Horat.
968 2174 1000 2204 d.
1022 2173 1043 2204 l.
1065 2174 1199 2204 Piscium
1221 2180 1249 2205 et
1268 2185 1382 2204 summa
1403 2185 1499 2215 genus

839 2222 918 2252 haesit
928 2223 1020 2253 ulmo.
1066 2222 1160 2253 Ovid.
1175 2223 1311 2263 ineptius
1328 2222 1422 2253 etiam
1439 2222 1497 2254 hoc

838 2271 999 2312 expressit.
1045 2272 1077 2301 Si
1082 2272 1154 2313 fors
1166 2273 1250 2308 tulit,
1266 2272 1343 2302 forte
1364 2272 1497 2308 fortuna,

839 2321 953 2351 Graeca
973 2320 1099 2356 locutio,
1117 2320 1142 2351 εἰ
1156 2320 1272 2362 τύχοις
1300 2321 1369 2351 vide
1382 2322 1499 2352 Muret.

841 2371 932 2401 Varr.
947 2371 1033 2400 lectt.
1049 2370 1113 2401 xvi.
1130 2371 1160 2401 9.
1176 2376 1207 2401 et
1219 2372 1300 2401 Mor.
1317 2370 1356 2401 ad
1370 2371 1500 2412 Longin.

841 2418 903 2450 xiv.
926 2420 977 2450 Sic
992 2430 1099 2451 sensus
1113 2433 1118 2450 :
1143 2420 1221 2450 Tam
1237 2421 1301 2451 alta
1320 2427 1385 2451 erat
1398 2421 1496 2457 unda,

841 2475 874 2499 ut
891 2479 1003 2500 ancora
1017 2470 1117 2511 ejecta
1132 2469 1182 2500 vix
1199 2470 1251 2511 figi
1266 2476 1381 2511 posset,
1398 2477 1461 2505 aut,
1478 2471 1502 2501 sz'

832 2519 903 2559 fors
919 2520 1002 2555 tulit,
1019 2518 1045 2548 si
1063 2518 1140 2550 forte
1155 2519 1207 2560 figi
1221 2519 1332 2561 potuit,
1349 2520 1501 2560 figebatur

842 2568 873 2598 in
907 2575 1003 2607 prato.
1048 2568 1120 2599 Sine
1155 2579 1251 2599 causa
1285 2569 1500 2600 Schirachium

842 2617 1022 2647 offendebat
1031 2617 1067 2648 τὸ
1079 2619 1186 2648 υἱνὶάε.
1211 2619 1400 2658 Quanquam
1417 2618 1499 2648 enim

842 2672 963 2708 pratum
981 2677 1063 2708 aqua
1078 2673 1194 2698 tectum
1210 2675 1270 2697 non
1286 2672 1405 2708 poterat
1417 2668 1500 2698 cerni

847 2718 951 2751 viride,
977 2716 1072 2746 lector
1097 2722 1199 2747 tamen
1226 2716 1258 2746 id
1284 2715 1418 2756 cogitare
1446 2728 1499 2757 po-

846 2770 925 2802 test;
949 2770 979 2795 et
1000 2765 1022 2795 si
1048 2776 1150 2805 neges,
1167 2765 1226 2795 vim
1251 2766 1278 2794 h,
1299 2766 1318 2795 l.
1339 2765 1365 2795 ei
1389 2765 1500 2801 inesse,
