1763 3181
384 203 1007 247 METAMORPHOSEON
1041 203 1160 245 LIB.
1183 202 1248 244 II.
1422 205 1506 246 179

127 319 219 367 Illa
243 319 444 383 quidem
469 326 655 377 contra,
683 326 926 383 quantum
951 319 1098 367 modo
1122 319 1306 367 femina
1329 319 1503 382 possit,

123 395 388 460 Aspiceres
412 397 619 453 utinam,
649 397 895 453 Saturnia,
919 397 1081 445 mitior
1102 396 1265 444 esses!
1409 398 1506 443 435

124 472 218 519 Illa
242 473 445 536 quidem
470 480 687 538 pugnat:
727 474 817 521 sed
842 490 955 538 quae
981 490 1215 538 superare
1239 473 1421 537 puella,

124 549 309 604 Quisve
323 550 353 598 J
358 567 499 599 ovem
514 557 709 615 poterat
724 551 742 598 ?
769 567 1003 615 superum
1019 551 1144 615 petit
1158 551 1342 598 aethera
1355 549 1510 597 victor

123 626 347 691 Jupiter:
387 628 502 675 huic
530 628 644 676 odio
669 644 843 676 nemus
869 637 961 685 est,
989 636 1041 677 et
1064 629 1266 676 conscia
1289 627 1438 685 silva3

127 703 290 761 Unde,
316 705 498 768 pedem
522 704 757 762 referens,
786 722 912 770 pene
938 713 1015 754 est
1039 706 1193 754 oblita
1216 706 1497 770 pharetram

125 779 318 828 Tollere
333 798 448 829 cum
463 781 594 838 telis,
610 789 675 838 et,
691 798 841 846 quem
854 783 1198 846 suspenderat,
1213 799 1397 830 arcum.
1411 784 1510 828 440

193 857 342 915 Ecce,
370 875 460 906 suo
485 860 722 908 comitata
753 861 903 908 choro
931 861 1186 925 Dictynna
1208 877 1297 924 per
1321 861 1477 907 altum

128 933 377 982 Maenalon
403 935 705 999 ingrediens,
733 944 784 985 et
807 938 944 985 caede
969 939 1186 1002 superba
1206 937 1434 993 ferarum,

126 1010 323 1076 Aspicit
346 1012 491 1068 hanc,
518 1012 780 1077 visamque
804 1022 977 1063 vocat:
1017 1015 1229 1062 clamata
1253 1014 1450 1076 refugit,

130 1087 196 1135 Et
220 1089 387 1136 timuit
411 1089 586 1153 primo,
614 1106 676 1138 ne
701 1090 898 1155 Jupiter
923 1099 1056 1139 esset
1078 1092 1128 1138 in
1154 1091 1254 1139 illa.

132 1164 234 1213 Sed
249 1174 515 1230 postquam
530 1168 714 1232 pariter
730 1168 993 1233 Nymphas
1009 1169 1240 1216 incedere
1257 1168 1397 1225 vidit,
1414 1170 1511 1215 445

133 1241 301 1291 Sensit
338 1245 515 1292 abesse
562 1245 704 1292 dolos
731 1264 742 1303 3
790 1262 1152 1309 numerumque
1195 1245 1408 1292 accessit
1449 1245 1512 1292 ad

329 1320 522 1368 harum.

131 1396 245 1446 Heu
266 1414 418 1462 quam
442 1398 639 1447 difficile
665 1407 757 1456 est,
786 1401 972 1448 crimen
997 1416 1095 1448 non
1119 1399 1327 1464 prodere
1345 1398 1510 1446 vultu!

174 1532 247 1563 434.
263 1532 326 1563 Illa
340 1533 483 1574 quidem]
504 1533 652 1575 Apollod.
666 1531 790 1577 ἀκούσῃ

131 1581 370 1619 συνευνάζεται.
416 1582 502 1614 Illud
528 1582 651 1626 ἀκούσῃ
676 1585 790 1615 Noster

130 1630 270 1671 pluribus
284 1631 491 1674 persequitur.

174 1680 248 1711 437.
272 1681 420 1721 Superum
444 1683 544 1712 lumen
564 1681 681 1713 coelum
699 1683 790 1713 voca-

131 1734 202 1759 runt
226 1729 356 1766 Ennius,
380 1729 555 1766 Lucretius,
579 1736 610 1761 et
629 1731 791 1772 Virgilius.

135 1779 247 1809 Nemus
263 1784 295 1810 et
314 1781 390 1810 silva
412 1779 524 1821 passim
545 1780 789 1822 conjunguntur,

133 1832 167 1858 ut
182 1827 203 1859 i.
218 1829 280 1859 568
292 1840 301 1866 3
315 1828 387 1859 vide
403 1829 632 1859 Burmannum.
668 1830 792 1860 Conscia

137 1877 236 1919 poetis
251 1877 396 1909 dicuntur
410 1878 481 1908 loca
495 1877 527 1908 in
543 1878 656 1919 quibus
672 1879 792 1920 aliquid

136 1926 247 1969 stupri.
294 1927 417 1958 Conscia
438 1929 514 1958 silva
534 1927 631 1969 stupri
651 1929 690 1959 ab
712 1929 792 1960 Jove

131 1975 223 2007 illati.
287 1976 366 2008 Pene
395 1984 447 2014 est,
472 1983 534 2008 ete.
594 1978 672 2009 Haec
699 1979 794 2009 verba

133 2027 212 2057 bene
240 2032 350 2059 notant
371 2038 524 2059 summam
548 2027 697 2060 Callistus
719 2039 789 2071 per-

134 2076 353 2108 turbationem.

176 2126 249 2157 441.
273 2127 442 2168 Dictynna,
458 2126 576 2163 Diana,
597 2126 641 2157 sic
665 2126 750 2158 dicta
774 2138 793 2158 a

133 2174 282 2213 δικτύοις,
298 2186 317 2207 a
329 2178 453 2212 retibus,
470 2186 487 2208 e
503 2176 616 2218 quibus
629 2187 722 2207 unam
738 2187 791 2207 co-

133 2224 245 2256 mitum
265 2236 390 2256 suarum
411 2231 606 2257 servaverat:
631 2225 702 2256 vide
718 2225 794 2257 Cal-

133 2273 260 2305 limachi
291 2274 324 2306 h.
356 2274 455 2306 Dian.
483 2285 547 2306 ver.
578 2275 651 2306 198.
686 2274 793 2316 ibique

134 2323 301 2365 spanhem.
345 2324 429 2356 Vide
454 2329 558 2355 tamen
586 2323 703 2366 Heynii
731 2324 793 2354 Ex-

135 2382 259 2403 cursum
276 2372 316 2404 ad
331 2372 458 2414 Virgilii
473 2373 571 2404 Cirin.
594 2372 707 2404 Dianae
723 2383 795 2403 vero

135 2420 217 2452 datae
243 2427 315 2452 sunt
340 2421 434 2452 etiam
460 2420 627 2464 χορὴτιόες
649 2421 794 2464 nymphae

137 2469 382 2512 (Callimachus,
397 2481 476 2502 vers.
493 2471 543 2501 13.
561 2469 651 2510 170.)
667 2470 795 2511 quibus-

136 2529 209 2549 cum
223 2519 323 2550 choros
336 2520 502 2550 exercebat
514 2531 520 2549 :
538 2518 651 2560 Virgil.
667 2518 796 2550 AEneid.

136 2567 180 2599 iv.
197 2568 270 2599 409.
307 2569 354 2599 Ex
377 2568 520 2611 opinione
545 2568 628 2599 enim
645 2569 796 2599 Veterum

137 2616 224 2647 nulla
231 2616 297 2648 vita
311 2618 405 2648 beata
418 2618 557 2649 Deorum
572 2617 637 2648 sine
654 2616 774 2648 choreis
789 2630 795 2647 :

138 2664 209 2696 vide
229 2665 345 2707 Heynii
371 2668 544 2698 Excursum
572 2667 646 2696 XX.
673 2666 713 2696 ad
739 2667 796 2696 AE-

139 2713 246 2745 neidos
268 2714 382 2746 librum
407 2715 436 2745 i:
461 2715 542 2746 adde
563 2714 733 2757 Spanhem.
757 2714 798 2745 ad

140 2763 325 2794 Callimachi
352 2764 502 2805 hymnum
533 2762 631 2794 Dian.
661 2763 799 2794 versibus

857 1536 888 1566 3.
903 1541 934 1566 et
948 1536 1025 1566 242.
1040 1535 1081 1565 H.
1098 1534 1119 1565 l.
1141 1540 1246 1564 tamen
1266 1534 1371 1564 chorus
1390 1532 1515 1564 videtur

857 1584 981 1615 omnino
991 1589 1091 1614 coetus
1101 1582 1318 1624 Nympharum
1329 1592 1407 1612 esse.
1430 1582 1516 1612 Nam

857 1645 911 1676 pro
927 1644 962 1664 eo
974 1643 1063 1664 versu
1077 1633 1150 1668 446,
1164 1643 1323 1669 namet-1253
1337 1641 1427 1662 versu
1441 1632 1515 1668 449,

857 1694 987 1723 c1g771en5
1011 1693 1073 1712 ver.
1098 1682 1171 1718 465,
1187 1688 1288 1712 ccetns.
1333 1680 1394 1711 Sed
1416 1686 1448 1711 et
1470 1681 1517 1712 ΙΙ.

850 1733 942 1775 fast.
958 1732 1028 1762 156.
1048 1742 1131 1761 sacer
1151 1732 1255 1760 chorus
1279 1729 1405 1766 Dianae,
1422 1740 1515 1771 quem

858 1780 1097 1821 Hamadryades
1119 1779 1261 1810 fecerint.
1308 1780 1385 1809 Erat
1410 1785 1515 1809 autem

859 1830 970 1861 chorus
999 1830 1066 1871 ejus
1089 1828 1369 1860 numerosissimus.
1400 1828 1516 1869 virgil.

859 1880 933 1909 AEn.
949 1879 972 1909 i.
989 1879 1071 1910 500:
1095 1880 1243 1919 per-juga
1261 1878 1374 1918 Cynthi
1391 1878 1517 1908 Exercet

862 1929 965 1959 Diana
980 1929 1100 1964 ch0r0s3
1117 1939 1204 1968 quam
1220 1928 1300 1957 mille
1314 1933 1418 1957 secutae
1435 1927 1518 1958 Hinc

860 1985 947 2019 atque
961 1979 1029 2008 hinc
1043 1979 1251 2019 glomerantur
1268 1977 1407 2008 Oreades.

904 2029 976 2058 442.
992 2027 1151 2067 Superba]
1171 2026 1322 2066 Superbus
1336 2026 1375 2057 de
1390 2025 1516 2056 victori-

859 2079 928 2113 bus,
950 2082 981 2108 et
1000 2077 1073 2107 inde
1089 2076 1128 2107 de
1143 2075 1340 2106 venatoribus
1355 2081 1424 2117 post
1438 2076 1518 2107 mul-

861 2132 908 2158 tas
919 2126 1051 2157 domitas
1062 2126 1151 2156 feras.
1167 2124 1280 2155 Noster
1292 2124 1369 2166 ipse,
1378 2126 1423 2155 ΙΙ.
1433 2125 1518 2160 Fast,

865 2177 934 2207 163.
949 2175 1097 2217 explicat,
1117 2174 1302 2215 Milleferas
1319 2174 1423 2204 Phoebe
1437 2175 1520 2205 silvis

860 2232 966 2256 venata
981 2225 1109 2255 redibat.
1140 2224 1278 2253 Clamata
1293 2222 1520 2264 significantius

862 2285 967 2316 quam,
981 2279 1103 2304 vocata.
1140 2273 1246 2309 Quum
1266 2272 1404 2314 nympha
1423 2272 1518 2303 simu-

861 2325 951 2360 laret,
977 2334 1010 2353 se
1038 2323 1141 2353 lenem
1169 2332 1276 2352 vocem
1310 2332 1371 2352 non
1399 2321 1518 2357 audire,

862 2374 968 2404 Diana
991 2373 1136 2403 clamabat
1148 2382 1158 2408 ‚·
1182 2370 1252 2402 vide
1275 2371 1492 2401 Burmannum
1511 2383 1517 2400 ε

862 2425 988 2455 clamore
1004 2432 1107 2452 vocare
1122 2419 1202 2451 dixit
1216 2419 1321 2456 Silius,
1336 2420 1378 2452 iv.
1393 2420 1467 2451 597.

906 2474 980 2504 447.
1006 2471 1077 2502 Heu
1101 2481 1187 2510 quam
1211 2469 1334 2511 difficile
1360 2476 1413 2506 est,
1439 2469 1519 2509 etc.]

864 2523 976 2555 Gravis
1000 2526 1031 2552 et
1045 2530 1119 2551 vera
1142 2519 1306 2551 sententia.
1350 2519 1408 2550 Vis
1428 2518 1519 2549 malae

863 2569 1060 2602 conscientiae
1090 2575 1121 2599 et
1147 2567 1318 2610 perturbati
1342 2567 1437 2598 animi
1463 2579 1520 2609 pu-

863 2621 935 2651 dore
960 2619 1071 2650 amisso
1092 2617 1215 2659 egregie
1234 2617 1284 2648 hic
1304 2622 1436 2648 notatur.
1480 2617 1519 2647 In

863 2681 934 2711 sqq.
951 2669 1006 2700 illa
1021 2668 1176 2711 ipsa,quae
1191 2677 1228 2698 ex
1247 2666 1382 2698 Hesiodo
1398 2666 1518 2708 Hygin.

864 2719 968 2754 refert,
984 2722 1143 2749 exornata.
