1763 3181
236 194 320 235 172
624 195 673 234 Ρ.
708 193 923 235 OVIDII
959 193 1236 235 NASONIS

236 308 419 363 Tertia,
449 325 602 371 quum
628 309 813 356 crinem
840 309 1068 355 manibus
1094 309 1277 356 laniare
1304 318 1516 372 pararet,

236 385 420 432 Avellit
443 384 670 432 frondes:
711 385 817 432 haec
844 385 1012 448 stipite
1038 401 1180 433 crura
1203 387 1375 442 teneri,

237 462 329 509 Illa
351 463 486 509 dolet
509 462 613 509 fieri
641 463 814 524 longos
841 477 931 509 sua
955 462 1158 510 brachia
1183 479 1361 511 ramos.

237 538 471 602 Dumque
488 554 547 586 ea
562 539 822 595 mirantur;
846 539 1191 602 complectitur
1207 540 1410 603 inguina
1420 548 1614 597 cortex;

236 615 438 679 Perque
476 617 659 679 gradus
695 623 906 671 uterum,
943 624 1239 679 pectusque,
1267 617 1616 680 humerosque,

436 709 713 756 manusque
1521 696 1616 741 354

235 768 410 816 Ambit
430 787 440 826 ;
481 778 532 816 et
556 770 796 817 extabant
815 776 1009 816 tantum
1035 785 1120 816 ora
1139 770 1366 817 vocantia
1390 779 1614 817 matrem.

235 845 368 900 Quid
394 845 544 893 faciat
568 854 740 902 mater,
769 846 880 903 nisi,
912 863 1011 910 quo
1037 847 1201 894 trahat
1224 847 1439 911 impetus
1464 848 1615 903 illam,

234 921 348 969 Huc
375 931 469 979 eat,
494 930 644 986 atque
670 923 815 980 illuc;
845 932 911 980 et,
935 925 1053 971 dum
1073 925 1204 980 licet,
1228 925 1397 972 oscula
1411 925 1616 988 jungat?

238 999 351 1046 Non
376 999 494 1047 satis
515 1007 618 1047 est:
659 1001 846 1047 truncis
872 1002 1082 1049 avellere
1108 1017 1315 1065 corpora
1339 1009 1525 1057 tentat;

237 1075 303 1123 Et
321 1084 516 1124 teneros
536 1077 763 1124 manibus
784 1093 945 1125 ramos
965 1079 1283 1142 abrumpere:
1307 1086 1357 1125 at
1375 1078 1490 1126 inde
1521 1082 1617 1126 359

237 1152 534 1216 Sanguineae
560 1162 778 1211 manant,
806 1161 1045 1218 tanquam
1071 1155 1132 1203 de
1151 1156 1368 1211 vulnere,
1395 1162 1564 1218 guttae.

234 1235 265 1253 “
294 1230 468 1287 Parce,
510 1247 700 1295 precor,
741 1231 946 1288 mater‚''
985 1247 1297 1295 quaecunque
1335 1239 1412 1279 est
1448 1231 1617 1279 saucia

435 1308 642 1365 clamat3
1469 1309 1614 1373 [pust

235 1391 265 1408 “
290 1384 464 1441 Parce,
493 1401 694 1449 precor;
738 1394 959 1433 nostrum
991 1385 1207 1432 laniatur
1232 1385 1281 1431 in
1313 1386 1485 1433 arbore
1510 1401 1616 1433 cor-

234 1461 264 1508 J
269 1478 449 1525 amque
469 1463 626 1510 vale.’'
678 1463 864 1511 Cortex
890 1463 938 1509 in
963 1463 1113 1510 verba
1137 1462 1403 1509 novissima
1419 1462 1569 1510 venit.

1519 390 1610 434 351

235 1539 360 1587 Inde
385 1541 548 1587 fluunt
571 1541 816 1599 lacrimae3
859 1541 1145 1603 stillataque
1171 1541 1273 1587 sole
1303 1540 1556 1602 rigescunt

275 1663 348 1694 356.
371 1662 522 1702 Impetus5
547 1675 628 1695 nunc
649 1663 823 1706 oppositum
843 1675 891 1695 ra-

233 1712 321 1749 tioni,
345 1712 486 1749 consilio,
506 1713 654 1744 affectum
676 1718 707 1743 et
730 1714 892 1755 perturba-

230 1762 345 1793 tionem
361 1762 455 1793 animi
470 1763 733 1794 vehementiorem
754 1762 894 1801 indicat3

232 1811 271 1842 de
286 1822 323 1842 ea
338 1817 422 1842 recte
439 1813 567 1843 trahere.

275 1862 350 1891 361.
379 1861 475 1891 Parce
484 1872 600 1901 precor,
614 1861 694 1901 etc.]
720 1860 770 1891 Sic
783 1861 895 1901 Virgil.

234 1910 363 1940 AEneid.
380 1909 424 1940 iii.
441 1912 478 1940 41
494 1923 500 1940 :
529 1911 611 1945 Quid
626 1913 775 1945 miserum,
787 1911 893 1946 εἶπαι,

233 1960 364 1989 laceras?
378 1962 447 1999 jam
461 1972 551 2000 parce
565 1961 698 1999 sepulto:
724 1960 821 1990 Parce
830 1962 895 1999 pius

232 2009 376 2038 scelerare
392 2020 507 2040 manus.

274 2058 348 2088 363.
374 2057 479 2088 Cortex
504 2060 536 2088 in
558 2059 645 2088 verba
668 2059 820 2088 norissima
844 2068 890 2087 re—

231 2106 306 2146 ηὶι.]
372 2107 411 2136 Id
447 2114 504 2142 est,
534 2112 637 2138 cortex
667 2117 700 2136 os
732 2106 891 2137 obducens

230 2157 319 2185 verba
356 2155 526 2186 Heliadum
564 2156 675 2186 ultima
711 2155 890 2197 occupavit.

232 2205 345 2235 Noster
359 2216 389 2236 x.
402 2206 462 2236 497
477 2218 482 2235 :
504 2205 697 2245 Venientique
712 2206 793 2235 obvia
811 2206 892 2246 ligno

231 2256 370 2290 subsedit,
386 2256 542 2294 mersitque
562 2266 626 2285 suos
648 2256 679 2284 in
696 2255 804 2284 cortice
826 2256 890 2285 vul-

233 2309 303 2339 tus;
337 2309 369 2333 et
389 2302 429 2334 xi.
451 2304 532 2334 256:
562 2304 745 2344 Admisitque
769 2315 834 2333 suos
860 2305 891 2334 in

231 2353 318 2382 verba
334 2354 628 2393 novissimafluctus.
677 2353 783 2383 Corter
800 2355 892 2383 venit.

232 2400 269 2431 In
293 2401 403 2443 quales
425 2402 547 2432 arbores
562 2408 690 2432 mutatae
713 2401 784 2437 sint,
801 2408 894 2443 poeta

233 2460 293 2480 non
315 2450 421 2488 addit3
445 2450 496 2481 sed
517 2451 531 2480 Ι
552 2461 590 2481 ex
613 2451 704 2482 Pont.
723 2450 754 2482 ii.
770 2452 823 2482 33.
843 2463 892 2491 po-

231 2501 315 2538 pulos
331 2499 525 2542 (αἰγείρους)
542 2500 691 2531 nominat.
727 2500 834 2542 Atque
849 2500 894 2531 ita

232 2555 262 2579 et
286 2548 431 2586 Hesiod.;
462 2549 603 2590 Hygin.;
626 2549 740 2590 virgil.
761 2549 892 2580 AEneid.

234 2609 265 2627 x.
286 2599 364 2636 1903
395 2598 529 2629 Lucian.
553 2597 679 2639 aliique.
725 2599 767 2629 At
781 2598 893 2639 Virgil.

236 2646 302 2677 Ecl.
318 2647 359 2676 vi.
373 2648 425 2677 62.
440 2649 523 2677 alnos
537 2654 769 2683 commemorat,
786 2658 893 2689 quem-

234 2695 401 2726 admodum
422 2696 474 2726 alii
494 2697 586 2727 ulmos
607 2703 660 2726 aut
681 2699 779 2736 pinus.
811 2696 893 2726 Plin.

237 2744 318 2774 Hist.
351 2745 428 2775 Nat.
455 2745 625 2775 XXXVII.
651 2744 682 2775 ii.
713 2746 744 2775 3.
801 2746 892 2776 Com-

958 1662 1061 1693 munis
1076 1673 1163 1704 porro
1178 1661 1280 1704 opinio
1296 1668 1359 1693 erat
1373 1662 1454 1701 (vid.
1469 1668 1500 1693 et
1517 1662 1620 1704 Eurip.

959 1712 1057 1754 Hipp.
1083 1712 1165 1749 740;
1196 1711 1347 1753 Aponon.
1372 1712 1438 1742 Rh.
1461 1711 1502 1742 iv.
1526 1712 1620 1748 596,>

959 1772 997 1792 ex
1021 1763 1152 1791 lacrimis
1169 1760 1220 1801 (ἐκ
1235 1763 1302 1792 τῶν
1317 1759 1483 1802 δακρύων)
1498 1761 1621 1792 illarum

961 1811 1104 1841 arborum
1119 1811 1229 1841 electra
1246 1810 1352 1840 nasci:
1377 1810 1460 1852 quod
1481 1821 1542 1840 non
1562 1810 1620 1840 rni-

961 1871 1027 1890 rum
1047 1859 1145 1890 videri
1166 1859 1271 1895 debet,
1289 1869 1385 1900 quum
1409 1860 1551 1890 arborum
1575 1869 1622 1890 re-

961 1909 1059 1939 sinam
1088 1908 1190 1940 Graeci
1218 1908 1263 1939 ita
1287 1908 1421 1939 dixerint
1447 1908 1506 1949 (cf.
1532 1913 1563 1939 et
1587 1919 1621 1938 x.

962 1958 1051 1995 501.)
1068 1964 1162 1999 atque
1185 1957 1280 1988 etiam
1301 1957 1393 1988 hodie
1412 1968 1513 1988 rerum
1532 1963 1622 1987 natu-

960 2007 1072 2038 ralium
1095 2007 1292 2048 indagatores
1315 2017 1351 2037 eo
1376 2007 1438 2037 fere
1459 2006 1622 2042 inclinent,

961 2062 995 2087 ut
1010 2056 1117 2087 resinae
1134 2056 1251 2086 electra
1265 2054 1416 2095 originem
1435 2054 1549 2085 debere
1565 2065 1622 2096 pu·
1676 2052 1680 2056 ’

960 2112 1037 2136 tent.
1071 2106 1102 2136 Si
1129 2105 1176 2136 his
1200 2104 1368 2140 addideris,
1392 2115 1462 2146 quae
1488 2104 1527 2135 ad
1556 2115 1620 2135 ver.

959 2156 1022 2185 324
1045 2154 1229 2190 notavimus,
1249 2153 1323 2184 satis
1344 2153 1545 2195 probabiliter
1566 2153 1624 2183 tibi

959 2203 1097 2234 fabulam
1111 2202 1373 2244 interpretaberis.
1410 2201 1578 2244 Sophocles
1590 2201 1623 2232 in

960 2259 1039 2295 trag.
1057 2252 1219 2294 deperdita
1234 2262 1271 2282 ex
1293 2252 1361 2282 aliis
1383 2251 1518 2282 lacrimis
1541 2251 1623 2281 elec-

959 2308 1005 2333 tra
1021 2302 1105 2333 nasci
1121 2302 1263 2338 fimterat,
1279 2311 1391 2343 nempe
1408 2311 1485 2342 quas
1501 2301 1622 2331 Melea-

959 2351 1005 2392 gri
1031 2362 1150 2382 sorores
1172 2351 1204 2381 in
1229 2360 1303 2381 aves
1324 2355 1452 2380 mutatae
1476 2349 1509 2379 in
1531 2349 1625 2380 India

959 2400 1086 2431 flerent:
1113 2400 1196 2442 quod
1219 2410 1237 2431 a
1259 2399 1343 2431 Plin.
1364 2399 1448 2430 dicto
1469 2400 1548 2434 loco,
1573 2409 1621 2430 re-

959 2450 1179 2492 prehenditur:
1225 2449 1297 2480 vide
1333 2448 1459 2479 omnino
1489 2448 1622 2479 Gesneri

961 2499 1046 2530 Diss.
1062 2500 1093 2529 in
1109 2499 1230 2530 Comm.
1246 2498 1362 2529 Societ.
1380 2497 1523 2538 Gotting.
1541 2504 1564 2527 t.
1578 2497 1622 2527 iii.

960 2560 993 2590 p.
1011 2549 1064 2579 72.

1005 2598 1078 2628 364.
1126 2598 1261 2632 stillata,
1298 2595 1431 2638 passive.
1490 2596 1625 2625 Lucidus

961 2648 1084 2684 λευκὸς,
1100 2647 1214 2677 clarus.
1246 2646 1382 2676 Nur-ibus
1400 2645 1532 2675 Latinis.
1556 2645 1623 2674 Ita-

961 2696 999 2726 lis
1017 2695 1209 2726 mulieribus.
1258 2695 1363 2724 Nurus
1377 2694 1501 2724 omnino
1513 2693 1625 2723 mulier

963 2744 1073 2786 poetis.
1105 2744 1180 2775 Vid.
1196 2744 1238 2774 iii.
1255 2745 1328 2774 528.
1374 2742 1455 2773 Plin.
1471 2742 1501 2773 d.
1517 2742 1541 2773 l.
1556 2751 1626 2772 nar·
