1763 3181
367 189 990 232 METAMORPHOSEON
1022 190 1141 233 LIB.
1174 190 1258 233 VI.
1434 192 1519 233 389

133 302 193 351 In
217 304 369 353 latere
394 305 550 353 exiles
575 304 717 368 digiti
743 322 832 370 pro
858 306 1083 354 cruribus
1107 307 1323 355 haerent:

135 382 317 431 Cetera
338 390 509 431 venter
532 383 685 431 habet
706 402 716 440 ;
745 384 808 432 de
831 401 931 448 quo
957 392 1125 432 tamen
1150 385 1233 431 illa
1257 383 1467 432 remittit

132 459 354 516 Stamen,
381 467 432 508 et
455 460 685 524 antiquas
711 468 914 509 exercet
937 477 1117 509 aranea
1140 462 1283 509 telas,
1381 460 1519 522 [facti

199 536 269 584 II.
310 536 470 601 Lydia
492 543 597 584 tota
627 537 819 595 fremit3
861 537 1198 602 Phrygiaeque
1223 554 1311 602 per
1335 538 1521 601 oppida

134 615 323 663 Rumor
341 615 395 672 it,
422 622 473 663 et
495 632 731 678 magnum
756 615 1066 664 sermonibus
1091 622 1304 679 occupat
1328 615 1516 662 orbem.

130 692 261 741 Ante
286 709 402 740 suos
430 692 592 740 Niobe
616 693 861 740 thalamos
886 700 1186 756 cognoverat
1209 693 1360 749 illam,
1428 695 1519 739 148

130 770 259 817 Tum
283 786 438 833 quum
464 769 732 817 Maeoniam
750 771 886 832 Virgo
909 769 1241 833 Sipylumque
1268 769 1494 816 colebat:

132 846 241 895 Nec
262 854 430 895 tamen
449 847 704 895 admonita
723 855 800 895 est
817 863 965 912 poena
984 847 1237 911 popularis
1263 847 1519 894 Arachnes

133 925 328 972 Cedere
353 924 631 981 Caelitibus,
654 926 919 989 verbisque
944 925 1215 973 minoribus
1241 925 1312 972 uti
1337 942 1346 972 :

133 1001 297 1049 Multa
314 1002 502 1050 dabant
520 1002 733 1060 animos3
755 1003 843 1050 sed
859 1003 990 1050 enim
1008 1019 1100 1050 nec
1121 1002 1345 1066 conjugis
1367 1008 1515 1057 arteS‚

178 1125 357 1156 146—312.
370 1124 475 1162 Niobe,
485 1125 608 1156 Tantali
626 1125 701 1162 filia,
714 1125 791 1155 Am-

131 1174 265 1217 phionis,
279 1174 361 1215 regis
370 1173 523 1211 Thebani,
539 1185 627 1205 uxor.
672 1174 794 1205 Fabula

133 1235 151 1256 a
175 1224 282 1255 multis
307 1223 519 1266 scriptoribus,
548 1224 654 1255 multis
683 1224 793 1266 deper-

850 1126 986 1167 fremere
1011 1132 1069 1161 est,
1084 1125 1141 1156 xii.
1159 1127 1232 1156 748.
1279 1125 1309 1155 It
1330 1136 1384 1165 per
1404 1126 1522 1164 oppida,

861 1181 895 1205 ut
913 1175 997 1217 apud
1014 1174 1296 1216 Virgilium,s11711a
1313 1176 1339 1204 it
1356 1185 1410 1214 per
1425 1175 1522 1204 urbes.

860 1224 949 1256 Male
964 1224 1113 1256 Heinsius
1128 1224 1239 1255 suadet
1254 1235 1393 1265 magnam
1411 1225 1521 1259 urbem,

133 1274 206 1305 ditis
234 1273 406 1315 tragoediis,
435 1274 543 1305 multis
572 1273 792 1310 monumentis,

132 1324 240 1355 multis
265 1323 402 1365 denique
431 1323 596 1366 epitaphiis
625 1324 794 1355 celebrata.

133 1374 185 1406 Cf.
199 1373 294 1404 Hom.
309 1373 349 1403 ΙΙ.
363 1375 400 1404 Ω.
413 1373 476 1404 602
491 1383 561 1415 sqq.
572 1384 580 1412 ;
604 1372 793 1404 Callimach.

133 1422 165 1455 h.
193 1422 305 1465 Apoll.
333 1422 396 1462 22;
433 1423 572 1454 Pausan.
596 1421 737 1453 Corinth.
761 1433 793 1464 p.

136 1473 218 1512 1603
240 1471 390 1514 Apollod.
410 1472 474 1502 III.
487 1482 516 1503 v.
533 1472 566 1502 6.
582 1471 636 1513 qui
652 1471 683 1501 in
697 1471 795 1513 pluri-

134 1523 193 1554 mis
211 1520 365 1553 consentit
390 1531 462 1552 cum
487 1521 622 1559 Nostro;
645 1526 676 1552 et
698 1520 795 1551 Diod.

134 1572 199 1603 Sic.
214 1570 258 1603 iv.
277 1571 339 1609 743
362 1570 468 1602 Schol.
489 1570 600 1613 Eurip.
620 1571 660 1602 ad
680 1569 795 1601 Phoen.

138 1623 209 1653 162.
232 1631 251 1652 e
278 1620 359 1652 Cod.
381 1620 497 1658 Voss.;
530 1620 648 1662 Hygin.
673 1619 736 1650 fab.
763 1621 795 1651 9.

137 1672 188 1702 10.
207 1672 256 1701 11.
290 1670 515 1700 Tractaverant
530 1669 597 1700 haec
614 1674 646 1700 et
662 1668 793 1700 Hesiod.

133 1718 345 1761 Pherecydes,
381 1718 567 1750 Hellanicus
603 1724 635 1748 et
670 1717 795 1759 plurimi

133 1773 248 1812 poetae.
281 1767 412 1809 Signum
422 1773 579 1798 vetustum
591 1767 708 1798 Niobes
724 1778 795 1797 cum

132 1817 240 1849 liberis
251 1816 547 1848 excellentissimum
556 1816 719 1846 Florentiae
732 1827 794 1846 ser-

133 1873 235 1902 vatur,
252 1866 291 1897 de
311 1876 373 1907 quo
387 1865 558 1895 Winkelm.
572 1864 604 1895 in
628 1864 710 1895 Hist.
726 1865 795 1897 Art.

134 1927 168 1959 p.
186 1917 259 1947 170.
272 1916 347 1946 205.
360 1915 443 1952 2263
460 1919 491 1945 et
505 1913 538 1944 in
553 1915 641 1945 Mon.
659 1914 749 1945 Ined.
765 1926 795 1945 n.

136 1967 190 1997 89.
228 1963 404 2005 Palaephat.
427 1973 496 2005 cap.
522 1964 553 1993 9.
582 1963 722 1993 fabulam
750 1963 794 1994 sic

136 2013 286 2057 explicat,
302 2011 428 2043 Nioben
448 2012 559 2043 fecisse
580 2011 638 2042 sibi
658 2019 795 2043 statuam

133 2063 293 2106 lapideam
312 2061 345 2092 in
363 2061 485 2092 tumulo
499 2061 676 2092 liberorum.
721 2062 796 2092 Phi-

136 2113 242 2145 lemon
265 2111 330 2142 sab.
353 2110 427 2141 inde
450 2117 556 2142 natam
578 2111 796 2147 arbitrabatur,

137 2162 223 2205 quod
242 2161 344 2192 Niobe
365 2171 428 2202 prae
448 2160 563 2191 doloris
582 2160 797 2201 magnitudine

136 2212 215 2243 nihil
243 2210 385 2253 proloqui
412 2209 560 2251 potuerit.
610 2210 680 2240 Nec
709 2209 799 2240 aliter

139 2261 208 2292 Cic.
223 2260 318 2291 Tusc.
332 2258 377 2289 iii.
391 2259 452 2289 26:
480 2259 574 2289 Niobe
589 2259 730 2300 fingitur
753 2260 797 2288 la-

135 2312 236 2350 pidea,
247 2314 369 2350 propter
383 2314 537 2343 aeternum,
553 2309 649 2343 credo,
665 2310 698 2337 in
713 2308 798 2338 luctu

138 2361 303 2391 silentium.
339 2357 423 2388 Hinc
444 2357 483 2387 ab
499 2356 652 2398 AEschylo
670 2356 800 2387 inducta

139 2410 240 2441 fuerat
268 2407 372 2439 velato
401 2407 514 2449 capite.
572 2407 600 2437 F
602 2418 710 2438 remere
748 2407 798 2438 hic

140 2470 203 2490 non
217 2458 257 2489 de
274 2457 489 2498 indignatione
504 2461 535 2487 et
550 2455 654 2487 dolore
669 2456 799 2498 popula-

139 2508 220 2539 rium
251 2506 414 2537 Arachnes
446 2505 644 2548 capiendum,
673 2505 739 2542 sed,
767 2511 801 2536 ut

141 2556 396 2588 Schirach.1·ecte
413 2556 566 2591 observat,
577 2556 615 2586 de
632 2555 714 2586 fama
728 2566 799 2596 per-

141 2611 279 2647 vagante
309 2605 452 2646 Lydiam,
482 2605 555 2646 quia
584 2605 650 2635 haec
681 2604 802 2645 dignior

142 2655 225 2686 facto
272 2654 437 2691 Minervae,
475 2664 569 2695 quam
616 2653 800 2694 indignatio.

859 1273 889 1303 id
901 1280 959 1310 est,
972 1273 1095 1304 Sardes.
1133 1274 1233 1303 Immo
1249 1273 1333 1303 sama
1348 1272 1443 1313 serpit
1458 1272 1521 1313 pri-

859 1333 945 1353 mum
970 1334 1026 1365 per
1050 1322 1194 1364 Lydiam,
1219 1333 1291 1353 mox
1312 1331 1367 1363 per
1384 1320 1521 1352 vicinam

862 1371 1044 1413 Phrygiam,
1068 1370 1196 1402 tandem
1221 1381 1275 1413 per
1297 1377 1397 1401 totum
1425 1376 1520 1401 terra-

860 1432 927 1452 rum
945 1422 1063 1457 orbem,
1074 1426 1279 1463 penetratque
1300 1420 1378 1451 adeo
1395 1425 1426 1451 et
1440 1420 1521 1451 The-

861 1470 917 1501 bas
933 1470 973 1501 ad
990 1470 1126 1501 Nioben.

908 1520 977 1551 149.
1005 1520 1174 1555 Mcronium,
1200 1518 1413 1560 imprimisque
1435 1519 1523 1559 Sipy-

863 1569 925 1598 lum
950 1568 1086 1599 colebat.
1124 1568 1209 1599 Nam
1233 1568 1355 1608 Sipylus
1380 1573 1411 1598 et
1434 1578 1523 1598 mons

863 1623 894 1648 et
914 1618 987 1649 usbs
1012 1617 1133 1658 Lydiae.
1165 1615 1248 1647 Plin.
1268 1616 1300 1647 ii.
1324 1617 1378 1648 59.
1402 1616 1521 1647 Anaer.

863 1666 925 1698 Od.
939 1667 992 1697 20.
1003 1673 1186 1697 annumerat
1202 1665 1328 1707 quidem
1344 1675 1412 1696 eam
1423 1665 1522 1706 Phry-

862 1716 945 1758 giae;
978 1716 1032 1747 sed
1059 1715 1160 1757 Lydia
1189 1715 1288 1746 relata
1317 1714 1390 1745 olim
1420 1714 1479 1745 fuit
1506 1725 1524 1745 a

863 1766 970 1797 multis
991 1766 1031 1796 ad
1054 1765 1221 1807 Phrygiam
1248 1766 1413 1806 Magnam.
1448 1764 1523 1796 Vid.

863 1816 984 1851 Strabo,
1008 1814 1042 1845 ii.
1069 1826 1101 1856 p.
1117 1816 1168 1845 89.
1213 1814 1316 1845 Etiam
1341 1825 1410 1844 mox
1434 1824 1524 1844 versu

866 1865 937 1895 177.
951 1871 1053 1906 gentes
1068 1865 1223 1905 Phrygiae.
1257 1865 1283 1894 E
1300 1863 1439 1893 Maeonia
1455 1873 1524 1893 earn

864 1925 935 1946 curn
950 1914 1067 1956 Pelope
1082 1913 1114 1944 in
1131 1913 1381 1955 Peloponnesum
1393 1912 1527 1949 venisse,

862 1970 951 2006 putat
972 1963 1115 2005 Heynius
1141 1962 1181 1993 ad
1201 1962 1351 2004 Apollod.
1374 1963 1404 1992 d.
1421 1963 1442 1992 l.
1466 1962 1525 1992 nisi

862 2012 965 2054 potius
978 2013 1010 2043 in
1026 2012 1128 2054 Lydia
1142 2012 1210 2053 jam
1225 2012 1329 2053 nupsit
1344 2011 1526 2053 Amphioni.

865 2062 958 2093 Certe
981 2073 999 2093 a
1023 2063 1161 2092 Pausan.
1175 2061 1218 2091 ix.
1230 2073 1261 2103 p.
1277 2061 1350 2092 720.
1366 2060 1525 2102 Amphion

864 2112 903 2142 ob
928 2110 1054 2142 Tantali
1080 2110 1262 2141 affinitatem
1282 2109 1397 2151 Lydios
1419 2109 1527 2140 modos

865 2171 883 2191 a
910 2160 1018 2202 Lydiis
1040 2158 1189 2190 didicisse
1218 2164 1370 2189 narratur.
1416 2159 1525 2187 Admo-

866 2211 932 2241 neri
946 2209 1113 2250 exemplis,
1128 2208 1165 2238 iis
1180 2207 1312 2249 impelli,
1328 2213 1362 2238 ut
1381 2206 1438 2237 tibi
1452 2217 1525 2237 con-

865 2258 959 2289 sulas.
1008 2258 1108 2288 Verbis
1132 2258 1295 2287 minoribus
1316 2260 1374 2292 uti,
1392 2255 1524 2286 submis-

866 2307 930 2338 sius
954 2306 1052 2348 loqui,
1075 2311 1109 2336 ut
1133 2316 1224 2336 versu
1254 2306 1327 2335 368.
1374 2304 1457 2335 Vide
1486 2304 1526 2335 ad

866 2356 908 2387 ix.
925 2357 979 2387 31.

914 2407 986 2436 152.
1005 2406 1136 2442 Animos,
1152 2403 1339 2445 superbiam.
1366 2402 1422 2432 Sed
1438 2405 1527 2439 enim,

868 2460 897 2486 at
914 2465 999 2486 vero.
1044 2456 1143 2491 Artes,
1159 2453 1290 2489 musica,
1309 2462 1371 2494 qua
1394 2452 1528 2483 excelle-

867 2506 922 2536 bat
950 2504 1121 2546 Amphion,
1147 2513 1217 2544 quae
1249 2502 1321 2532 inde
1351 2502 1529 2540 Amphionia

869 2566 918 2585 urs
941 2554 1026 2596 apud
1041 2553 1201 2584 Sidonium
1219 2552 1323 2593 Apoll.
1340 2551 1379 2581 ab
1396 2550 1528 2581 Heinsio

868 2603 1025 2634 laudatur.
1070 2603 1109 2633 In
1128 2601 1245 2632 Twisd.
1262 2600 1341 2632 Cod.
1356 2600 1458 2640 glossa
1473 2599 1528 2630 ad-

870 2653 986 2694 scripta
1023 2658 1098 2688 erat,
1127 2653 1197 2692 quia
1229 2651 1408 2681 cithartrdus
1444 2656 1530 2680 erat.-

144 2703 307 2739 Phaedrus,
326 2703 354 2733 I.
376 2703 484 2734 fabula
499 2714 528 2733 v.
543 2704 584 2733 20
598 2715 603 2732 :
632 2703 747 2733 Rumor
769 2704 805 2732 de
871 2701 943 2733 vide
959 2701 1133 2732 adversum
1149 2702 1219 2731 178.
1243 2700 1304 2730 Sed
1319 2698 1475 2730 Brouckh.
1489 2699 1529 2730 ad

145 2754 268 2784 tibicine
280 2753 392 2793 fremit
412 2755 445 2781 in
468 2753 593 2782 theatro.
637 2751 688 2781 De
710 2751 806 2781 Fama
874 2752 1014 2792 Propert.
1040 2751 1106 2781 III.
1125 2751 1176 2781 vii.
1202 2751 1254 2781 39.
1273 2760 1327 2791 per
1353 2756 1432 2780 artes
1454 2749 1487 2780 h.
1510 2748 1533 2778 l.

191 2802 292 2833 VOL.
307 2801 370 2832 III.

1008 2800 1074 2830 Uu
