1763 3181
409 180 1025 222 METAMORPHOSEON
1059 179 1178 220 LIB.
1212 178 1302 219 III.
1455 181 1539 222 233

157 295 442 358 Anticipata
458 295 536 342 via
554 302 653 342 est:
681 295 934 342 dominum
955 293 1281 341 retinentibus
1302 294 1413 349 illis,
1440 298 1536 342 235

159 372 339 419 Cetera
363 372 508 419 turba
531 372 644 427 coit,
671 371 961 434 confertque
983 371 1032 417 in
1057 386 1262 434 corpore
1287 371 1480 418 dentes.

155 447 186 494 J
191 464 269 495 am
293 449 401 496 loca
419 449 701 496 vulneribus
726 449 933 496 desunt:
964 447 1116 510 gemit
1140 447 1240 502 ille,
1263 463 1540 510 sonumque

160 523 240 580 Et,
262 525 302 572 si
327 542 424 573 non
446 525 674 582 hominis,
698 541 847 588 quem
873 542 970 572 non
995 532 1162 571 tamen
1189 524 1336 570 edere
1361 524 1520 587 possit

159 601 364 659 Cervus,
397 603 576 660 habet3
619 602 910 665 moestisque
942 602 1101 665 replet
1125 602 1247 664 juga
1274 608 1391 648 nota
1419 617 1539 664 que-

357 679 499 727 relis:

159 754 225 801 Et
244 755 454 817 genibus
471 756 685 819 supplex
702 755 893 819 positis,
912 755 1188 817 similisque
1207 755 1417 817 roganti,
1445 759 1541 801 240

161 831 459 880 Circumfert
478 832 674 888 tacitos,
701 839 939 895 tanquam
965 848 1054 879 sua
1078 831 1298 887 brachia,
1325 832 1505 879 vultus.

157 908 226 956 At
249 910 455 957 comites
480 909 708 973 rapidum
730 908 887 956 solitis
913 909 1189 955 hortatibus
1216 925 1392 971 agmen

158 985 324 1048 Ignari
349 986 601 1049 instigant,
627 986 884 1049 oculisque
911 985 1151 1032 Actaeona
1175 994 1430 1048 quaerunt;

158 1062 225 1111 Et
247 1064 382 1111 velut
407 1065 663 1111 absentem
688 1062 916 1110 certatim
942 1062 1184 1109 Actaeona
1206 1063 1439 1110 clamant.

156 1139 236 1187 Ad
261 1156 441 1188 nomen
468 1149 619 1204 caput
643 1141 722 1188 ille
748 1140 912 1195 refert,
940 1148 994 1187 ut
1018 1141 1195 1188 abesse
1222 1147 1510 1203 queruntur,

159 1217 205 1263 N
211 1234 267 1265 ec
290 1234 468 1282 capere
487 1219 665 1266 oblatae
683 1235 885 1281 segnem
907 1218 1194 1281 spectacula
1214 1218 1410 1281 praedae.
1447 1221 1542 1265 246

155 1295 321 1343 Vellet
336 1297 511 1344 abesse
528 1297 756 1360 quidem:
787 1297 875 1343 sed
895 1296 1037 1343 adest
1054 1314 1064 1352 ;
1093 1295 1343 1357 velletque
1357 1294 1539 1350 videre,

157 1372 272 1420 Non
296 1373 444 1421 etiam
470 1374 651 1422 sentire
676 1390 854 1421 canum
879 1373 982 1420 fera
1004 1372 1135 1419 facta
1159 1388 1374 1418 suorum.
1416 1372 1542 1434 [tris‚

158 1449 397 1513 Undique
430 1452 778 1507 circumstant;
820 1449 1095 1512 mersisque
1129 1449 1179 1494 in
1203 1463 1407 1512 corpore
1441 1465 1542 1496 ros-

158 1526 447 1576 Dilacerant
469 1528 578 1576 falsi
603 1528 857 1575 dominum
883 1528 975 1574 sub
1001 1526 1214 1589 imagine
1240 1525 1386 1573 cervi.

225 1605 350 1662 Nec,
377 1605 471 1652 nisi
495 1605 633 1653 finita
657 1621 744 1669 per
769 1604 979 1669 plurima
1002 1604 1204 1650 vulnera
1227 1603 1342 1658 vita,
1447 1606 1537 1650 251

883 1759 997 1784 tratum
1013 1752 1159 1783 caninum
1174 1751 1352 1782 aemulante.
1391 1751 1544 1782 Hortatur

883 1812 977 1833 canes
999 1807 1029 1831 et
1053 1805 1158 1831 monet
1180 1806 1324 1831 venator:
1351 1799 1421 1830 vide
1446 1799 1542 1830 Hein-

882 1851 976 1882 sium.
1036 1851 1168 1892 Ignari‚·
1206 1855 1242 1880 ut
1271 1860 1362 1880 versu
1388 1851 1421 1879 3.
1451 1850 1545 1880 oculis

883 1907 1044 1941 quoerunt;
1087 1899 1131 1929 iv.
1163 1900 1243 1929 129:
1278 1900 1425 1938 juvenem
1453 1901 1547 1929 oculis

155 1765 173 1784 a
209 1758 295 1795 tergo
333 1755 525 1786 adoriuntur.
588 1754 813 1794 Compendium,

156 1814 246 1834 omne
270 1804 404 1840 lucrum,
421 1804 503 1845 quod
523 1803 554 1835 in
575 1814 762 1845 quacunque
784 1814 815 1833 re

155 1853 258 1883 facere
272 1864 444 1895 possumus,
457 1853 511 1884 sed
525 1854 557 1884 in
572 1853 678 1895 primis
692 1853 731 1883 de
746 1853 815 1883 bre-

155 1902 239 1933 viore
254 1903 305 1933 via
320 1903 466 1939 occurrit,
480 1913 577 1944 quam
593 1903 673 1944 quis,
687 1903 815 1943 ambag-

155 1950 226 1982 ibus
248 1952 377 1987 relictis,
402 1952 531 1983 insistit:
569 1952 640 1983 vide
663 1951 816 1982 Schwarz.

157 2001 197 2031 ad
226 2001 322 2031 Plinii
350 2002 470 2043 Paneg.
497 2012 566 2043 cap.
592 2012 662 2032 xcv.
685 2012 718 2042 p.
744 2001 817 2031 488.

158 2051 314 2090 Anticipat
334 2053 413 2081 viam
435 2051 471 2087 is,
493 2050 546 2092 qui
571 2050 702 2081 alterum
727 2057 815 2080 ante-

157 2100 249 2130 vertit
262 2110 365 2130 cursu.

201 2150 276 2180 238.
295 2150 346 2185 Et,
361 2151 385 2180 si
400 2160 459 2180 non
475 2150 610 2185 hominis,
628 2148 704 2189 etc.]
733 2148 816 2179 Con-

158 2198 203 2228 fer
227 2209 351 2229 versum
374 2199 436 2229 667
458 2198 529 2229 libri
544 2198 576 2229 ii.
626 2199 711 2239 Juga
735 2204 815 2234 ποτα,

156 2247 188 2277 iu
213 2247 326 2288 quibus
347 2247 454 2278 venari
477 2247 584 2278 solitus
603 2248 720 2278 fuerat:
747 2246 816 2277 vide

158 2297 197 2327 ad
213 2296 234 2327 i.
249 2297 323 2328 370.
369 2297 473 2327 Prona
490 2309 592 2338 genua
611 2307 650 2328 an
671 2297 715 2328 sic
732 2302 815 2328 recte

157 2346 312 2383 dicantur,
339 2347 459 2378 dubito.
503 2348 564 2378 Sed
590 2359 697 2387 ponere
724 2359 815 2389 genn,

158 2396 290 2427 formula
303 2397 438 2428 solennis
457 2397 496 2427 de
518 2397 744 2439 supplicatione
760 2410 765 2427 z
792 2397 815 2427 i.

161 2446 233 2476 729.
255 2446 309 2488 qui
331 2447 398 2477 loco
423 2452 524 2477 nostro
550 2446 735 2478 simillimus.
780 2447 817 2477 In

160 2500 247 2526 tanta
275 2494 357 2525 enim
386 2506 489 2526 rerum
518 2495 720 2526 similitudine
753 2495 818 2526 fieri

159 2544 243 2575 haud
257 2545 369 2586 potuit,
385 2545 461 2586 quin
485 2544 600 2575 similia
618 2546 712 2576 verba
732 2546 815 2576 simi-

156 2593 264 2635 lesque
279 2593 439 2624 sententiae
454 2599 676 2635 repeterentur.

200 2644 275 2673 242.
292 2643 497 2684 How-tatibus]
524 2644 718 2674 Vetustiores
730 2653 816 2673 niax-

159 2691 222 2721 ima
232 2701 269 2722 ex
281 2696 379 2732 parte,
392 2693 562 2727 latratibus,
574 2692 657 2733 quod
670 2691 818 2722 Heinsius

158 2739 427 2781 interpretabatur,
442 2740 575 2771 clamore
590 2746 622 2771 et
636 2740 759 2771 hortatu
774 2740 819 2770 la-

883 1951 1038 1989 animoque
1072 1949 1212 1988 requirit.
1248 1947 1298 1978 Sic
1329 1953 1360 1978 et
1389 1947 1473 1978 Plin.
1504 1948 1547 1979 vi.

884 2006 942 2047 Ep.
959 2016 988 2036 x.

926 2056 1000 2085 245.
1018 2055 1067 2084 Ad
1082 2065 1198 2089 nomen,
1214 2052 1321 2084 audito
1337 2063 1392 2083 suo
1404 2054 1526 2084 nomine
1540 2066 1548 2092 ;

882 2109 916 2134 ut
931 2104 972 2134 iv.
987 2105 1058 2134 145.
1105 2103 1223 2144 Refert,
1238 2103 1381 2137 reflectit,
1397 2108 1547 2143 tanquam

883 2164 914 2184 se
951 2153 1155 2183 indicaturus.
1217 2152 1329 2190 capere
1365 2153 1546 2190 spectacula,

882 2208 1033 2244 spectare.
1066 2201 1173 2231 Oblata
1187 2206 1271 2231 recte
1284 2200 1323 2230 de
1339 2200 1454 2241 praeda.
1490 2202 1545 2241 Os-

872 2252 959 2292 ferri
975 2251 1056 2281 enim
1078 2250 1235 2285 dicuntur,
1252 2250 1283 2279 in
1299 2259 1368 2289 quae
1391 2248 1547 2291 insperato

882 2300 1058 2331 incidimus.
1118 2299 1198 2329 Fer-a
1223 2299 1316 2339 fucta
1345 2298 1543 2339 elephantum

882 2349 978 2380 habet
1001 2349 1096 2379 etiam
1120 2348 1292 2383 Lucretius,
1309 2358 1338 2378 v,
1357 2348 1458 2385 1339,
1483 2349 1545 2379 Eu-

883 2398 974 2440 ripid.
992 2397 1110 2428 Bacch.
1127 2398 1202 2427 337.
1221 2397 1371 2438 ὠμόσιτοι
1387 2396 1542 2435 σκύλακες

884 2445 1053 2477 Actaeonis.
1077 2446 1115 2476 In
1126 2445 1173 2476 his
1185 2447 1281 2481 vellet,
1294 2451 1354 2475 etc.
1363 2445 1444 2475 ludit
1455 2452 1546 2487 poeta

885 2507 998 2531 rursus,
1014 2506 1098 2526 more
1113 2506 1179 2526 suo.
1215 2496 1321 2525 Falsus
1336 2506 1461 2532 οπως,-
1478 2502 1513 2526 ut
1526 2496 1544 2526 i.

887 2545 1070 2586 754.falsus
1082 2547 1213 2586 genito-r.

927 2596 1000 2625 251.
1026 2594 1099 2629 Nec,
1126 2595 1312 2633 iiisifiv1ita,
1337 2593 1413 2633 etc.]
1452 2593 1545 2623 Hunc

886 2654 1006 2673 versum
1041 2648 1072 2673 et
1106 2648 1300 2683 sequentem,
1332 2652 1409 2683 quos
1439 2641 1544 2673 Codex

885 2692 995 2733 Sprotii
1020 2702 1039 2721 a
1060 2702 1154 2722 manu
1175 2690 1345 2721 recentiore
1361 2690 1492 2732 margini
1514 2702 1546 2721 a·

886 2741 1014 2782 scriptos
1039 2740 1144 2776 habet,
1163 2739 1267 2770 caeteri
1283 2751 1353 2771 vero
1373 2738 1477 2770 ordine
1495 2751 1546 2770 ex-
