<?xml version="1.0" encoding="UTF-8"?>
<!DOCTYPE html PUBLIC "-//W3C//DTD XHTML 1.0 Transitional//EN"
    "http://www.w3.org/TR/xhtml1/DTD/xhtml1-transitional.dtd">
<html xmlns="http://www.w3.org/1999/xhtml" xml:lang="en" lang="en">
 <head>
  <title>
</title>
<meta http-equiv="Content-Type" content="text/html;charset=utf-8" />
  <meta name='ocr-system' content='tesseract 3.04.00' />
  <meta name='ocr-capabilities' content='ocr_page ocr_carea ocr_par ocr_line ocrx_word'/>
</head>
<body>
  <div class='ocr_page' id='page_1' title='image "./povidiinasonisop03oviduoft_0313.png"; bbox 0 0 1763 3181; ppageno 0'>
   <div class='ocr_carea' id='block_1_1' title="bbox 427 168 1310 214">
    <p class='ocr_par' dir='ltr' id='par_1_1' title="bbox 427 168 1310 214">
     <span class='ocr_line' id='line_1_1' title="bbox 427 168 1310 214; baseline -0.003 0"><span class='ocrx_word' id='word_1_1' title='bbox 427 168 1046 214; x_wconf 81' lang='lat' dir='ltr'><strong>METAMO&#39;RPHOSEON</strong></span> <span class='ocrx_word' id='word_1_2' title='bbox 1081 172 1198 213; x_wconf 79' lang='lat' dir='ltr'>LJB.</span> <span class='ocrx_word' id='word_1_3' title='bbox 1231 172 1310 212; x_wconf 78' lang='lat' dir='ltr'>IV.</span> 
     </span>
    </p>
   </div>
   <div class='ocr_carea' id='block_1_2' title="bbox 1476 173 1561 213">
    <p class='ocr_par' dir='ltr' id='par_1_2' title="bbox 1476 173 1561 213">
     <span class='ocr_line' id='line_1_2' title="bbox 1476 173 1561 213; baseline 0 0"><span class='ocrx_word' id='word_1_4' title='bbox 1476 173 1561 213; x_wconf 76' lang='lat'>:303</span> 
     </span>
    </p>
   </div>
   <div class='ocr_carea' id='block_1_3' title="bbox 178 286 1559 428">
    <p class='ocr_par' dir='ltr' id='par_1_3' title="bbox 178 286 1559 428">
     <span class='ocr_line' id='line_1_3' title="bbox 178 286 1440 349; baseline 0.001 -17"><span class='ocrx_word' id='word_1_5' title='bbox 178 286 207 332; x_wconf 90' lang='lat' dir='ltr'><strong>J</strong></span> <span class='ocrx_word' id='word_1_6' title='bbox 214 287 443 349; x_wconf 87' lang='lat' dir='ltr'>ugeribus</span> <span class='ocrx_word' id='word_1_7' title='bbox 469 288 712 335; x_wconf 88' lang='lat' dir='ltr'>distentus</span> <span class='ocrx_word' id='word_1_8' title='bbox 739 295 869 336; x_wconf 86' lang='lat' dir='ltr'>erat:</span> <span class='ocrx_word' id='word_1_9' title='bbox 910 287 1016 342; x_wconf 91' lang='lat' dir='ltr'>tibi,</span> <span class='ocrx_word' id='word_1_10' title='bbox 1044 287 1267 344; x_wconf 87' lang='lat' dir='ltr'>Tantale‚</span> <span class='ocrx_word' id='word_1_11' title='bbox 1296 288 1440 334; x_wconf 85' lang='lat' dir='ltr'>nullae</span> 
     </span>
     <span class='ocr_line' id='line_1_4' title="bbox 178 363 1559 428; baseline 0.001 -19"><span class='ocrx_word' id='word_1_12' title='bbox 178 363 564 428; x_wconf 87' lang='lat' dir='ltr'>Deprenduntur</span> <span class='ocrx_word' id='word_1_13' title='bbox 610 380 780 427; x_wconf 83' lang='lat' dir='ltr'>aquae3</span> <span class='ocrx_word' id='word_1_14' title='bbox 838 381 1050 427; x_wconf 87' lang='lat' dir='ltr'>quaeque</span> <span class='ocrx_word' id='word_1_15' title='bbox 1097 365 1334 418; x_wconf 80' lang='lat' dir='ltr'>imminet,</span> <span class='ocrx_word' id='word_1_16' title='bbox 1386 364 1559 426; x_wconf 81' lang='lat' dir='ltr'>effugit</span> 
     </span>
    </p>
   </div>
   <div class='ocr_carea' id='block_1_4' title="bbox 376 442 549 489">
    <p class='ocr_par' dir='ltr' id='par_1_4' title="bbox 376 442 549 489">
     <span class='ocr_line' id='line_1_5' title="bbox 376 442 549 489; baseline 0.012 -2"><span class='ocrx_word' id='word_1_17' title='bbox 376 442 518 488; x_wconf 88' lang='lat' dir='ltr'>arbor</span> <span class='ocrx_word' id='word_1_18' title='bbox 540 458 549 489; x_wconf 90' lang='lat'>:</span> 
     </span>
    </p>
   </div>
   <div class='ocr_carea' id='block_1_5' title="bbox 177 516 1507 581">
    <p class='ocr_par' dir='ltr' id='par_1_5' title="bbox 177 516 1507 581">
     <span class='ocr_line' id='line_1_6' title="bbox 177 516 1507 581; baseline 0.002 -19"><span class='ocrx_word' id='word_1_19' title='bbox 177 516 280 564; x_wconf 87' lang='lat' dir='ltr'>Aut</span> <span class='ocrx_word' id='word_1_20' title='bbox 302 517 448 580; x_wconf 89' lang='lat' dir='ltr'>petis,</span> <span class='ocrx_word' id='word_1_21' title='bbox 476 524 562 564; x_wconf 90' lang='lat' dir='ltr'>aut</span> <span class='ocrx_word' id='word_1_22' title='bbox 586 534 731 580; x_wconf 82' lang='lat' dir='ltr'>urges</span> <span class='ocrx_word' id='word_1_23' title='bbox 756 518 1013 573; x_wconf 86' lang='lat' dir='ltr'>ruiturum,</span> <span class='ocrx_word' id='word_1_24' title='bbox 1043 517 1276 581; x_wconf 84' lang='lat' dir='ltr'>Sisyphe,</span> <span class='ocrx_word' id='word_1_25' title='bbox 1305 534 1507 565; x_wconf 84' lang='lat' dir='ltr'>saxum:</span> 
     </span>
    </p>
   </div>
   <div class='ocr_carea' id='block_1_6' title="bbox 175 593 1366 661">
    <p class='ocr_par' dir='ltr' id='par_1_6' title="bbox 175 593 1366 661">
     <span class='ocr_line' id='line_1_7' title="bbox 175 593 1366 661; baseline 0.002 -21"><span class='ocrx_word' id='word_1_26' title='bbox 175 593 398 641; x_wconf 87' lang='lat' dir='ltr'><strong>Volvitur</strong></span> <span class='ocrx_word' id='word_1_27' title='bbox 424 593 584 650; x_wconf 85' lang='lat' dir='ltr'>Ixion,</span> <span class='ocrx_word' id='word_1_28' title='bbox 611 602 661 642; x_wconf 89' lang='lat' dir='ltr'>et</span> <span class='ocrx_word' id='word_1_29' title='bbox 685 611 738 641; x_wconf 90' lang='lat' dir='ltr'>se</span> <span class='ocrx_word' id='word_1_30' title='bbox 763 594 1086 661; x_wconf 77' lang='lat' dir='ltr'>sequiturque</span> <span class='ocrx_word' id='word_1_31' title='bbox 1111 594 1366 657; x_wconf 83' lang='lat' dir='ltr'>fugitque:</span> 
     </span>
    </p>
   </div>
   <div class='ocr_carea' id='block_1_7' title="bbox 1462 597 1559 641">
    <p class='ocr_par' dir='ltr' id='par_1_7' title="bbox 1462 597 1559 641">
     <span class='ocr_line' id='line_1_8' title="bbox 1462 597 1559 641; baseline 0 -1"><span class='ocrx_word' id='word_1_32' title='bbox 1462 597 1559 641; x_wconf 76' lang='grc'>460</span> 
     </span>
    </p>
   </div>
   <div class='ocr_carea' id='block_1_8' title="bbox 177 670 1498 890">
    <p class='ocr_par' dir='ltr' id='par_1_8' title="bbox 177 670 1498 890">
     <span class='ocr_line' id='line_1_9' title="bbox 178 670 1262 735; baseline 0.002 -19"><span class='ocrx_word' id='word_1_33' title='bbox 178 670 447 734; x_wconf 90' lang='lat' dir='ltr'>Molirique</span> <span class='ocrx_word' id='word_1_34' title='bbox 474 671 575 718; x_wconf 89' lang='lat' dir='ltr'>suis</span> <span class='ocrx_word' id='word_1_35' title='bbox 601 671 755 718; x_wconf 84' lang='lat' dir='ltr'>letum</span> <span class='ocrx_word' id='word_1_36' title='bbox 781 671 1087 735; x_wconf 76' lang='lat' dir='ltr'>patruelibus</span> <span class='ocrx_word' id='word_1_37' title='bbox 1114 688 1262 727; x_wconf 84' lang='lat' dir='ltr'>ausae,</span> 
     </span>
     <span class='ocr_line' id='line_1_10' title="bbox 177 746 1498 812; baseline 0.001 -19"><span class='ocrx_word' id='word_1_38' title='bbox 177 746 392 795; x_wconf 88' lang='lat' dir='ltr'>Assidue</span> <span class='ocrx_word' id='word_1_39' title='bbox 416 756 664 812; x_wconf 86' lang='lat' dir='ltr'>repetunt,</span> <span class='ocrx_word' id='word_1_40' title='bbox 692 765 815 812; x_wconf 91' lang='lat' dir='ltr'>quas</span> <span class='ocrx_word' id='word_1_41' title='bbox 841 749 1067 812; x_wconf 89' lang='lat' dir='ltr'>perdant,</span> <span class='ocrx_word' id='word_1_42' title='bbox 1098 749 1297 796; x_wconf 85' lang='lat' dir='ltr'>Belides</span> <span class='ocrx_word' id='word_1_43' title='bbox 1324 749 1498 795; x_wconf 87' lang='lat' dir='ltr'>undas.</span> 
     </span>
     <span class='ocr_line' id='line_1_11' title="bbox 181 824 1358 890; baseline 0.001 -18"><span class='ocrx_word' id='word_1_44' title='bbox 181 824 318 879; x_wconf 81' lang='lat' dir='ltr'>Quos</span> <span class='ocrx_word' id='word_1_45' title='bbox 344 842 515 874; x_wconf 88' lang='lat' dir='ltr'>omnes</span> <span class='ocrx_word' id='word_1_46' title='bbox 541 827 646 874; x_wconf 87' lang='lat' dir='ltr'>acie</span> <span class='ocrx_word' id='word_1_47' title='bbox 671 834 939 890; x_wconf 81' lang='lat' dir='ltr'>postquam</span> <span class='ocrx_word' id='word_1_48' title='bbox 968 827 1198 875; x_wconf 89' lang='lat' dir='ltr'>Saturnia</span> <span class='ocrx_word' id='word_1_49' title='bbox 1221 834 1358 873; x_wconf 87' lang='lat' dir='ltr'>torva</span> 
     </span>
    </p>
   </div>
   <div class='ocr_carea' id='block_1_9' title="bbox 178 901 1378 961">
    <p class='ocr_par' dir='ltr' id='par_1_9' title="bbox 178 901 1378 961">
     <span class='ocr_line' id='line_1_12' title="bbox 178 901 1378 961; baseline 0.002 -13"><span class='ocrx_word' id='word_1_50' title='bbox 178 901 332 959; x_wconf 90' lang='lat' dir='ltr'>Vidit,</span> <span class='ocrx_word' id='word_1_51' title='bbox 359 909 409 950; x_wconf 87' lang='lat' dir='ltr'>et</span> <span class='ocrx_word' id='word_1_52' title='bbox 433 910 547 950; x_wconf 89' lang='lat' dir='ltr'>ante</span> <span class='ocrx_word' id='word_1_53' title='bbox 572 920 742 951; x_wconf 90' lang='lat' dir='ltr'>omnes</span> <span class='ocrx_word' id='word_1_54' title='bbox 770 903 973 961; x_wconf 84' lang='lat' dir='ltr'>Ixiona;</span> <span class='ocrx_word' id='word_1_55' title='bbox 1015 921 1182 951; x_wconf 85' lang='lat' dir='ltr'>rursus</span> <span class='ocrx_word' id='word_1_56' title='bbox 1208 905 1269 950; x_wconf 90' lang='lat' dir='ltr'>ab</span> <span class='ocrx_word' id='word_1_57' title='bbox 1296 904 1378 951; x_wconf 86' lang='lat' dir='ltr'>illo</span> 
     </span>
    </p>
   </div>
   <div class='ocr_carea' id='block_1_10' title="bbox 1466 905 1562 950">
    <p class='ocr_par' dir='ltr' id='par_1_10' title="bbox 1466 905 1562 950">
     <span class='ocr_line' id='line_1_13' title="bbox 1466 905 1562 950; baseline 0 -1"><span class='ocrx_word' id='word_1_58' title='bbox 1466 905 1562 950; x_wconf 80' lang='lat'>464</span> 
     </span>
    </p>
   </div>
   <div class='ocr_carea' id='block_1_11' title="bbox 179 978 1565 1355">
    <p class='ocr_par' dir='ltr' id='par_1_11' title="bbox 179 978 1565 1355">
     <span class='ocr_line' id='line_1_14' title="bbox 179 978 1562 1044; baseline 0 -19"><span class='ocrx_word' id='word_1_59' title='bbox 179 978 431 1043; x_wconf 88' lang='lat' dir='ltr'>Sisyphon</span> <span class='ocrx_word' id='word_1_60' title='bbox 457 980 726 1044; x_wconf 87' lang='lat' dir='ltr'>aspiciens;</span> <span class='ocrx_word' id='word_1_61' title='bbox 756 988 784 1005; x_wconf 87' lang='lat'>“</span> <span class='ocrx_word' id='word_1_62' title='bbox 807 982 911 1029; x_wconf 83' lang='lat' dir='ltr'>Cur</span> <span class='ocrx_word' id='word_1_63' title='bbox 930 982 1010 1029; x_wconf 89' lang='lat' dir='ltr'>hic</span> <span class='ocrx_word' id='word_1_64' title='bbox 1036 999 1062 1029; x_wconf 86' lang='lat' dir='ltr'>e</span> <span class='ocrx_word' id='word_1_65' title='bbox 1087 981 1369 1037; x_wconf 82' lang='lat' dir='ltr'>fratribus‚”</span> <span class='ocrx_word' id='word_1_66' title='bbox 1386 980 1562 1043; x_wconf 89' lang='lat' dir='ltr'>inquit,</span> 
     </span>
     <span class='ocr_line' id='line_1_15' title="bbox 181 1056 1565 1123; baseline 0.001 -20"><span class='ocrx_word' id='word_1_67' title='bbox 181 1061 212 1080; x_wconf 92' lang='lat'><strong><em>“</em></strong></span> <span class='ocrx_word' id='word_1_68' title='bbox 234 1056 510 1121; x_wconf 88' lang='lat' dir='ltr'>Perpetuas</span> <span class='ocrx_word' id='word_1_69' title='bbox 531 1058 716 1122; x_wconf 87' lang='lat' dir='ltr'>patitur</span> <span class='ocrx_word' id='word_1_70' title='bbox 734 1061 941 1123; x_wconf 72' lang='lat' dir='ltr'>poenas?</span> <span class='ocrx_word' id='word_1_71' title='bbox 967 1060 1272 1107; x_wconf 81' lang='lat' dir='ltr'>Athamanta</span> <span class='ocrx_word' id='word_1_72' title='bbox 1295 1059 1565 1122; x_wconf 82' lang='lat' dir='ltr'>superbum</span> 
     </span>
     <span class='ocr_line' id='line_1_16' title="bbox 180 1133 1507 1200; baseline 0.001 -20"><span class='ocrx_word' id='word_1_73' title='bbox 180 1133 342 1197; x_wconf 87' lang='lat' dir='ltr'>Regia</span> <span class='ocrx_word' id='word_1_74' title='bbox 364 1135 500 1182; x_wconf 87' lang='lat' dir='ltr'>dives</span> <span class='ocrx_word' id='word_1_75' title='bbox 526 1136 692 1192; x_wconf 86' lang='lat' dir='ltr'>habet,</span> <span class='ocrx_word' id='word_1_76' title='bbox 721 1137 805 1200; x_wconf 93' lang='lat' dir='ltr'>qui</span> <span class='ocrx_word' id='word_1_77' title='bbox 831 1153 909 1184; x_wconf 88' lang='lat' dir='ltr'>me</span> <span class='ocrx_word' id='word_1_78' title='bbox 935 1153 1048 1184; x_wconf 89' lang='lat' dir='ltr'>cum</span> <span class='ocrx_word' id='word_1_79' title='bbox 1074 1138 1285 1200; x_wconf 79' lang='lat' dir='ltr'>conjuge</span> <span class='ocrx_word' id='word_1_80' title='bbox 1311 1151 1507 1198; x_wconf 88' lang='lat' dir='ltr'>semper</span> 
     </span>
     <span class='ocr_line' id='line_1_17' title="bbox 179 1211 1435 1278; baseline 0.003 -20"><span class='ocrx_word' id='word_1_81' title='bbox 179 1211 380 1275; x_wconf 86' lang='lat' dir='ltr'>Sprevit</span> <span class='ocrx_word' id='word_1_82' title='bbox 394 1213 442 1260; x_wconf 79' lang='lat'>?”</span> <span class='ocrx_word' id='word_1_83' title='bbox 480 1220 530 1261; x_wconf 86' lang='lat' dir='ltr'>et</span> <span class='ocrx_word' id='word_1_84' title='bbox 553 1214 761 1278; x_wconf 83' lang='lat' dir='ltr'>exponit</span> <span class='ocrx_word' id='word_1_85' title='bbox 786 1231 962 1262; x_wconf 85' lang='lat' dir='ltr'>causas</span> <span class='ocrx_word' id='word_1_86' title='bbox 988 1214 1190 1277; x_wconf 88' lang='lat' dir='ltr'>odiique</span> <span class='ocrx_word' id='word_1_87' title='bbox 1215 1214 1435 1276; x_wconf 64' lang='lat' dir='ltr'>viaeque:</span> 
     </span>
     <span class='ocr_line' id='line_1_18' title="bbox 180 1287 1545 1355; baseline -0.001 -19"><span class='ocrx_word' id='word_1_88' title='bbox 180 1287 415 1353; x_wconf 84' lang='lat' dir='ltr'>Quidque</span> <span class='ocrx_word' id='word_1_89' title='bbox 439 1291 584 1338; x_wconf 88' lang='lat' dir='ltr'>velit:</span> <span class='ocrx_word' id='word_1_90' title='bbox 626 1292 759 1355; x_wconf 91' lang='lat' dir='ltr'>quod</span> <span class='ocrx_word' id='word_1_91' title='bbox 783 1292 947 1347; x_wconf 86' lang='lat' dir='ltr'>vellet,</span> <span class='ocrx_word' id='word_1_92' title='bbox 976 1299 1095 1347; x_wconf 84' lang='lat' dir='ltr'>erat,</span> <span class='ocrx_word' id='word_1_93' title='bbox 1118 1307 1180 1338; x_wconf 92' lang='lat' dir='ltr'>ne</span> <span class='ocrx_word' id='word_1_94' title='bbox 1205 1290 1340 1353; x_wconf 84' lang='lat' dir='ltr'>regia</span> <span class='ocrx_word' id='word_1_95' title='bbox 1367 1289 1545 1336; x_wconf 90' lang='lat' dir='ltr'>Cadmi</span> 
     </span>
    </p>
   </div>
   <div class='ocr_carea' id='block_1_12' title="bbox 175 1397 842 2720">
    <p class='ocr_par' dir='ltr' id='par_1_12' title="bbox 175 1397 839 1932">
     <span class='ocr_line' id='line_1_19' title="bbox 176 1397 838 1440; baseline 0.003 -13"><span class='ocrx_word' id='word_1_96' title='bbox 176 1397 310 1429; x_wconf 84' lang='lat' dir='ltr'>hominis</span> <span class='ocrx_word' id='word_1_97' title='bbox 321 1398 536 1440; x_wconf 83' lang='lat' dir='ltr'>superstitiosi,</span> <span class='ocrx_word' id='word_1_98' title='bbox 545 1398 652 1440; x_wconf 71' lang='lat' dir='ltr'>Tityos</span> <span class='ocrx_word' id='word_1_99' title='bbox 662 1398 820 1429; x_wconf 88' lang='lat' dir='ltr'>libidinosi</span> <span class='ocrx_word' id='word_1_100' title='bbox 831 1410 838 1437; x_wconf 76' lang='lat'>3</span> 
     </span>
     <span class='ocr_line' id='line_1_20' title="bbox 175 1446 837 1489; baseline 0.003 -13"><span class='ocrx_word' id='word_1_101' title='bbox 175 1446 327 1488; x_wconf 87' lang='lat' dir='ltr'>Sisyphus</span> <span class='ocrx_word' id='word_1_102' title='bbox 341 1446 497 1478; x_wconf 89' lang='lat' dir='ltr'>hominem</span> <span class='ocrx_word' id='word_1_103' title='bbox 509 1447 662 1488; x_wconf 80' lang='lat' dir='ltr'>designet,</span> <span class='ocrx_word' id='word_1_104' title='bbox 676 1447 729 1489; x_wconf 85' lang='lat' dir='ltr'>qui</span> <span class='ocrx_word' id='word_1_105' title='bbox 740 1448 837 1489; x_wconf 89' lang='lat' dir='ltr'>impe-</span> 
     </span>
     <span class='ocr_line' id='line_1_21' title="bbox 178 1495 838 1539; baseline 0 -12"><span class='ocrx_word' id='word_1_106' title='bbox 178 1495 225 1527; x_wconf 84' lang='lat' dir='ltr'>ria</span> <span class='ocrx_word' id='word_1_107' title='bbox 240 1496 351 1527; x_wconf 82' lang='lat' dir='ltr'>frustra</span> <span class='ocrx_word' id='word_1_108' title='bbox 371 1496 510 1535; x_wconf 66' lang='lat' dir='ltr'>ambiatg</span> <span class='ocrx_word' id='word_1_109' title='bbox 532 1508 588 1539; x_wconf 87' lang='lat' dir='ltr'>per</span> <span class='ocrx_word' id='word_1_110' title='bbox 602 1497 710 1528; x_wconf 86' lang='lat' dir='ltr'>Furias</span> <span class='ocrx_word' id='word_1_111' title='bbox 733 1503 838 1528; x_wconf 85' lang='lat' dir='ltr'>autem</span> 
     </span>
     <span class='ocr_line' id='line_1_22' title="bbox 176 1545 837 1588; baseline 0.002 -12"><span class='ocrx_word' id='word_1_112' title='bbox 176 1545 411 1587; x_wconf 86' lang='lat' dir='ltr'>intelligendam</span> <span class='ocrx_word' id='word_1_113' title='bbox 424 1557 490 1577; x_wconf 88' lang='lat' dir='ltr'>esse</span> <span class='ocrx_word' id='word_1_114' title='bbox 502 1546 666 1588; x_wconf 88' lang='lat' dir='ltr'>impiorum</span> <span class='ocrx_word' id='word_1_115' title='bbox 678 1547 837 1577; x_wconf 88' lang='lat' dir='ltr'>conscien-</span> 
     </span>
     <span class='ocr_line' id='line_1_23' title="bbox 176 1595 837 1637; baseline 0 -11"><span class='ocrx_word' id='word_1_116' title='bbox 176 1595 266 1626; x_wconf 77' lang='lat' dir='ltr'>tiam.</span> <span class='ocrx_word' id='word_1_117' title='bbox 314 1596 425 1637; x_wconf 73' lang='lat' dir='ltr'>Tityos,</span> <span class='ocrx_word' id='word_1_118' title='bbox 448 1596 550 1627; x_wconf 82' lang='lat' dir='ltr'>Terrae</span> <span class='ocrx_word' id='word_1_119' title='bbox 576 1596 670 1632; x_wconf 83' lang='lat' dir='ltr'>filius,</span> <span class='ocrx_word' id='word_1_120' title='bbox 696 1596 749 1637; x_wconf 89' lang='lat' dir='ltr'>qui</span> <span class='ocrx_word' id='word_1_121' title='bbox 775 1596 837 1626; x_wconf 90' lang='lat' dir='ltr'>vim</span> 
     </span>
     <span class='ocr_line' id='line_1_24' title="bbox 177 1644 836 1687; baseline 0.003 -13"><span class='ocrx_word' id='word_1_122' title='bbox 177 1644 325 1675; x_wconf 84' lang='lat' dir='ltr'>intulerat</span> <span class='ocrx_word' id='word_1_123' title='bbox 339 1645 478 1681; x_wconf 86' lang='lat' dir='ltr'>Latonae,</span> <span class='ocrx_word' id='word_1_124' title='bbox 493 1646 513 1676; x_wconf 88' lang='lat' dir='ltr'>J</span> <span class='ocrx_word' id='word_1_125' title='bbox 517 1644 581 1675; x_wconf 90' lang='lat' dir='ltr'>ovis</span> <span class='ocrx_word' id='word_1_126' title='bbox 596 1645 712 1687; x_wconf 86' lang='lat' dir='ltr'>pellici,</span> <span class='ocrx_word' id='word_1_127' title='bbox 728 1645 759 1675; x_wconf 90' lang='lat' dir='ltr'>in</span> <span class='ocrx_word' id='word_1_128' title='bbox 776 1651 836 1676; x_wconf 81' lang='lat' dir='ltr'>tar-</span> 
     </span>
     <span class='ocr_line' id='line_1_25' title="bbox 179 1693 836 1736; baseline 0.002 -13"><span class='ocrx_word' id='word_1_129' title='bbox 179 1699 247 1724; x_wconf 86' lang='lat' dir='ltr'>tara</span> <span class='ocrx_word' id='word_1_130' title='bbox 267 1693 410 1725; x_wconf 81' lang='lat' dir='ltr'>detrusus</span> <span class='ocrx_word' id='word_1_131' title='bbox 430 1696 551 1730; x_wconf 77' lang='lat' dir='ltr'>viscera,</span> <span class='ocrx_word' id='word_1_132' title='bbox 563 1694 661 1736; x_wconf 86' lang='lat' dir='ltr'>jecur,</span> <span class='ocrx_word' id='word_1_133' title='bbox 680 1695 836 1730; x_wconf 75' lang='lat' dir='ltr'>lanianda,</span> 
     </span>
     <span class='ocr_line' id='line_1_26' title="bbox 177 1743 836 1783; baseline 0.002 -10"><span class='ocrx_word' id='word_1_134' title='bbox 177 1743 367 1779; x_wconf 83' lang='lat' dir='ltr'>devoranda,</span> <span class='ocrx_word' id='word_1_135' title='bbox 389 1745 535 1783; x_wconf 77' lang='lat' dir='ltr'>praebebat</span> <span class='ocrx_word' id='word_1_136' title='bbox 559 1744 681 1774; x_wconf 92' lang='lat' dir='ltr'>duobus</span> <span class='ocrx_word' id='word_1_137' title='bbox 706 1744 836 1774; x_wconf 87' lang='lat' dir='ltr'>vulturi-</span> 
     </span>
     <span class='ocr_line' id='line_1_27' title="bbox 178 1792 839 1834; baseline 0.002 -12"><span class='ocrx_word' id='word_1_138' title='bbox 178 1792 246 1823; x_wconf 90' lang='lat' dir='ltr'>bus.</span> <span class='ocrx_word' id='word_1_139' title='bbox 282 1793 302 1824; x_wconf 88' lang='lat' dir='ltr'>J</span> <span class='ocrx_word' id='word_1_140' title='bbox 306 1793 417 1823; x_wconf 82' lang='lat' dir='ltr'>acebat</span> <span class='ocrx_word' id='word_1_141' title='bbox 433 1797 537 1823; x_wconf 85' lang='lat' dir='ltr'>autem</span> <span class='ocrx_word' id='word_1_142' title='bbox 554 1792 640 1823; x_wconf 90' lang='lat' dir='ltr'>humi</span> <span class='ocrx_word' id='word_1_143' title='bbox 657 1799 839 1834; x_wconf 83' lang='lat' dir='ltr'>prostratus,</span> 
     </span>
     <span class='ocr_line' id='line_1_28' title="bbox 178 1841 838 1884; baseline 0.002 -12"><span class='ocrx_word' id='word_1_144' title='bbox 178 1847 363 1883; x_wconf 86' lang='lat' dir='ltr'>vastumque</span> <span class='ocrx_word' id='word_1_145' title='bbox 388 1841 455 1883; x_wconf 82' lang='lat' dir='ltr'>ejus</span> <span class='ocrx_word' id='word_1_146' title='bbox 480 1852 591 1884; x_wconf 86' lang='lat' dir='ltr'>corpus</span> <span class='ocrx_word' id='word_1_147' title='bbox 617 1852 726 1872; x_wconf 88' lang='lat' dir='ltr'>novem</span> <span class='ocrx_word' id='word_1_148' title='bbox 748 1842 838 1884; x_wconf 78' lang='lat' dir='ltr'>juge-</span> 
     </span>
     <span class='ocr_line' id='line_1_29' title="bbox 177 1890 570 1932; baseline 0.003 -12"><span class='ocrx_word' id='word_1_149' title='bbox 177 1901 245 1921; x_wconf 89' lang='lat' dir='ltr'>rum</span> <span class='ocrx_word' id='word_1_150' title='bbox 259 1890 394 1932; x_wconf 85' lang='lat' dir='ltr'>spatium</span> <span class='ocrx_word' id='word_1_151' title='bbox 410 1890 570 1932; x_wconf 86' lang='lat' dir='ltr'>implebat.</span> 
     </span>
    </p>

    <p class='ocr_par' dir='ltr' id='par_1_13' title="bbox 178 1940 841 2621">
     <span class='ocr_line' id='line_1_30' title="bbox 224 1940 838 1982; baseline 0 -12"><span class='ocrx_word' id='word_1_152' title='bbox 224 1941 297 1972; x_wconf 87' lang='grc'><strong>457.</strong></span> <span class='ocrx_word' id='word_1_153' title='bbox 344 1941 496 1975; x_wconf 78' lang='lat' dir='ltr'>Distendi‚</span> <span class='ocrx_word' id='word_1_154' title='bbox 533 1941 662 1971; x_wconf 83' lang='lat' dir='ltr'>verbum</span> <span class='ocrx_word' id='word_1_155' title='bbox 698 1940 838 1982; x_wconf 77' lang='lat' dir='ltr'>elegans,</span> 
     </span>
     <span class='ocr_line' id='line_1_31' title="bbox 180 1990 840 2032; baseline 0 -12"><span class='ocrx_word' id='word_1_156' title='bbox 180 1990 264 2032; x_wconf 87' lang='lat' dir='ltr'>quod</span> <span class='ocrx_word' id='word_1_157' title='bbox 283 1990 323 2020; x_wconf 89' lang='lat' dir='ltr'>de</span> <span class='ocrx_word' id='word_1_158' title='bbox 338 1990 430 2031; x_wconf 85' lang='lat' dir='ltr'>longo</span> <span class='ocrx_word' id='word_1_159' title='bbox 446 2000 588 2031; x_wconf 81' lang='lat' dir='ltr'>agrorum</span> <span class='ocrx_word' id='word_1_160' title='bbox 603 1996 704 2021; x_wconf 84' lang='lat' dir='ltr'>tractu</span> <span class='ocrx_word' id='word_1_161' title='bbox 719 1990 840 2032; x_wconf 86' lang='lat' dir='ltr'>proprie</span> 
     </span>
     <span class='ocr_line' id='line_1_32' title="bbox 179 2038 839 2080; baseline 0.002 -11"><span class='ocrx_word' id='word_1_162' title='bbox 179 2043 371 2080; x_wconf 85' lang='lat' dir='ltr'>usurpatum,</span> <span class='ocrx_word' id='word_1_163' title='bbox 388 2038 438 2069; x_wconf 88' lang='lat' dir='ltr'>hic</span> <span class='ocrx_word' id='word_1_164' title='bbox 460 2038 499 2069; x_wconf 86' lang='lat' dir='ltr'>ad</span> <span class='ocrx_word' id='word_1_165' title='bbox 515 2039 751 2080; x_wconf 86' lang='lat' dir='ltr'>amplitudinem</span> <span class='ocrx_word' id='word_1_166' title='bbox 775 2049 839 2070; x_wconf 88' lang='lat' dir='ltr'>cor-</span> 
     </span>
     <span class='ocr_line' id='line_1_33' title="bbox 179 2087 841 2129; baseline 0.002 -11"><span class='ocrx_word' id='word_1_167' title='bbox 179 2087 261 2129; x_wconf 79' lang='lat' dir='ltr'>poris</span> <span class='ocrx_word' id='word_1_168' title='bbox 297 2087 517 2118; x_wconf 82' lang='lat' dir='ltr'>declarandam</span> <span class='ocrx_word' id='word_1_169' title='bbox 554 2088 739 2119; x_wconf 84' lang='lat' dir='ltr'>translatum</span> <span class='ocrx_word' id='word_1_170' title='bbox 784 2094 841 2120; x_wconf 86' lang='lat' dir='ltr'>est.</span> 
     </span>
     <span class='ocr_line' id='line_1_34' title="bbox 180 2137 841 2179; baseline 0 -10"><span class='ocrx_word' id='word_1_171' title='bbox 180 2137 295 2179; x_wconf 84' lang='lat' dir='ltr'>virgil.</span> <span class='ocrx_word' id='word_1_172' title='bbox 322 2143 353 2168; x_wconf 91' lang='lat' dir='ltr'>et</span> <span class='ocrx_word' id='word_1_173' title='bbox 375 2137 480 2168; x_wconf 90' lang='lat' dir='ltr'>Tibul.</span> <span class='ocrx_word' id='word_1_174' title='bbox 507 2137 539 2168; x_wconf 89' lang='lat' dir='ltr'>in</span> <span class='ocrx_word' id='word_1_175' title='bbox 565 2138 624 2168; x_wconf 86' lang='lat' dir='ltr'>hac</span> <span class='ocrx_word' id='word_1_176' title='bbox 649 2149 692 2174; x_wconf 89' lang='lat' dir='ltr'>re,</span> <span class='ocrx_word' id='word_1_177' title='bbox 714 2140 841 2179; x_wconf 76' lang='lat' dir='ltr'>porrigi.</span> 
     </span>
     <span class='ocr_line' id='line_1_35' title="bbox 178 2186 840 2228; baseline -0.002 -11"><span class='ocrx_word' id='word_1_178' title='bbox 178 2187 291 2228; x_wconf 85' lang='lat' dir='ltr'>Heyne</span> <span class='ocrx_word' id='word_1_179' title='bbox 313 2186 345 2217; x_wconf 89' lang='lat' dir='ltr'>in</span> <span class='ocrx_word' id='word_1_180' title='bbox 367 2187 445 2217; x_wconf 91' lang='lat' dir='ltr'>libro</span> <span class='ocrx_word' id='word_1_181' title='bbox 468 2188 573 2228; x_wconf 80' lang='lat' dir='ltr'>Antiq.</span> <span class='ocrx_word' id='word_1_182' title='bbox 589 2187 677 2228; x_wconf 63' lang='lat' dir='ltr'>Affs.</span> <span class='ocrx_word' id='word_1_183' title='bbox 700 2187 720 2217; x_wconf 84' lang='lat' dir='ltr'>i.</span> <span class='ocrx_word' id='word_1_184' title='bbox 743 2198 773 2228; x_wconf 91' lang='lat' dir='ltr'>p.</span> <span class='ocrx_word' id='word_1_185' title='bbox 789 2187 840 2218; x_wconf 86' lang='lat'>56.</span> 
     </span>
     <span class='ocr_line' id='line_1_36' title="bbox 179 2236 839 2278; baseline 0 -11"><span class='ocrx_word' id='word_1_186' title='bbox 179 2242 294 2273; x_wconf 89' lang='lat' dir='ltr'>monet,</span> <span class='ocrx_word' id='word_1_187' title='bbox 303 2236 417 2278; x_wconf 87' lang='lat' dir='ltr'>Tityon</span> <span class='ocrx_word' id='word_1_188' title='bbox 432 2236 525 2267; x_wconf 83' lang='lat' dir='ltr'>fuisse</span> <span class='ocrx_word' id='word_1_189' title='bbox 542 2236 645 2272; x_wconf 83' lang='lat' dir='ltr'>heroa,</span> <span class='ocrx_word' id='word_1_190' title='bbox 663 2237 751 2278; x_wconf 81' lang='lat' dir='ltr'>cujus</span> <span class='ocrx_word' id='word_1_191' title='bbox 766 2237 839 2267; x_wconf 89' lang='lat' dir='ltr'>bus-</span> 
     </span>
     <span class='ocr_line' id='line_1_37' title="bbox 179 2285 840 2327; baseline 0 -11"><span class='ocrx_word' id='word_1_192' title='bbox 179 2292 246 2316; x_wconf 87' lang='lat' dir='ltr'>tum</span> <span class='ocrx_word' id='word_1_193' title='bbox 268 2295 380 2326; x_wconf 85' lang='lat' dir='ltr'>magno</span> <span class='ocrx_word' id='word_1_194' title='bbox 396 2285 488 2316; x_wconf 82' lang='lat' dir='ltr'>fuerit</span> <span class='ocrx_word' id='word_1_195' title='bbox 507 2285 637 2322; x_wconf 83' lang='lat' dir='ltr'>ambitu,</span> <span class='ocrx_word' id='word_1_196' title='bbox 652 2291 685 2316; x_wconf 83' lang='lat' dir='ltr'>et</span> <span class='ocrx_word' id='word_1_197' title='bbox 700 2285 739 2315; x_wconf 81' lang='lat' dir='ltr'>ad</span> <span class='ocrx_word' id='word_1_198' title='bbox 757 2286 840 2327; x_wconf 89' lang='lat' dir='ltr'>quod</span> 
     </span>
     <span class='ocr_line' id='line_1_38' title="bbox 179 2334 841 2368; baseline 0.002 -4"><span class='ocrx_word' id='word_1_199' title='bbox 179 2334 317 2365; x_wconf 87' lang='lat' dir='ltr'>vultures</span> <span class='ocrx_word' id='word_1_200' title='bbox 332 2334 446 2364; x_wconf 77' lang='lat' dir='ltr'>versati</span> <span class='ocrx_word' id='word_1_201' title='bbox 461 2335 532 2365; x_wconf 87' lang='lat' dir='ltr'>sint.</span> <span class='ocrx_word' id='word_1_202' title='bbox 580 2334 739 2368; x_wconf 76' lang='lat' dir='ltr'>Tantalus,</span> <span class='ocrx_word' id='word_1_203' title='bbox 754 2335 841 2365; x_wconf 87' lang='lat' dir='ltr'>Jovis</span> 
     </span>
     <span class='ocr_line' id='line_1_39' title="bbox 180 2382 838 2425; baseline 0.002 -12"><span class='ocrx_word' id='word_1_204' title='bbox 180 2382 273 2419; x_wconf 86' lang='lat' dir='ltr'>filius,</span> <span class='ocrx_word' id='word_1_205' title='bbox 287 2383 352 2414; x_wconf 87' lang='lat' dir='ltr'>sive</span> <span class='ocrx_word' id='word_1_206' title='bbox 368 2382 444 2424; x_wconf 83' lang='lat' dir='ltr'>quia</span> <span class='ocrx_word' id='word_1_207' title='bbox 458 2383 546 2414; x_wconf 75' lang='lat' dir='ltr'>Jovis</span> <span class='ocrx_word' id='word_1_208' title='bbox 560 2394 674 2414; x_wconf 84' lang='lat' dir='ltr'>arcana</span> <span class='ocrx_word' id='word_1_209' title='bbox 688 2384 838 2425; x_wconf 75' lang='lat' dir='ltr'>vulgave—</span> 
     </span>
     <span class='ocr_line' id='line_1_40' title="bbox 182 2431 840 2474; baseline 0.003 -13"><span class='ocrx_word' id='word_1_210' title='bbox 182 2437 240 2467; x_wconf 84' lang='lat' dir='ltr'>rat,</span> <span class='ocrx_word' id='word_1_211' title='bbox 250 2431 315 2462; x_wconf 89' lang='lat' dir='ltr'>sive</span> <span class='ocrx_word' id='word_1_212' title='bbox 329 2432 402 2473; x_wconf 88' lang='lat' dir='ltr'>quia</span> <span class='ocrx_word' id='word_1_213' title='bbox 414 2432 483 2462; x_wconf 89' lang='lat' dir='ltr'>Diis</span> <span class='ocrx_word' id='word_1_214' title='bbox 496 2433 578 2474; x_wconf 85' lang='lat' dir='ltr'>apud</span> <span class='ocrx_word' id='word_1_215' title='bbox 595 2443 626 2462; x_wconf 90' lang='lat' dir='ltr'>se</span> <span class='ocrx_word' id='word_1_216' title='bbox 642 2433 840 2463; x_wconf 81' lang='lat' dir='ltr'>coenantibus</span> 
     </span>
     <span class='ocr_line' id='line_1_41' title="bbox 182 2481 837 2523; baseline 0.002 -12"><span class='ocrx_word' id='word_1_217' title='bbox 182 2481 332 2523; x_wconf 85' lang='lat' dir='ltr'>Pelopem</span> <span class='ocrx_word' id='word_1_218' title='bbox 361 2481 458 2512; x_wconf 82' lang='lat' dir='ltr'>filium</span> <span class='ocrx_word' id='word_1_219' title='bbox 488 2488 610 2512; x_wconf 88' lang='lat' dir='ltr'>coctum</span> <span class='ocrx_word' id='word_1_220' title='bbox 641 2488 837 2523; x_wconf 79' lang='lat' dir='ltr'>apposuerat,</span> 
     </span>
     <span class='ocr_line' id='line_1_42' title="bbox 183 2529 840 2572; baseline 0.002 -13"><span class='ocrx_word' id='word_1_221' title='bbox 183 2530 216 2560; x_wconf 89' lang='lat' dir='ltr'>in</span> <span class='ocrx_word' id='word_1_222' title='bbox 243 2529 364 2560; x_wconf 87' lang='lat' dir='ltr'>inferno</span> <span class='ocrx_word' id='word_1_223' title='bbox 386 2541 467 2567; x_wconf 88' lang='lat' dir='ltr'>eam,</span> <span class='ocrx_word' id='word_1_224' title='bbox 492 2541 561 2572; x_wconf 82' lang='lat' dir='ltr'>quae</span> <span class='ocrx_word' id='word_1_225' title='bbox 586 2531 636 2561; x_wconf 89' lang='lat' dir='ltr'>hic</span> <span class='ocrx_word' id='word_1_226' title='bbox 666 2530 840 2572; x_wconf 80' lang='lat' dir='ltr'>attingitur,</span> 
     </span>
     <span class='ocr_line' id='line_1_43' title="bbox 182 2579 392 2621; baseline 0.005 -11"><span class='ocrx_word' id='word_1_227' title='bbox 182 2589 310 2621; x_wconf 85' lang='lat' dir='ltr'>poenam</span> <span class='ocrx_word' id='word_1_228' title='bbox 325 2579 392 2611; x_wconf 89' lang='lat' dir='ltr'>luit.</span> 
     </span>
    </p>

    <p class='ocr_par' dir='ltr' id='par_1_14' title="bbox 183 2629 842 2720">
     <span class='ocr_line' id='line_1_44' title="bbox 225 2629 840 2671; baseline 0 -12"><span class='ocrx_word' id='word_1_229' title='bbox 225 2629 301 2660; x_wconf 88' lang='grc'><strong>459.</strong></span> <span class='ocrx_word' id='word_1_230' title='bbox 344 2629 449 2671; x_wconf 80' lang='lat' dir='ltr'>Urges,</span> <span class='ocrx_word' id='word_1_231' title='bbox 477 2640 531 2671; x_wconf 93' lang='lat' dir='ltr'>pro</span> <span class='ocrx_word' id='word_1_232' title='bbox 563 2629 659 2660; x_wconf 73' lang='lat' dir='ltr'>volvis</span> <span class='ocrx_word' id='word_1_233' title='bbox 695 2640 840 2671; x_wconf 70' lang='lat' dir='ltr'>magnam</span> 
     </span>
     <span class='ocr_line' id='line_1_45' title="bbox 183 2677 842 2720; baseline 0.002 -12"><span class='ocrx_word' id='word_1_234' title='bbox 183 2677 301 2709; x_wconf 81' lang='lat' dir='ltr'>indicat</span> <span class='ocrx_word' id='word_1_235' title='bbox 317 2678 390 2713; x_wconf 87' lang='lat' dir='ltr'>vim,</span> <span class='ocrx_word' id='word_1_236' title='bbox 407 2689 469 2720; x_wconf 76' lang='lat' dir='ltr'>qua</span> <span class='ocrx_word' id='word_1_237' title='bbox 492 2679 600 2709; x_wconf 74' lang='lat' dir='ltr'>nititur</span> <span class='ocrx_word' id='word_1_238' title='bbox 624 2686 728 2709; x_wconf 76' lang='lat' dir='ltr'>contra</span> <span class='ocrx_word' id='word_1_239' title='bbox 755 2690 842 2709; x_wconf 76' lang='lat' dir='ltr'>onus·</span> 
     </span>
    </p>
   </div>
   <div class='ocr_carea' id='block_1_13' title="bbox 184 2727 840 2769">
    <p class='ocr_par' dir='ltr' id='par_1_15' title="bbox 184 2727 840 2769">
     <span class='ocr_line' id='line_1_46' title="bbox 184 2727 840 2769; baseline 0.002 -13"><span class='ocrx_word' id='word_1_240' title='bbox 184 2727 279 2761; x_wconf 71' lang='lat' dir='ltr'>Infra.</span> <span class='ocrx_word' id='word_1_241' title='bbox 295 2727 359 2758; x_wconf 79' lang='lat' dir='ltr'>xiii.</span> <span class='ocrx_word' id='word_1_242' title='bbox 380 2729 432 2758; x_wconf 82' lang='lat'>26.</span> <span class='ocrx_word' id='word_1_243' title='bbox 453 2741 552 2759; x_wconf 65' lang='lat' dir='ltr'>saitem</span> <span class='ocrx_word' id='word_1_244' title='bbox 579 2740 671 2769; x_wconf 66' lang='lat' dir='ltr'>grase</span> <span class='ocrx_word' id='word_1_245' title='bbox 703 2729 840 2768; x_wconf 66' lang='lat' dir='ltr'>Sisyphon</span> 
     </span>
    </p>
   </div>
   <div class='ocr_carea' id='block_1_14' title="bbox 905 1396 1572 2756">
    <p class='ocr_par' dir='ltr' id='par_1_16' title="bbox 906 1396 1569 1634">
     <span class='ocr_line' id='line_1_47' title="bbox 907 1396 1566 1440; baseline -0.005 -11"><span class='ocrx_word' id='word_1_246' title='bbox 907 1405 1005 1440; x_wconf 75' lang='lat' dir='ltr'>urget.</span> <span class='ocrx_word' id='word_1_247' title='bbox 1059 1398 1239 1431; x_wconf 71' lang='lat' dir='ltr'>Ruiturum.</span> <span class='ocrx_word' id='word_1_248' title='bbox 1278 1397 1450 1438; x_wconf 81' lang='lat' dir='ltr'>eleganter,</span> <span class='ocrx_word' id='word_1_249' title='bbox 1483 1396 1566 1438; x_wconf 86' lang='lat' dir='ltr'>quod</span> 
     </span>
     <span class='ocr_line' id='line_1_48' title="bbox 909 1446 1566 1487; baseline -0.005 -9"><span class='ocrx_word' id='word_1_250' title='bbox 909 1448 961 1478; x_wconf 90' lang='lat' dir='ltr'>ubi</span> <span class='ocrx_word' id='word_1_251' title='bbox 986 1447 1098 1478; x_wconf 87' lang='lat' dir='ltr'>montis</span> <span class='ocrx_word' id='word_1_252' title='bbox 1122 1457 1273 1478; x_wconf 82' lang='lat' dir='ltr'>cacumen</span> <span class='ocrx_word' id='word_1_253' title='bbox 1297 1447 1411 1487; x_wconf 80' lang='lat' dir='ltr'>attigit,</span> <span class='ocrx_word' id='word_1_254' title='bbox 1428 1457 1444 1476; x_wconf 88' lang='lat' dir='ltr'>e</span> <span class='ocrx_word' id='word_1_255' title='bbox 1465 1446 1566 1476; x_wconf 87' lang='lat' dir='ltr'>mani-</span> 
     </span>
     <span class='ocr_line' id='line_1_49' title="bbox 907 1495 1569 1538; baseline -0.003 -11"><span class='ocrx_word' id='word_1_256' title='bbox 907 1498 964 1528; x_wconf 91' lang='lat' dir='ltr'>bus</span> <span class='ocrx_word' id='word_1_257' title='bbox 985 1497 1126 1538; x_wconf 78' lang='lat' dir='ltr'>elapsum</span> <span class='ocrx_word' id='word_1_258' title='bbox 1150 1497 1181 1527; x_wconf 87' lang='lat' dir='ltr'>in</span> <span class='ocrx_word' id='word_1_259' title='bbox 1206 1497 1320 1527; x_wconf 84' lang='lat' dir='ltr'>vallem</span> <span class='ocrx_word' id='word_1_260' title='bbox 1341 1495 1500 1537; x_wconf 82' lang='lat' dir='ltr'>redigitur,</span> <span class='ocrx_word' id='word_1_261' title='bbox 1516 1495 1569 1525; x_wconf 92' lang='lat' dir='ltr'>de-</span> 
     </span>
     <span class='ocr_line' id='line_1_50' title="bbox 906 1544 1568 1586; baseline -0.003 -10"><span class='ocrx_word' id='word_1_262' title='bbox 906 1557 968 1576; x_wconf 88' lang='lat' dir='ltr'>nuo</span> <span class='ocrx_word' id='word_1_263' title='bbox 979 1546 1043 1577; x_wconf 57' lang='lat' dir='ltr'>voli</span> <span class='ocrx_word' id='word_1_264' title='bbox 1052 1546 1178 1576; x_wconf 86' lang='lat' dir='ltr'>endum.</span> <span class='ocrx_word' id='word_1_265' title='bbox 1224 1546 1376 1586; x_wconf 69' lang='lat' dir='ltr'>Sisyphus,</span> <span class='ocrx_word' id='word_1_266' title='bbox 1392 1556 1444 1575; x_wconf 85' lang='lat' dir='ltr'>rex</span> <span class='ocrx_word' id='word_1_267' title='bbox 1459 1544 1568 1576; x_wconf 89' lang='lat' dir='ltr'>Corin-</span> 
     </span>
     <span class='ocr_line' id='line_1_51' title="bbox 906 1593 1473 1634; baseline -0.004 -9"><span class='ocrx_word' id='word_1_268' title='bbox 906 1595 961 1631; x_wconf 69' lang='lat' dir='ltr'>ihi,</span> <span class='ocrx_word' id='word_1_269' title='bbox 979 1595 1094 1625; x_wconf 80' lang='lat' dir='ltr'>astutia</span> <span class='ocrx_word' id='word_1_270' title='bbox 1109 1600 1140 1624; x_wconf 83' lang='lat' dir='ltr'>et</span> <span class='ocrx_word' id='word_1_271' title='bbox 1152 1594 1321 1625; x_wconf 79' lang='lat' dir='ltr'>latrociniis</span> <span class='ocrx_word' id='word_1_272' title='bbox 1335 1593 1473 1634; x_wconf 79' lang='lat' dir='ltr'>insignis.</span> 
     </span>
    </p>

    <p class='ocr_par' dir='ltr' id='par_1_17' title="bbox 905 1643 1570 1882">
     <span class='ocr_line' id='line_1_52' title="bbox 949 1643 1566 1680; baseline -0.002 -6"><span class='ocrx_word' id='word_1_273' title='bbox 949 1646 1022 1676; x_wconf 82' lang='lat'>460.</span> <span class='ocrx_word' id='word_1_274' title='bbox 1047 1645 1143 1680; x_wconf 72' lang='lat' dir='ltr'>Iiinrz,</span> <span class='ocrx_word' id='word_1_275' title='bbox 1160 1655 1212 1674; x_wconf 82' lang='lat' dir='ltr'>rex</span> <span class='ocrx_word' id='word_1_276' title='bbox 1235 1643 1417 1675; x_wconf 80' lang='lat' dir='ltr'>Thessaliae.</span> <span class='ocrx_word' id='word_1_277' title='bbox 1464 1644 1500 1674; x_wconf 85' lang='lat' dir='ltr'>Se</span> <span class='ocrx_word' id='word_1_278' title='bbox 1525 1654 1566 1673; x_wconf 87' lang='lat' dir='ltr'>se-</span> 
     </span>
     <span class='ocr_line' id='line_1_53' title="bbox 905 1692 1568 1735; baseline -0.003 -11"><span class='ocrx_word' id='word_1_279' title='bbox 905 1695 1010 1734; x_wconf 80' lang='lat' dir='ltr'>quitur</span> <span class='ocrx_word' id='word_1_280' title='bbox 1024 1695 1174 1735; x_wconf 60' lang='lat' dir='ltr'>jugisque</span> <span class='ocrx_word' id='word_1_281' title='bbox 1197 1699 1306 1734; x_wconf 71' lang='lat' dir='ltr'>argute</span> <span class='ocrx_word' id='word_1_282' title='bbox 1331 1693 1370 1723; x_wconf 89' lang='lat' dir='ltr'>de</span> <span class='ocrx_word' id='word_1_283' title='bbox 1394 1703 1440 1729; x_wconf 84' lang='lat' dir='ltr'>e0,</span> <span class='ocrx_word' id='word_1_284' title='bbox 1458 1692 1510 1734; x_wconf 90' lang='lat' dir='ltr'>qui</span> <span class='ocrx_word' id='word_1_285' title='bbox 1529 1693 1568 1723; x_wconf 85' lang='lat' dir='ltr'>ad</span> 
     </span>
     <span class='ocr_line' id='line_1_54' title="bbox 906 1741 1570 1783; baseline -0.003 -10"><span class='ocrx_word' id='word_1_286' title='bbox 906 1751 1004 1773; x_wconf 78' lang='lat' dir='ltr'>rotam</span> <span class='ocrx_word' id='word_1_287' title='bbox 1028 1743 1175 1783; x_wconf 81' lang='lat' dir='ltr'>alligatus</span> <span class='ocrx_word' id='word_1_288' title='bbox 1196 1742 1318 1773; x_wconf 84' lang='lat' dir='ltr'>assidue</span> <span class='ocrx_word' id='word_1_289' title='bbox 1335 1741 1478 1772; x_wconf 84' lang='lat' dir='ltr'>volvitur.</span> <span class='ocrx_word' id='word_1_290' title='bbox 1522 1741 1570 1771; x_wconf 85' lang='lat' dir='ltr'>Si—</span> 
     </span>
     <span class='ocr_line' id='line_1_55' title="bbox 907 1791 1569 1833; baseline -0.002 -11"><span class='ocrx_word' id='word_1_291' title='bbox 907 1792 1010 1823; x_wconf 88' lang='lat' dir='ltr'>milter</span> <span class='ocrx_word' id='word_1_292' title='bbox 1041 1792 1085 1822; x_wconf 88' lang='lat' dir='ltr'>ib.</span> <span class='ocrx_word' id='word_1_293' title='bbox 1122 1793 1191 1823; x_wconf 81' lang='lat'>175.</span> <span class='ocrx_word' id='word_1_294' title='bbox 1224 1797 1332 1833; x_wconf 79' lang='lat' dir='ltr'>argute</span> <span class='ocrx_word' id='word_1_295' title='bbox 1370 1791 1408 1821; x_wconf 84' lang='lat' dir='ltr'>de</span> <span class='ocrx_word' id='word_1_296' title='bbox 1437 1791 1569 1833; x_wconf 71' lang='lat' dir='ltr'>Sisypho</span> 
     </span>
     <span class='ocr_line' id='line_1_56' title="bbox 907 1842 1381 1882; baseline -0.004 -10"><span class='ocrx_word' id='word_1_297' title='bbox 907 1852 1010 1872; x_wconf 69' lang='lat' dir='ltr'>sarum</span> <span class='ocrx_word' id='word_1_298' title='bbox 1028 1842 1202 1882; x_wconf 66' lang='lat' dir='ltr'>volvensque</span> <span class='ocrx_word' id='word_1_299' title='bbox 1215 1848 1381 1882; x_wconf 75' lang='lat' dir='ltr'>petensque.</span> 
     </span>
    </p>

    <p class='ocr_par' dir='ltr' id='par_1_18' title="bbox 907 1890 1571 2228">
     <span class='ocr_line' id='line_1_57' title="bbox 952 1890 1569 1931; baseline 0 -11"><span class='ocrx_word' id='word_1_300' title='bbox 952 1890 1024 1920; x_wconf 82' lang='lat'>462.</span> <span class='ocrx_word' id='word_1_301' title='bbox 1062 1890 1205 1929; x_wconf 70' lang='lat' dir='ltr'>Repetere</span> <span class='ocrx_word' id='word_1_302' title='bbox 1228 1900 1310 1920; x_wconf 84' lang='lat' dir='ltr'>nunc</span> <span class='ocrx_word' id='word_1_303' title='bbox 1333 1895 1389 1925; x_wconf 84' lang='lat' dir='ltr'>est,</span> <span class='ocrx_word' id='word_1_304' title='bbox 1413 1899 1494 1930; x_wconf 86' lang='lat' dir='ltr'>saepe</span> <span class='ocrx_word' id='word_1_305' title='bbox 1517 1900 1569 1931; x_wconf 87' lang='lat' dir='ltr'>pe-</span> 
     </span>
     <span class='ocr_line' id='line_1_58' title="bbox 907 1938 1570 1980; baseline -0.003 -10"><span class='ocrx_word' id='word_1_306' title='bbox 907 1945 983 1975; x_wconf 80' lang='lat' dir='ltr'>tere,</span> <span class='ocrx_word' id='word_1_307' title='bbox 1001 1939 1085 1980; x_wconf 87' lang='lat' dir='ltr'>quod</span> <span class='ocrx_word' id='word_1_308' title='bbox 1112 1939 1217 1969; x_wconf 87' lang='lat' dir='ltr'>docuit</span> <span class='ocrx_word' id='word_1_309' title='bbox 1242 1939 1378 1970; x_wconf 86' lang='lat' dir='ltr'>Gronov.</span> <span class='ocrx_word' id='word_1_310' title='bbox 1394 1938 1432 1968; x_wconf 83' lang='lat' dir='ltr'>ad</span> <span class='ocrx_word' id='word_1_311' title='bbox 1458 1939 1570 1969; x_wconf 88' lang='lat' dir='ltr'>Senec.</span> 
     </span>
     <span class='ocr_line' id='line_1_59' title="bbox 908 1988 1570 2019; baseline -0.003 0"><span class='ocrx_word' id='word_1_312' title='bbox 908 1988 980 2019; x_wconf 91' lang='lat' dir='ltr'>OEd.</span> <span class='ocrx_word' id='word_1_313' title='bbox 996 1989 1047 2018; x_wconf 89' lang='lat'>61.</span> <span class='ocrx_word' id='word_1_314' title='bbox 1065 1994 1095 2018; x_wconf 91' lang='lat' dir='ltr'>et</span> <span class='ocrx_word' id='word_1_315' title='bbox 1111 1988 1149 2018; x_wconf 89' lang='lat' dir='ltr'>ad</span> <span class='ocrx_word' id='word_1_316' title='bbox 1168 1989 1264 2019; x_wconf 89' lang='lat' dir='ltr'>Herc.</span> <span class='ocrx_word' id='word_1_317' title='bbox 1280 1989 1352 2019; x_wconf 87' lang='lat' dir='ltr'>Fur.</span> <span class='ocrx_word' id='word_1_318' title='bbox 1369 1988 1441 2018; x_wconf 93' lang='lat'>770.</span> <span class='ocrx_word' id='word_1_319' title='bbox 1488 1988 1570 2018; x_wconf 73' lang='lat' dir='ltr'>Beli-</span> 
     </span>
     <span class='ocr_line' id='line_1_60' title="bbox 907 2037 1571 2079; baseline -0.005 -10"><span class='ocrx_word' id='word_1_320' title='bbox 907 2040 969 2074; x_wconf 81' lang='lat' dir='ltr'>des,</span> <span class='ocrx_word' id='word_1_321' title='bbox 988 2038 1217 2079; x_wconf 82' lang='lat' dir='ltr'>quinquaginta</span> <span class='ocrx_word' id='word_1_322' title='bbox 1241 2037 1312 2068; x_wconf 84' lang='lat' dir='ltr'>filiae</span> <span class='ocrx_word' id='word_1_323' title='bbox 1329 2037 1446 2072; x_wconf 85' lang='lat' dir='ltr'>Danai,</span> <span class='ocrx_word' id='word_1_324' title='bbox 1463 2043 1571 2078; x_wconf 86' lang='lat' dir='ltr'>neptes</span> 
     </span>
     <span class='ocr_line' id='line_1_61' title="bbox 908 2086 1571 2128; baseline -0.003 -11"><span class='ocrx_word' id='word_1_325' title='bbox 908 2087 989 2118; x_wconf 85' lang='lat' dir='ltr'>Beli.</span> <span class='ocrx_word' id='word_1_326' title='bbox 1034 2087 1139 2117; x_wconf 85' lang='lat' dir='ltr'>Danai</span> <span class='ocrx_word' id='word_1_327' title='bbox 1156 2087 1248 2118; x_wconf 81' lang='lat' dir='ltr'>frater</span> <span class='ocrx_word' id='word_1_328' title='bbox 1264 2087 1322 2116; x_wconf 82' lang='lat' dir='ltr'>suit</span> <span class='ocrx_word' id='word_1_329' title='bbox 1337 2088 1504 2128; x_wconf 51' lang='lat' dir='ltr'>.**i·ssgyptus,</span> <span class='ocrx_word' id='word_1_330' title='bbox 1518 2086 1571 2127; x_wconf 88' lang='lat' dir='ltr'>qui</span> 
     </span>
     <span class='ocr_line' id='line_1_62' title="bbox 907 2136 1567 2177; baseline -0.003 -10"><span class='ocrx_word' id='word_1_331' title='bbox 907 2137 1037 2167; x_wconf 81' lang='lat' dir='ltr'>totidem</span> <span class='ocrx_word' id='word_1_332' title='bbox 1052 2136 1161 2167; x_wconf 82' lang='lat' dir='ltr'>habuit</span> <span class='ocrx_word' id='word_1_333' title='bbox 1176 2136 1264 2172; x_wconf 87' lang='lat' dir='ltr'>filios,</span> <span class='ocrx_word' id='word_1_334' title='bbox 1281 2147 1357 2177; x_wconf 85' lang='lat' dir='ltr'>quos</span> <span class='ocrx_word' id='word_1_335' title='bbox 1373 2136 1567 2166; x_wconf 78' lang='lat' dir='ltr'>matrimonio</span> 
     </span>
     <span class='ocr_line' id='line_1_63' title="bbox 910 2185 1474 2228; baseline -0.005 -11"><span class='ocrx_word' id='word_1_336' title='bbox 910 2186 968 2217; x_wconf 89' lang='lat' dir='ltr'>sibi</span> <span class='ocrx_word' id='word_1_337' title='bbox 981 2187 1108 2228; x_wconf 80' lang='lat' dir='ltr'>junctos</span> <span class='ocrx_word' id='word_1_338' title='bbox 1125 2186 1320 2217; x_wconf 64' lang='lat' dir='ltr'>trucidarunt</span> <span class='ocrx_word' id='word_1_339' title='bbox 1336 2185 1474 2215; x_wconf 86' lang='lat' dir='ltr'>Belides.</span> 
     </span>
    </p>

    <p class='ocr_par' dir='ltr' id='par_1_19' title="bbox 908 2233 1572 2708">
     <span class='ocr_line' id='line_1_64' title="bbox 953 2233 1571 2270; baseline -0.006 -4"><span class='ocrx_word' id='word_1_340' title='bbox 953 2236 1026 2266; x_wconf 75' lang='lat'>464.</span> <span class='ocrx_word' id='word_1_341' title='bbox 1063 2237 1143 2265; x_wconf 77' lang='lat' dir='ltr'>Ante</span> <span class='ocrx_word' id='word_1_342' title='bbox 1171 2246 1265 2265; x_wconf 70' lang='lat' dir='ltr'>(mines</span> <span class='ocrx_word' id='word_1_343' title='bbox 1294 2235 1410 2270; x_wconf 54' lang='lat' dir='ltr'>lxiona,</span> <span class='ocrx_word' id='word_1_344' title='bbox 1438 2244 1509 2264; x_wconf 83' lang='lat' dir='ltr'>nam</span> <span class='ocrx_word' id='word_1_345' title='bbox 1547 2233 1571 2263; x_wconf 82' lang='lat' dir='ltr'>is</span> 
     </span>
     <span class='ocr_line' id='line_1_65' title="bbox 909 2283 1571 2319; baseline -0.006 -3"><span class='ocrx_word' id='word_1_346' title='bbox 909 2284 1031 2317; x_wconf 83' lang='lat' dir='ltr'>Junoni</span> <span class='ocrx_word' id='word_1_347' title='bbox 1048 2284 1109 2314; x_wconf 83' lang='lat' dir='ltr'>vim</span> <span class='ocrx_word' id='word_1_348' title='bbox 1127 2283 1238 2314; x_wconf 81' lang='lat' dir='ltr'>inferre</span> <span class='ocrx_word' id='word_1_349' title='bbox 1252 2284 1389 2314; x_wconf 80' lang='lat' dir='ltr'>voluerat</span> <span class='ocrx_word' id='word_1_350' title='bbox 1405 2295 1412 2319; x_wconf 72' lang='grc' dir='ltr'>ζ,</span> <span class='ocrx_word' id='word_1_351' title='bbox 1430 2283 1485 2313; x_wconf 83' lang='lat' dir='ltr'>illa</span> <span class='ocrx_word' id='word_1_352' title='bbox 1500 2293 1571 2312; x_wconf 82' lang='lat' dir='ltr'>vero</span> 
     </span>
     <span class='ocr_line' id='line_1_66' title="bbox 910 2331 1572 2374; baseline -0.006 -9"><span class='ocrx_word' id='word_1_353' title='bbox 910 2335 1026 2365; x_wconf 86' lang='lat' dir='ltr'>nubem</span> <span class='ocrx_word' id='word_1_354' title='bbox 1042 2334 1070 2364; x_wconf 87' lang='lat' dir='ltr'>ei</span> <span class='ocrx_word' id='word_1_355' title='bbox 1086 2332 1212 2374; x_wconf 81' lang='lat' dir='ltr'>objecit,</span> <span class='ocrx_word' id='word_1_356' title='bbox 1228 2343 1362 2374; x_wconf 84' lang='lat' dir='ltr'>quacum</span> <span class='ocrx_word' id='word_1_357' title='bbox 1380 2332 1465 2362; x_wconf 84' lang='lat' dir='ltr'>coiit.</span> <span class='ocrx_word' id='word_1_358' title='bbox 1491 2331 1572 2361; x_wconf 81' lang='lat' dir='ltr'>Hinc</span> 
     </span>
     <span class='ocr_line' id='line_1_67' title="bbox 910 2382 1570 2424; baseline -0.006 -10"><span class='ocrx_word' id='word_1_359' title='bbox 910 2383 1062 2423; x_wconf 71' lang='lat' dir='ltr'>intellige,</span> <span class='ocrx_word' id='word_1_360' title='bbox 1087 2383 1128 2413; x_wconf 83' lang='lat' dir='ltr'>ix.</span> <span class='ocrx_word' id='word_1_361' title='bbox 1148 2383 1219 2413; x_wconf 79' lang='lat'>123.</span> <span class='ocrx_word' id='word_1_362' title='bbox 1269 2382 1475 2424; x_wconf 78' lang='lat' dir='ltr'>Efrairibus,</span> <span class='ocrx_word' id='word_1_363' title='bbox 1500 2392 1570 2411; x_wconf 74' lang='lat' dir='ltr'>nain</span> 
     </span>
     <span class='ocr_line' id='line_1_68' title="bbox 912 2431 1571 2473; baseline -0.006 -10"><span class='ocrx_word' id='word_1_364' title='bbox 912 2433 1067 2463; x_wconf 73' lang='lat' dir='ltr'>Athamas</span> <span class='ocrx_word' id='word_1_365' title='bbox 1089 2432 1183 2462; x_wconf 78' lang='lat' dir='ltr'>frater</span> <span class='ocrx_word' id='word_1_366' title='bbox 1203 2432 1326 2473; x_wconf 75' lang='lat' dir='ltr'>Sisyphi</span> <span class='ocrx_word' id='word_1_367' title='bbox 1343 2438 1418 2461; x_wconf 80' lang='lat' dir='ltr'>erat.</span> <span class='ocrx_word' id='word_1_368' title='bbox 1465 2431 1571 2470; x_wconf 68' lang='lat' dir='ltr'>Super-</span> 
     </span>
     <span class='ocr_line' id='line_1_69' title="bbox 908 2480 1569 2521; baseline -0.006 -9"><span class='ocrx_word' id='word_1_369' title='bbox 908 2484 989 2517; x_wconf 73' lang='lat' dir='ltr'>bum,</span> <span class='ocrx_word' id='word_1_370' title='bbox 1005 2481 1188 2512; x_wconf 83' lang='lat' dir='ltr'>insolentem</span> <span class='ocrx_word' id='word_1_371' title='bbox 1206 2481 1237 2510; x_wconf 91' lang='lat' dir='ltr'>in</span> <span class='ocrx_word' id='word_1_372' title='bbox 1254 2480 1334 2521; x_wconf 78' lang='lat' dir='ltr'>ipsos</span> <span class='ocrx_word' id='word_1_373' title='bbox 1348 2481 1442 2510; x_wconf 80' lang='lat' dir='ltr'>Deos.</span> <span class='ocrx_word' id='word_1_374' title='bbox 1475 2480 1569 2519; x_wconf 64' lang='lat' dir='ltr'>Regia</span> 
     </span>
     <span class='ocr_line' id='line_1_70' title="bbox 908 2529 1571 2569; baseline -0.006 -8"><span class='ocrx_word' id='word_1_375' title='bbox 908 2541 979 2561; x_wconf 86' lang='lat' dir='ltr'>eum</span> <span class='ocrx_word' id='word_1_376' title='bbox 1003 2531 1099 2567; x_wconf 78' lang='lat' dir='ltr'>habet,</span> <span class='ocrx_word' id='word_1_377' title='bbox 1128 2530 1247 2560; x_wconf 76' lang='lat' dir='ltr'>habitat</span> <span class='ocrx_word' id='word_1_378' title='bbox 1272 2529 1304 2558; x_wconf 91' lang='lat' dir='ltr'>in</span> <span class='ocrx_word' id='word_1_379' title='bbox 1328 2529 1424 2569; x_wconf 73' lang='lat' dir='ltr'>regia.</span> <span class='ocrx_word' id='word_1_380' title='bbox 1471 2529 1571 2566; x_wconf 66' lang='lat' dir='ltr'>Dives,</span> 
     </span>
     <span class='ocr_line' id='line_1_71' title="bbox 909 2577 1569 2620; baseline -0.006 -11"><span class='ocrx_word' id='word_1_381' title='bbox 909 2580 1085 2620; x_wconf 79' lang='lat' dir='ltr'>magnifica,</span> <span class='ocrx_word' id='word_1_382' title='bbox 1112 2578 1234 2619; x_wconf 64' lang='lat' dir='ltr'>egregie</span> <span class='ocrx_word' id='word_1_383' title='bbox 1266 2578 1424 2607; x_wconf 81' lang='lat' dir='ltr'>instructa.</span> <span class='ocrx_word' id='word_1_384' title='bbox 1479 2577 1569 2606; x_wconf 60' lang='lat' dir='ltr'>(ss&#39;oin-</span> 
     </span>
     <span class='ocr_line' id='line_1_72' title="bbox 910 2625 1572 2667; baseline -0.005 -9"><span class='ocrx_word' id='word_1_385' title='bbox 910 2628 1001 2658; x_wconf 88' lang='lat' dir='ltr'>mode</span> <span class='ocrx_word' id='word_1_386' title='bbox 1019 2635 1122 2658; x_wconf 76' lang='lat' dir='ltr'>autem</span> <span class='ocrx_word' id='word_1_387' title='bbox 1140 2638 1157 2657; x_wconf 84' lang='lat' dir='ltr'>a</span> <span class='ocrx_word' id='word_1_388' title='bbox 1175 2627 1296 2667; x_wconf 58' lang='lat' dir='ltr'>Sisypho</span> <span class='ocrx_word' id='word_1_389' title='bbox 1313 2626 1461 2656; x_wconf 71' lang='lat' dir='ltr'>transitu&lt;</span> <span class='ocrx_word' id='word_1_390' title='bbox 1483 2626 1516 2655; x_wconf 81' lang='lat' dir='ltr'>fit</span> <span class='ocrx_word' id='word_1_391' title='bbox 1534 2625 1572 2655; x_wconf 82' lang='lat' dir='ltr'>ad</span> 
     </span>
     <span class='ocr_line' id='line_1_73' title="bbox 910 2677 1240 2708; baseline -0.006 -1"><span class='ocrx_word' id='word_1_392' title='bbox 910 2677 1050 2708; x_wconf 72' lang='lat' dir='ltr'>intineris</span> <span class='ocrx_word' id='word_1_393' title='bbox 1066 2677 1240 2707; x_wconf 44' lang='lat' dir='ltr'>cmx-ilium.</span> 
     </span>
    </p>

    <p class='ocr_par' dir='ltr' id='par_1_20' title="bbox 956 2727 1027 2756">
     <span class='ocr_line' id='line_1_74' title="bbox 956 2727 1027 2756; baseline 0.014 -1"><span class='ocrx_word' id='word_1_394' title='bbox 956 2727 1027 2756; x_wconf 76' lang='lat'>469.</span> 
     </span>
    </p>
   </div>
   <div class='ocr_carea' id='block_1_15' title="bbox 1059 2723 1570 2767">
    <p class='ocr_par' dir='ltr' id='par_1_21' title="bbox 1059 2723 1570 2767">
     <span class='ocr_line' id='line_1_75' title="bbox 1059 2723 1570 2767; baseline -0.006 -11"><span class='ocrx_word' id='word_1_395' title='bbox 1059 2727 1101 2756; x_wconf 61' lang='lat' dir='ltr'>fz&#39;e</span> <span class='ocrx_word' id='word_1_396' title='bbox 1124 2728 1204 2767; x_wconf 63' lang='lat' dir='ltr'>regin!</span> <span class='ocrx_word' id='word_1_397' title='bbox 1224 2726 1328 2755; x_wconf 73' lang='lat' dir='ltr'>Cadmi</span> <span class='ocrx_word' id='word_1_398' title='bbox 1345 2723 1463 2754; x_wconf 77' lang='lat' dir='ltr'>domus.</span> <span class='ocrx_word' id='word_1_399' title='bbox 1480 2736 1495 2753; x_wconf 63' lang='lat' dir='ltr'><strong>c</strong></span> <span class='ocrx_word' id='word_1_400' title='bbox 1514 2735 1570 2764; x_wconf 59' lang='lat' dir='ltr'>qur·</span> 
     </span>
    </p>
   </div>
  </div>
 </body>
</html>
