1729 3207
807 218 849 259 iii

138 347 233 374 cum
261 333 353 387 ipso
385 332 543 387 Heynii
569 329 750 387 Virgilio
784 345 1017 385 compares,
1049 331 1173 372 immo
1202 330 1380 373 fortasse
1410 347 1519 386 prae-

138 426 285 465 ponas,
311 411 540 452 dummodo
564 410 810 460 attenderis,
835 424 920 464 qua
946 409 1176 464 sagacitate
1205 415 1368 451 textum
1391 425 1519 452 excu-

135 490 235 540 tiat3
280 489 418 531 lucem
455 505 510 531 ex
549 489 663 530 fumo
703 489 776 530 det
819 489 1108 542 repentinam3
1151 494 1195 529 et
1232 487 1360 543 hujus
1399 489 1519 543 quasi

137 567 393 623 Labyrinthi
420 569 619 622 ambages
647 566 842 616 resolvat,
872 574 989 608 certo
1019 581 1199 622 semper,
1228 581 1306 609 nec
1333 581 1518 621 unquam

135 646 373 701 interrupto
407 645 479 687 filo
513 645 682 687 lectoris
717 660 870 700 regens
903 646 1101 700 vestigia:
1148 659 1245 700 quae
1279 644 1385 694 laus,
1420 645 1520 686 licet

136 738 310 772 summa,
341 723 446 764 nihil
475 731 616 766 tamen
646 724 882 778 Heynianae
913 724 1126 774 detrahit3
1167 724 1243 765 sed
1276 723 1387 764 hanc
1422 738 1521 778 pro-

135 803 270 857 priam
290 809 332 844 et
352 802 607 857 peculiarem
627 803 706 844 sibi
726 803 960 845 vindicasse
980 803 1147 844 videtur
1169 802 1233 843 Cl.
1250 802 1416 856 Gierig,
1437 802 1518 851 cui,

136 887 199 922 tot
228 881 338 923 inter
367 888 410 923 et
440 889 524 923 tam
552 883 686 923 varias
716 897 856 923 rerum
894 881 1068 936 figuras,
1099 881 1320 922 retinenda
1353 887 1444 921 erat
1478 881 1521 920 in

135 960 280 1015 primis
314 967 453 1014 poetae
492 961 624 1016 ipsius
658 960 806 1010 forma,
842 961 963 1015 cujus
997 975 1077 1001 non
1110 960 1259 1008 vultus,
1295 974 1374 999 non
1407 960 1521 1000 color

135 1053 253 1088 umes,
285 1054 363 1080 nec
397 1041 456 1081 ita
490 1041 676 1082 diversus
710 1048 864 1090 tamen,
897 1047 944 1081 ut
984 1040 1050 1080 sui
1084 1053 1257 1093 prorsus
1294 1037 1519 1086 dissimilis,

135 1116 292 1171 quique
318 1117 499 1159 Proteus
531 1119 653 1168 alter,
685 1126 732 1159 ut
767 1118 933 1173 scripsit
971 1117 1187 1171 ingeniose
1217 1118 1305 1171 jam
1335 1114 1520 1156 laudatae

136 1195 403 1236 Praefationis
431 1204 592 1246 auctor,
613 1212 656 1251 p.
680 1196 751 1237 xii.
774 1211 797 1237 e
825 1195 1013 1236 manibus
1036 1195 1208 1244 emeidit,
1230 1193 1336 1234 fallit
1360 1193 1520 1243 oculos,

135 1290 158 1316 e
184 1273 330 1316 vinclis
357 1273 504 1325 effluit,
532 1289 610 1316 nec
639 1275 736 1315 ideo
765 1274 903 1315 minus
930 1281 1155 1328 perpetua,
1183 1287 1425 1330 quanquam
1452 1287 1522 1312 va-

134 1354 270 1394 riante
293 1353 599 1409 prodigialiter,
620 1352 836 1407 voluptate
863 1353 1021 1393 animos
1049 1351 1250 1401 oblectat,
1278 1352 1321 1391 in
1349 1350 1520 1392 delicias

135 1432 246 1487 rapit
266 1439 310 1473 et
331 1432 574 1473 suavissime
596 1432 771 1473 detinet.

193 1510 339 1557 Quum
376 1526 476 1552 vero
516 1510 844 1552 desiderandum
883 1524 975 1551 esse
1014 1507 1205 1550 nonnihil
1241 1508 1285 1548 in
1318 1507 1523 1548 varietate

134 1589 361 1631 lectionum
399 1590 634 1641 sensissem,
670 1591 725 1631 ad
764 1590 946 1645 Regiam
987 1588 1299 1630 Bibliothecam
1334 1586 1521 1641 confugi,

136 1669 317 1712 Codices
347 1685 491 1711 omnes
520 1672 827 1724 manuscriptos
859 1671 1141 1724 inspecturus,
1170 1668 1204 1707 si
1234 1681 1339 1721 quos
1368 1666 1524 1706 doctis-

135 1749 263 1790 simus
297 1749 507 1804 interpres
544 1750 796 1804 ignorasset,
829 1747 896 1789 vel
929 1746 1187 1802 neglexisset
1225 1743 1519 1785 conferendos.

138 1827 209 1868 Ex
232 1827 298 1868 his
325 1835 521 1869 accurate
548 1827 724 1877 collatis,
746 1827 854 1868 duos
877 1825 1111 1881 praesertim
1135 1822 1423 1877 suppeditavit
1451 1821 1524 1862 xiii

137 1905 351 1955 saeculum,
374 1920 480 1960 quos
506 1906 549 1946 in
577 1906 713 1961 primo
738 1905 909 1960 quidem
934 1901 1223 1957 Metamorph.
1246 1900 1355 1941 libro
1378 1915 1524 1940 nume-

136 1985 193 2026 ris
229 1985 471 2039 designatos
510 1985 712 2034 invenies,
749 1984 861 2025 8000
897 1990 939 2024 et
974 1982 1101 2030 8001,
1137 1980 1291 2035 quibus
1331 1978 1523 2033 inscripti

137 2063 279 2117 Regio
308 2062 514 2118 Catalogo
540 2063 834 2118 reperiuntur3
867 2061 1023 2102 deinde
1044 2073 1145 2100 vero
1173 2058 1303 2112 signis
1332 2056 1374 2097 A
1399 2062 1442 2097 et
1467 2055 1522 2105 B,

137 2141 204 2183 vel
222 2141 288 2182 his
309 2147 472 2182 tantum
491 2141 646 2190 verbis,
667 2140 819 2181 Nostri
841 2139 973 2195 Regii
989 2156 1003 2179 .·
1033 2136 1201 2178 notulas
1223 2149 1392 2190 quoque
1413 2134 1525 2175 notis

136 2220 350 2261 interdum
388 2219 606 2260 addendas
647 2218 808 2267 censui,
845 2232 949 2271 quas
990 2230 1013 2256 e
1053 2213 1265 2268 congestis
1308 2212 1524 2252 Variorum

138 2299 459 2348 commentariis,
485 2305 528 2340 et
557 2297 792 2353 praesertim
818 2311 841 2337 e
869 2294 1083 2336 Farnabio
1111 2297 1337 2346 excerptas
1368 2290 1525 2330 Editor

136 2376 316 2432 signavi.

197 2455 282 2496 Sed
315 2455 561 2509 priusquam
586 2454 641 2494 ad
666 2454 806 2508 ipsum
832 2450 1241 2506 Metamorphoseon
1265 2447 1421 2488 librum
1451 2446 1525 2486 de—

139 2533 295 2583 venias,
328 2533 633 2574 immorandum
661 2532 741 2573 erit
772 2532 862 2580 tibi,
895 2530 1042 2578 lector,
1074 2542 1151 2570 nec
1184 2527 1272 2568 sine
1308 2525 1450 2565 fructu
1481 2530 1523 2564 et

139 2611 372 2667 voluptate,
395 2612 564 2653 Criticae
591 2610 907 2658 Dissertationi‚
930 2610 983 2650 de
1003 2607 1126 2648 variis
1158 2612 1426 2652 κατακλυσμοις,
1451 2602 1525 2657 qui

140 2691 288 2731 doctos
308 2705 392 2731 non
412 2691 562 2739 minus,
584 2705 710 2745 quam
731 2690 876 2730 orbem
897 2688 1035 2741 ipsum
1055 2685 1431 2739 perturbaverunt,
1450 2681 1526 2721 do-

141 2783 219 2810 nec
247 2769 358 2810 inter
384 2769 674 2823 discrepantes
695 2768 758 2808 vir
784 2771 1050 2819 exsurgeret,
1071 2770 1208 2804 tantas
1233 2762 1328 2803 lites
1356 2774 1524 2814 compo-
