1763 3181
401 187 1025 231 METAMORPHOSEON
1058 189 1178 232 LIB.
1211 191 1322 232 VII.
1460 193 1549 234 489

158 309 189 328 “
205 303 390 360 Aura,”
409 304 639 351 recordor
654 303 842 359 enim,“
854 304 1072 360 venias,’'
1083 312 1282 352 cantare
1299 306 1547 354 solebam:

157 386 187 404 “
205 380 395 443 Meque
408 381 838 443 juveS,intresque
855 379 1008 436 sinus,
1022 381 1318 442 gratissima,
1331 389 1548 430 nostros:

156 455 329 519 thue
349 455 486 512 facis,
504 457 724 503 relevare
739 455 878 511 veliS,
897 457 1078 519 quibus
1094 457 1296 514 urimur,
1315 458 1516 504 aestus.”

156 531 384 579 Forsitan
399 532 693 589 addiderim,
716 533 787 580 sic
803 549 883 579 me
905 549 1017 580 mea
1036 533 1138 581 fata
1155 535 1435 590 trahebant,
1455 537 1550 581 816

157 609 434 657 Blanditias
459 610 655 673 plures:
685 617 752 665 et,
782 616 812 634 “
831 609 906 656 Tu
933 611 1053 657 mihi
1079 626 1261 673 magna
1274 611 1553 674 voluptaS‚’'

159 686 342 734 Dicere
367 687 460 734 sim
486 688 691 735 solitus:
723 693 753 711 “
774 694 827 733 tu
853 703 933 734 me
958 684 1237 751 reficisque,
1264 688 1533 750 fovesque:

159 763 235 810 Tu
259 763 396 820 facis,
424 770 481 811 ut
505 765 668 820 silvas,
696 771 752 811 ut
780 780 941 812 amem
966 765 1076 812 loca
1101 766 1232 822 sola;
1275 780 1486 827 meoque

163 840 379 904 Spiritus
404 841 498 888 iste
523 847 638 888 tuus
665 857 861 904 semper
885 849 1113 905 captatur
1137 843 1200 889 ab
1225 841 1358 888 ore.’'
1458 844 1558 887 820

159 917 382 964 Vocibus
407 917 656 979 ambiguis
681 918 946 982 deceptam
970 919 1184 983 praebuit
1208 934 1377 966 aurem

160 994 348 1042 Nescio
375 994 511 1057 quis3
550 1011 834 1059 nomenque
859 996 1009 1043 Aurae
1035 1003 1137 1043 tam
1162 1012 1296 1059 saepe
1320 1000 1553 1042 vocatum

162 1071 289 1119 Esse
298 1079 482 1136 putans
494 1072 763 1136 Nymphae,
779 1072 1069 1136 Nympham
1084 1072 1372 1120 mihicredit
1380 1071 1553 1119 amari.

166 1149 404 1196 Criminis
430 1150 682 1214 extemplo
707 1150 811 1197 ficti
835 1151 1126 1198 temerarius
1152 1156 1324 1197 auctor

161 1225 368 1273 Procrin
389 1225 509 1281 adit,
531 1226 804 1289 linguaque
831 1227 983 1274 refert
1007 1227 1178 1274 audita
1201 1241 1418 1273 susurra.
1460 1226 1556 1271 825

165 1302 386 1350 Credula
409 1318 487 1350 res
514 1318 650 1349 amor
675 1309 780 1350 est:
820 1303 985 1350 subito
1010 1304 1232 1366 collapsa
1256 1302 1426 1348 dolore

166 1378 236 1426 Ut
261 1379 355 1426 sibi
379 1386 620 1435 narratur,
648 1380 858 1436 cecidit;
898 1381 1150 1443 longoque
1175 1379 1361 1426 refecta

163 1455 425 1520 Tempore,
449 1473 502 1504 se
528 1456 777 1513 miseram,
805 1473 859 1505 se
884 1457 972 1504 fati
994 1457 1122 1504 dixit
1145 1455 1330 1518 iniqui3

167 1532 348 1596 Deque
372 1534 470 1581 fide
497 1541 679 1596 questa
701 1540 805 1582 est:
846 1542 896 1581 et
920 1534 1125 1581 crimine
1150 1531 1346 1580 concita
1369 1546 1513 1584 vano,

164 1609 313 1664 Quod
331 1610 453 1657 nihil
469 1618 560 1667 est,
579 1611 758 1659 metuit
774 1630 784 1668 ;
810 1611 986 1658 metuit
1001 1611 1108 1658 sine
1124 1624 1330 1672 corpore
1350 1623 1555 1663 nomen;

168 1763 264 1789 acres,
288 1763 439 1794 sagace53
464 1752 508 1784 iii.
525 1754 599 1784 212.
622 1755 746 1784 naribus
768 1756 830 1785 uti-

168 1802 215 1832 lis.
261 1801 368 1837 Tutus,
396 1802 524 1833 omnino
554 1802 745 1841 instructus;
769 1814 830 1844 quo

168 1861 261 1882 sensu
288 1851 363 1881 alibi
393 1857 425 1882 et
454 1852 551 1882 loetus.
598 1852 718 1882 Satiata
746 1854 832 1882 cerdis

170 1900 284 1931 Graeca
298 1900 449 1942 syntaxis.
488 1901 635 1936 Hababat,
649 1901 800 1942 spirabat.

213 1950 287 1980 813.
313 1951 412 1985 Aura,
436 1951 586 1985 recordor,
607 1950 685 1989 etc.]
713 1949 751 1980 In
772 1949 832 1980 hac

170 1997 329 2030 cantilena
344 1998 469 2039 singula
491 1999 554 2029 fere
571 1999 666 2029 verba
681 2004 753 2029 sunt
767 2009 832 2029 am-

169 2047 276 2088 bigua,
301 2052 493 2089 possuntque
521 2053 553 2078 et
574 2047 614 2078 de
641 2058 716 2078 aura
741 2053 772 2077 et
795 2048 833 2078 de

171 2096 278 2139 puella
306 2095 388 2138 capi.
417 2096 563 2138 Doering.
592 2096 624 2127 in
652 2097 723 2127 Ecl.
747 2097 835 2127 Vett.

170 2151 257 2187 poet.
271 2145 312 2176 ad
325 2144 486 2181 Ovidium,
499 2146 573 2176 Art.
589 2145 698 2176 Amat.
711 2145 759 2176 iii.
776 2156 833 2187 pu-

173 2199 230 2231 tat,
256 2194 349 2236 Αὖρα
370 2194 610 2236 pronunciatum
630 2205 697 2226 esse
710 2194 835 2235 Ἀβρα,

174 2253 237 2284 quo
274 2243 398 2274 nomine
436 2244 614 2274 concubina
646 2249 753 2274 notata
783 2244 835 2274 sit.

174 2292 272 2334 Apud
287 2292 503 2334 Pherecydem
521 2293 682 2335 Cephalus
702 2303 763 2323 non
777 2292 833 2322 mi-

174 2351 232 2371 nus
253 2341 399 2382 ambigue
425 2340 449 2372 ὦ
473 2340 614 2382 Νεφέλα,
644 2340 837 2383 παραγένου

175 2389 371 2420 clamitabat.
419 2391 459 2420 In
488 2391 584 2421 altero
613 2390 700 2421 Artis
726 2390 837 2420 Amat.

174 2440 256 2475 loco,
271 2440 392 2480 Quoque
406 2451 481 2470 meos
495 2441 604 2470 releves
616 2440 837 2470 aestus—-Acci-

175 2490 285 2529 pientia
304 2490 385 2525 sinu,
408 2489 521 2519 mobilis
536 2490 634 2525 Aura,
657 2491 735 2519 veni.
781 2489 838 2518 In-

178 2544 294 2578 tresque
308 2540 392 2568 sinus
403 2540 577 2579 gratissima
589 2549 598 2574 ,·
623 2537 677 2578 qui
693 2542 839 2572 aestuant,

178 2591 289 2629 pectus
310 2586 478 2628 captandae
505 2597 588 2617 aurae
612 2585 774 2627 aperiunt;
798 2584 841 2615 ibi

179 2635 263 2666 enim
278 2635 474 2677 potissimum
490 2635 610 2666 calores
626 2634 811 2665 sentiuntur.

224 2684 300 2714 819.
326 2684 408 2719 Sola,
434 2684 568 2715 deserta.
615 2683 762 2722 Spiritum
790 2687 844 2712 aut

182 2733 352 2763 anhelitum
376 2731 504 2763 alterius
524 2737 652 2773 captant
669 2731 764 2762 etiam
780 2731 844 2762 col-

897 1755 1076 1795 loquentes,
1108 1753 1152 1784 iv.
1179 1753 1230 1783 72.
1277 1751 1384 1782 Nescio
1409 1752 1485 1790 quis.
1507 1749 1562 1779 Se-

899 1802 1035 1833 cundum
1062 1801 1278 1843 Pherecydem
1300 1800 1358 1830 suit
1382 1809 1499 1835 servus,
1523 1808 1562 1829 ex

900 1862 961 1893 quo
976 1851 1015 1882 de
1031 1851 1142 1881 marito
1161 1849 1282 1881 Procris
1298 1847 1454 1890 quaesivit.

945 1901 1018 1930 824.
1042 1901 1167 1934 Auctor,
1189 1897 1334 1932 nuncius,
1360 1902 1394 1927 ut
1418 1896 1462 1926 xi.
1489 1896 1563 1926 666.

901 1949 1034 1979 Susurra
1061 1948 1114 1978 alii
1139 1947 1331 1978 substantive
1357 1944 1485 1987 capiunt
1508 1954 1563 1985 pro

901 2008 1046 2032 susurros,
1084 1996 1137 2026 alii
1176 2006 1247 2026 cum
1286 1994 1395 2035 lingua
1433 1993 1564 2034 conjun-

901 2050 990 2086 gunt.

946 2095 1020 2125 826.
1038 2095 1172 2126 Credula
1186 2105 1231 2124 res
1244 2103 1326 2123 amor
1342 2098 1381 2122 est
1395 2103 1406 2127 ,-
1431 2090 1475 2121 sic
1490 2091 1563 2121 Art.

903 2143 1010 2174 Amat.
1032 2143 1079 2173 iii.
1103 2143 1184 2173 720:
1213 2142 1291 2176 Quia
1313 2150 1415 2170 amans
1439 2150 1564 2178 semper,

903 2195 980 2233 quod
995 2194 1089 2227 timet,
1108 2203 1164 2222 esse
1188 2197 1288 2231 putat.
1337 2190 1474 2228 Collapsa
1490 2189 1565 2218 ceci-

904 2245 950 2273 dit
972 2241 1106 2283 plenius,
1129 2250 1223 2281 quam
1246 2238 1385 2279 collapsa
1408 2242 1464 2273 est,
1481 2236 1566 2278 quod

903 2292 988 2322 verb.
1013 2290 1052 2320 de
1080 2288 1337 2330 delinquentibus
1359 2286 1474 2317 animo.
1525 2286 1567 2316 Ut

904 2342 956 2370 sibi
972 2345 1137 2373 narratur-3
1162 2337 1297 2369 Codices
1312 2334 1417 2370 nostri,
1439 2335 1480 2364 Ue
1495 2335 1569 2364 mihi

905 2394 1057 2424 narratur,
1071 2387 1154 2428 quod
1170 2392 1272 2428 potest
1287 2384 1383 2426 recipi
1399 2384 1567 2414 dummodo

906 2443 975 2479 post
990 2447 1112 2467 versum
1126 2434 1355 2477 praecedenteln
1374 2442 1496 2463 comma
1512 2442 1566 2473 po-

906 2492 1009 2516 natur.
1056 2486 1156 2514 Immo
1176 2493 1310 2524 praesens
1332 2492 1386 2523 pro
1400 2480 1567 2522 praeterito,

908 2540 1057 2564 narratur
1086 2543 1140 2573 pro
1170 2538 1330 2561 narratum
1355 2536 1406 2565 est,
1429 2533 1567 2559 contorte

909 2582 1027 2612 dictum
1048 2580 1183 2611 videtur.
1222 2579 1293 2609 Fati
1315 2579 1423 2618 iniqui,
1449 2576 1499 2607 cui
1523 2577 1568 2606 fa-

910 2637 976 2661 tum
991 2629 1143 2665 irascitur,
1160 2628 1263 2659 miser.

955 2680 1028 2710 830.
1060 2679 1174 2709 Nomen
1204 2687 1287 2718 saepe
1308 2676 1347 2706 de
1372 2686 1404 2706 re
1427 2673 1512 2706 inani
1538 2680 1571 2706 et

912 2739 1009 2759 vana:
1037 2738 1112 2759 aura
1132 2736 1258 2768 corpore
1274 2730 1369 2757 caret.
