1729 3207
247 206 301 246 liv
828 198 1049 240 SERIES

255 319 354 366 Quo
376 317 487 358 facto
516 329 680 355 sorores
701 314 804 368 ipsae
825 313 867 352 in
888 311 1211 367 vespertiliones,
1228 326 1456 366 earumque
1477 311 1571 354 telae
1587 313 1629 353 in

252 400 371 439 ritem
393 394 699 437 transformatae
721 399 831 433 sunt.
894 391 989 431 Hac
1011 391 1064 431 de
1086 405 1131 431 re
1152 405 1282 444 quum
1303 391 1380 432 Ino
1399 390 1628 441 laetaretur,

251 476 381 523 Juno,
410 481 451 515 et
479 471 669 513 invidens
701 478 743 510 et
770 468 1007 523 indignans,
1036 467 1206 508 Furiam
1237 468 1275 508 ei
1302 469 1482 518 immisit,
1509 470 1630 524 cujus

250 567 411 594 veneno
433 551 474 591 in
494 549 694 592 insaniam
715 562 835 588 versa
855 561 951 588 cum
972 546 1198 587 Melicerta
1222 546 1308 588 filio
1331 547 1374 587 in
1399 562 1512 588 mare
1533 562 1631 602 pro-

250 632 384 680 siluit;
417 629 506 678 sed,
529 627 699 668 Venere
726 626 1033 674 intercedente,
1055 625 1179 666 ambo
1203 625 1302 666 facti
1327 634 1424 666 sunt
1445 625 1526 665 Dii
1546 641 1631 666 ma-

247 709 343 750 rini,
396 707 517 754 Quos
547 705 648 746 dum
679 703 846 744 comites
875 703 1059 743 Sidonice
1083 718 1161 757 pro
1186 704 1361 744 mortuis
1389 702 1629 758 deplorant,

248 788 291 828 in
315 800 425 827 saxa
454 791 497 825 et
519 783 704 824 volueres
726 788 954 822 mutantur.
1013 781 1194 822 Cadmus
1214 796 1398 836 quoque,
1419 781 1501 823 hac
1521 780 1631 822 cala-

222 865 390 915 ‚mitate
422 868 667 909 commotus,
695 859 853 900 relictis
883 858 1063 909 Thebis,
1090 860 1133 900 in
1159 859 1344 915 Illyriam
1371 875 1466 902 cum
1495 874 1629 900 uxore

244 942 462 999 profectus
502 947 580 987 est,
616 938 690 978 ubi
724 944 903 992 uterque
943 938 1193 993 anguineam
1218 939 1409 993 formam
1445 938 1626 993 accepit.

248 1020 372 1062 Solus
407 1034 510 1074 ergo
542 1018 730 1059 restabat
769 1017 823 1058 de
857 1016 1019 1057 Bacchi
1054 1017 1385 1058 contemtoribus
1420 1016 1627 1065 Acrisius,

247 1115 349 1141 avus
371 1097 532 1146 Persei,
561 1096 634 1150 qui
662 1095 876 1151 Gorgonis
899 1103 1030 1150 caput
1060 1096 1305 1150 amputavit,
1332 1110 1356 1136 e
1387 1096 1508 1150 cujus
1535 1109 1629 1135 san-

247 1180 388 1235 guine,
410 1177 607 1233 guttatim
633 1176 676 1216 in
699 1183 853 1216 terram
881 1174 1071 1230 delapso,
1092 1190 1251 1231 angues
1271 1174 1409 1215 exorti
1430 1181 1552 1223 sunt3
1585 1180 1630 1214 et

246 1258 456 1299 Atlantem
483 1255 527 1295 in
552 1261 750 1302 montem,
772 1253 998 1309 virgasque
1018 1260 1115 1307 post
1135 1252 1455 1293 Andromedam
1475 1251 1628 1293 libera-

245 1336 385 1377 tamin
399 1334 559 1375 cot-alia
572 1333 792 1381 convertit,
806 1332 1125 1373 Andromedam
1139 1339 1279 1372 autem
1296 1345 1472 1372 uxorem
1488 1330 1624 1371 duxit.

303 1414 400 1455 Lib.
425 1412 480 1453 V.
515 1411 625 1453 Orto
658 1411 811 1452 deinde
839 1411 882 1450 in
908 1411 1065 1465 nuptiis
1089 1409 1287 1460 tumultu,
1310 1410 1526 1459 Phineum,
1554 1409 1627 1464 qui

245 1507 442 1549 sponsam
471 1491 549 1532 sibi
568 1490 823 1539 vindicabat,
846 1505 942 1531 cum
971 1491 1070 1538 suis,
1100 1498 1143 1530 et
1168 1504 1267 1530 mox
1293 1490 1418 1529 etiam
1440 1488 1627 1529 Proetum

243 1579 286 1613 et
307 1570 562 1625 Polydecten
592 1582 740 1609 saxeos
766 1568 921 1609 reddit.
974 1567 1089 1608 Tum
1110 1567 1275 1616 Pallas,
1297 1583 1392 1623 quae
1420 1567 1626 1609 hactenus

243 1649 390 1690 Persei
417 1663 555 1688 comes
585 1647 736 1695 fuerat,
762 1661 813 1687 eo
840 1646 1004 1695 relicto,
1026 1647 1069 1686 in
1094 1645 1345 1687 Heliconem
1374 1661 1418 1686 se
1445 1645 1624 1696 confert,

243 1735 290 1768 ut
305 1727 604 1782 Hippocrenen
626 1725 831 1779 inspiciat.
877 1725 944 1766 Ibi
960 1733 1133 1766 narrant
1148 1725 1186 1766 ei
1204 1724 1344 1766 Musae
1361 1725 1414 1766 de
1431 1725 1625 1780 Pyreneo

243 1813 285 1846 et
306 1804 546 1846 Piericlibus
571 1804 613 1844 in
631 1804 759 1859 picas
779 1804 1005 1853 conversis,
1027 1812 1253 1860 postquam
1280 1811 1407 1845 cantu
1433 1804 1626 1845 instituto

243 1883 342 1924 hinc
363 1883 416 1924 de
436 1883 559 1922 variis
572 1882 760 1922 Deorum
781 1882 1216 1936 transfor-mationibus
1232 1883 1274 1923 in
1290 1880 1498 1931 animalia,
1513 1881 1625 1923 illinc

244 1962 297 2002 de
323 1966 449 2015 raptu
470 1959 754 2014 Proserpinae,
777 1959 830 2000 de
862 1959 1029 2000 Cereris
1057 1961 1282 2009 erroribus,
1305 1961 1358 2001 de
1391 1960 1558 2015 Cyanes
1582 1961 1625 2001 in

228 2039 408 2094 fontem,
423 2038 549 2093 pueri
565 2038 784 2091 cujusdam
800 2038 842 2077 in
858 2038 1096 2086 stellionem,
1110 2037 1345 2093 Asealaphi
1357 2038 1399 2078 in
1416 2038 1625 2087 bechonem,

245 2118 447 2166 Sirenum,
472 2117 768 2171 Proserpinam
790 2117 1083 2171 quaerentium,
1105 2117 1146 2157 in
1168 2131 1266 2157 aces
1286 2131 1339 2157 ex
1362 2124 1497 2170 parte,
1519 2115 1626 2157 Are-

244 2196 374 2237 thusoe
401 2196 444 2236 in
474 2197 634 2245 latices,
659 2196 797 2251 Lync-i
824 2197 1006 2251 denique
1034 2196 1145 2250 regis
1169 2195 1210 2236 in
1239 2196 1363 2249 lynea
1386 2195 1627 2236 mutationi-

243 2274 338 2322 bus,
361 2281 487 2328 atque
517 2273 759 2328 Triptolemi
780 2273 1040 2327 agricultura
1060 2275 1169 2314 inter
1190 2288 1232 2313 sc·
1255 2281 1532 2314 certaverant.

303 2351 400 2392 Lib.
425 2351 504 2391 Vl.
538 2351 638 2398 Quo
664 2353 859 2407 exemplo
885 2361 998 2394 mota
1019 2352 1160 2394 Pallas
1182 2353 1234 2394 de
1258 2352 1474 2393 Arachnes
1494 2353 1624 2394 exitio

242 2429 452 2483 cogitavit.
514 2428 663 2483 Itaque
698 2430 801 2471 inito
832 2445 927 2472 cum
957 2446 1007 2472 ea
1037 2431 1210 2472 texendi
1241 2431 1482 2481 certamine,
1508 2439 1625 2486 post-

244 2521 369 2561 quam
390 2507 608 2561 utriusque
626 2506 709 2547 tela
726 2508 868 2548 *carias
888 2508 1274 2562 transfornmtiones
1289 2509 1622 2562 repraesentavit‚

242 2585 375 2639 ipsam
395 2584 437 2624 in
458 2599 655 2624 araneam
675 2586 862 2626 mutavit.
907 2586 1063 2641 Neque
1085 2594 1224 2627 tamen
1245 2587 1384 2627 Niobe
1404 2586 1622 2642 popularis

242 2663 370 2717 hujus
394 2677 522 2716 poena
549 2663 763 2704 admonita
790 2672 868 2713 est,
889 2679 973 2718 quo
1002 2665 1138 2705 minus
1166 2680 1210 2706 se
1237 2664 1417 2706 Latonae
1446 2665 1621 2720 praefer-

239 2749 326 2791 ret3
358 2741 413 2782 ob
441 2756 567 2796 quam
595 2741 807 2792 ferociam,
832 2743 1063 2785 interfectis
1093 2744 1147 2785 ab
1178 2743 1379 2798 Apolline
1408 2752 1450 2785 et
1480 2743 1621 2785 Diana
