1763 3181
375 167 1002 212 METAMORPHOSEON
1035 168 1155 210 LIB.
1187 168 1272 211 VI.
1438 170 1522 211 401

200 284 299 333 ΙΙΙ.
339 285 468 333 Tum
492 302 612 333 vero
631 285 755 332 tanti
780 284 1095 332 manifestam
1120 284 1336 332 numinis
1362 283 1485 331 iram

136 362 357 419 Femina,
374 363 548 426 virque
568 363 774 420 timent3
797 363 1036 425 cultuque
1057 362 1332 425 impensius
1352 378 1524 410 omnes

134 439 324 503 Magna
347 441 679 504 gemelliparae
700 448 996 488 venerantur
1016 441 1221 486 numina
1238 440 1377 486 Divae
1396 457 1406 488 ε
1429 442 1525 487 315

135 516 308 580 thue
332 517 403 575 fit,
432 534 460 565 a
483 518 613 565 facto
633 519 862 582 propiore
887 519 1050 582 priora
1073 524 1345 565 renarrant.

135 593 177 640 E
205 594 387 657 quibus
411 612 538 643 unus
565 594 661 643 ait:
693 595 858 659 Lyciae
886 611 1086 658 quoque
1111 594 1285 641 fertilis
1311 594 1441 657 agris

136 670 284 718 Haud
310 671 513 735 impune
540 672 700 720 Deam
720 680 913 720 veteres
939 660 1168 736 sprevere
1194 672 1372 719 coloni.

135 748 238 796 Res
263 749 476 796 obscura
496 748 700 812 quidem
725 756 801 796 est
826 749 1138 812 ignobilitate
1160 749 1403 805 virorum;

136 825 267 873 Mira
290 833 485 875 tamen:
513 827 612 874 vidi
639 843 856 891 praesens
883 834 1216 890 stagnumque
1240 827 1509 890 locumque

135 902 370 966 Prodigio
395 912 596 961 notum;
637 921 752 952 nam
777 921 856 952 me
875 906 981 968 jam
1006 904 1238 966 grandior
1263 921 1384 960 aeVO‚
1428 907 1521 951 321

136 979 514 1045 Impatiensque
537 982 628 1029 viae
653 983 846 1044 genitor
870 983 1117 1030 deducere
1142 982 1298 1029 lectos

134 1057 166 1105 J
170 1066 363 1106 usserat
387 1059 501 1107 inde
527 1060 708 1117 boves3
751 1060 1016 1124 gentisque
1040 1060 1170 1106 illius
1197 1060 1334 1107 eunti

138 1135 256 1199 Ipse
275 1137 455 1184 ducem
481 1138 713 1186 dederat:
742 1155 855 1185 cum
876 1155 974 1202 quo
999 1139 1117 1185 dum
1143 1154 1331 1202 pascua
1354 1138 1526 1194 lustro,

138 1211 273 1261 Ecce
297 1214 435 1261 lacus
461 1215 641 1270 medio,
669 1231 918 1262 sacrorum
943 1215 1084 1278 nigra
1107 1215 1273 1262 favilla

1430 1218 1526 1263 325

136 1289 239 1337 Ara
256 1297 399 1339 vetus
425 1293 604 1349 stabat,
630 1294 854 1341 tremulis
880 1294 1187 1341 circumdata
1211 1293 1402 1341 cannis.

135 1452 243 1493 procul
266 1451 361 1483 stanti
383 1451 553 1494 imaginem
568 1453 707 1485 mulieris
721 1465 799 1486 moe-

136 1507 192 1532 stae
214 1507 246 1532 et
266 1501 457 1533 lacrimantis
481 1502 659 1534 exhibebat.
706 1504 798 1534 Simi-

138 1551 209 1582 liter
235 1551 371 1589 Quintus
398 1552 585 1592 Smyrnaeus,
604 1553 624 1584 i.
647 1554 709 1584 292
730 1564 799 1595 sqq.

137 1600 347 1642 Apollodorus
369 1607 400 1631 et
415 1601 572 1642 Hyginus.
619 1603 710 1633 Idem
725 1614 799 1634 con-

137 1650 270 1680 firmavit
291 1650 450 1681 Chandler
476 1651 508 1681 in
531 1651 638 1683 Itiner.
687 1653 801 1683 Confer

137 1706 168 1731 et
183 1700 362 1741 Sophocles,
378 1700 486 1742 Antig.
504 1702 580 1732 835.

181 1751 366 1781 313—381.
384 1750 459 1781 Tum
479 1762 557 1787 vero,
577 1752 656 1792 etc.]
686 1752 800 1792 Lycia-

140 1810 210 1830 cam
236 1799 319 1830 hanc
338 1800 478 1831 fabulam
498 1801 698 1832 Menecrates
713 1803 798 1832 Xan-

139 1848 224 1879 thius
250 1848 282 1879 in
312 1849 455 1890 Lyciacis
486 1856 674 1881 narraverat.
720 1851 800 1882 Inde

139 1908 207 1928 earn
224 1898 328 1929 hausit
343 1898 516 1935 Nicander,
534 1905 565 1930 et
585 1910 623 1930 ex
647 1911 683 1930 eo
698 1900 799 1930 Anto-

140 1947 242 1984 ninus,
258 1948 312 1989 qui
327 1959 398 1978 vero
422 1948 453 1978 in
474 1949 632 1979 nonnullis
647 1948 800 1980 dissentit.

141 1997 255 2028 Confer
277 2003 309 2028 et
330 1998 450 2028 Probus
478 1999 518 2028 ad
543 1999 656 2040 virgil.
685 1999 800 2040 Georg.

140 2046 161 2078 i.
178 2047 253 2077 378.
274 2053 305 2077 et
323 2047 447 2078 Servius
467 2047 506 2078 ad
530 2047 662 2078 eundem
686 2048 799 2083 locum,

141 2096 207 2139 qui,
227 2097 303 2127 forte
318 2097 464 2127 memoria
475 2097 591 2138 lapsus,
604 2097 707 2134 tradit,
723 2098 800 2128 Ovi-

140 2146 226 2176 dium
256 2145 295 2176 de
328 2146 441 2176 Cerere
469 2147 687 2188 Proserpinam
715 2159 801 2189 quae-

140 2201 226 2227 rente
249 2196 331 2227 hanc
352 2197 491 2227 fabulam
513 2197 665 2228 retulisse.
711 2199 802 2229 Forte

142 2256 197 2276 ara
219 2246 347 2276 Latonae
372 2246 403 2276 in
424 2253 534 2288 stagno
561 2247 695 2288 quodam
719 2248 802 2278 ranis

141 2295 323 2326 abundante
361 2295 443 2326 hunc
489 2296 633 2337 mythum
673 2298 802 2339 peperit.

143 2345 350 2386 Manifestum,
377 2345 467 2376 sactis
492 2345 696 2378 declaratam.
743 2348 802 2377 Ge-

141 2395 312 2434 melliparae,
328 2394 467 2430 Latonae,
487 2405 555 2436 quae
577 2396 725 2436 gemellos
741 2407 802 2427 uno

141 2448 233 2485 partu
252 2443 369 2482 edidit3
395 2450 502 2486 aptum
527 2446 655 2476 Latonae
681 2446 800 2487 epithe-

143 2497 207 2528 ton,
230 2492 314 2533 quod
337 2493 432 2524 etiam
456 2494 566 2530 Fastis,
590 2505 619 2524 v.
642 2495 703 2526 452
716 2507 724 2533 3
747 2495 800 2526 sed

141 2541 194 2571 vix
211 2542 296 2583 apud
311 2542 406 2572 alium
422 2549 580 2573 auctorem
595 2544 740 2574 occurrit.

187 2593 263 2622 316.
287 2592 411 2634 Afacto
423 2594 658 2634 propiore,etc.]
680 2593 708 2623 A
722 2593 804 2624 facto

143 2640 313 2671 recentiore
339 2650 466 2673 sumunt
493 2642 688 2673 occasionem
715 2653 802 2684 repe-

143 2689 230 2721 tendi
251 2690 322 2727 alia,
337 2702 437 2733 eaque
460 2691 646 2733 antiquiora.
684 2693 802 2723 Remu·-

144 2746 217 2770 rant
232 2739 293 2782 (ita
305 2741 336 2771 in
353 2740 463 2782 Regiis
475 2742 615 2781 nostris.)
645 2743 801 2772 Burman-

867 1466 925 1486 nus
956 1466 972 1486 e
1002 1454 1091 1485 tertio
1128 1455 1326 1485 Gronoviano
1365 1459 1397 1485 et
1432 1455 1529 1486 Barb-

867 1505 979 1546 probat
1005 1510 1187 1539 retractant,
1220 1503 1301 1545 quod
1342 1515 1403 1534 non
1436 1504 1528 1535 modo

867 1553 1069 1589 sermonibus,
1085 1553 1140 1583 sed
1161 1552 1256 1583 etiam
1271 1552 1374 1583 animo
1390 1559 1530 1595 repetere

867 1601 1031 1642 significet.
1066 1603 1117 1632 De
1133 1602 1188 1632 hoc
1199 1603 1292 1632 verbo
1307 1602 1381 1632 alibi
1397 1602 1528 1634 dictum.

868 1652 905 1682 Id
921 1658 1007 1683 tueor
1029 1658 1061 1682 et
1080 1663 1175 1688 nunc,
1193 1652 1267 1694 quia
1283 1651 1321 1683 de
1337 1653 1529 1683 sermonibus

867 1707 988 1732 tantum
1008 1702 1120 1743 agitur.
1168 1702 1326 1739 Quoniam
1351 1709 1455 1733 autem
1481 1714 1531 1734 res

867 1751 966 1781 omnis
992 1751 1024 1782 in
1055 1751 1180 1783 Graecia
1209 1751 1334 1792 geritur,
1361 1758 1394 1782 ut
1420 1764 1436 1783 e
1463 1764 1528 1784 ver.

868 1801 927 1830 401
946 1811 1014 1842 sqq.
1030 1807 1168 1842 apparet,
1186 1800 1238 1832 ille
1261 1813 1340 1831 unus
1362 1801 1419 1832 fuit
1442 1802 1527 1833 haud

867 1849 962 1880 dubie
985 1861 1022 1881 ex
1048 1851 1155 1892 Lydiis
1183 1851 1233 1887 iis,
1261 1852 1314 1892 qui
1341 1852 1464 1882 Nioben
1494 1851 1527 1883 in

869 1899 1025 1930 Graeciam
1051 1900 1190 1931 comitati
1214 1907 1313 1931 erant.
1358 1902 1446 1932 Bene
1473 1913 1529 1933 au-

867 1955 941 1984 tem,
964 1950 1013 1980 vel
1036 1950 1194 1981 varietatis
1217 1961 1323 1987 eausa,
1349 1957 1526 1982 narrantem

868 2000 1004 2041 aliquem
1031 2001 1163 2037 inducit,
1189 2001 1242 2042 qui
1266 2002 1466 2042 peregrinans
1496 2003 1529 2033 in

868 2049 935 2091 ipsa
949 2051 1047 2091 Lycia
1062 2050 1201 2081 fabulam
1221 2060 1419 2091 cognoverat,
1438 2052 1529 2083 facti-

869 2110 930 2140 que
943 2106 1175 2131 monumentum
1193 2100 1258 2142 ipse
1269 2101 1400 2131 viderat.
1424 2103 1529 2133 Etiam

869 2161 885 2180 e
915 2150 1051 2191 Phrygia
1079 2151 1241 2181 commode
1266 2161 1320 2181 nos
1342 2151 1470 2182 deducit
1496 2153 1529 2184 in

870 2201 1010 2242 Lyciam.

913 2251 986 2280 320.
1019 2250 1087 2279 Vidi
1122 2249 1274 2289 praesens]
1315 2249 1430 2280 Confer
1460 2250 1527 2281 viii.

869 2300 942 2329 622.
987 2299 1076 2340 Saepe
1105 2299 1218 2329 Noster
1247 2300 1342 2329 Iac-'um
1368 2301 1530 2340 conjungit

869 2359 940 2379 cum
956 2359 1025 2379 voc.
1044 2348 1098 2383 rei,
1116 2359 1184 2389 quae
1202 2354 1248 2378 est
1267 2349 1298 2379 in
1322 2349 1400 2384 loco,
1419 2355 1451 2379 ut
1472 2349 1527 2379 do-

869 2404 919 2428 cet
940 2398 1149 2427 Burmannus.
1194 2396 1358 2437 Impatiens
1385 2401 1448 2434 rite,
1475 2399 1528 2440 qui

870 2445 1027 2476 molestias
1048 2445 1209 2487 longinqui
1228 2447 1345 2477 itineris
1368 2447 1444 2477 ferre
1466 2459 1528 2479 non

870 2501 982 2536 potest.
1028 2496 1203 2525 Glareanus
1215 2506 1285 2525 eum
1300 2496 1417 2526 lanium
1433 2497 1528 2528 fuisse

869 2549 971 2584 putat.
1016 2544 1116 2574 Immo
1138 2545 1210 2574 olim
1232 2555 1346 2585 magna
1363 2556 1432 2586 pars
1448 2546 1528 2576 divi-

870 2592 982 2623 tiarum
1004 2593 1035 2623 in
1051 2594 1197 2623 armentis
1213 2595 1406 2625 cernebatur.
1445 2595 1527 2625 Gen-
1552 2620 1554 2624 ,

871 2645 963 2683 lisque
977 2645 1071 2673 illius.
1105 2644 1232 2684 Lycium
1247 2643 1321 2673 mihi
1337 2643 1456 2674 itineris
1470 2645 1529 2676 du-

870 2704 938 2723 cem
955 2693 1052 2723 addit.

915 2743 987 2772 326.
1003 2742 1157 2777 'Fr-emulce,
1170 2752 1246 2783 quas
1258 2742 1317 2772 huc
1335 2741 1447 2773 illucve
1461 2743 1528 2784 agi-
