1763 3181
239 196 326 239 332
636 199 686 240 P.
720 198 934 241 OVIDII
969 198 1252 241 NASONIS

242 311 455 360 Pectora
479 313 723 378 rupisset3
766 314 858 361 nisi
885 321 1002 378 post
1029 314 1203 362 altaria
1228 313 1448 361 Phineus

242 388 400 437 Isset:
440 397 505 446 et,
533 390 818 452 indignum!
858 391 1100 438 scelerato
1124 390 1307 455 profuit
1332 405 1432 437 ara.

240 465 419 514 Fronte
435 474 603 514 tamen
621 467 787 515 Rhoeti
810 484 908 514 non
929 467 1065 515 irrita
1079 467 1247 531 cuspis
1264 466 1495 523 adhaesit3
1518 466 1632 528 [est.

239 542 337 598 Qui
362 552 630 609 postquam
651 545 847 601 cecidit,
864 544 1150 608 ferrumque
1170 560 1234 592 ex
1259 559 1371 591 osse
1386 543 1635 590 revulsum

236 619 472 685 Palpitat‚
501 628 551 669 et
574 622 763 686 positas
789 621 1010 685 aspergit
1035 621 1275 684 sanguine
1301 635 1515 667 mensas.
1567 622 1632 666 40

236 697 364 744 Tum
389 714 504 746 vero
529 698 794 746 indomitas
820 698 1036 746 ardescit
1058 699 1235 761 vulgus
1261 697 1311 744 in
1337 697 1460 753 iras3

235 774 459 839 Telaque
484 775 782 839 conjiciunt3
824 783 874 823 et
900 782 1030 831 sunt,
1053 776 1139 837 qui
1167 774 1373 838 Cephea
1397 773 1566 820 dicant

236 850 366 898 Cum
391 868 573 914 genero
598 853 780 900 debere
807 852 928 899 mori
952 869 961 900 :
1002 851 1091 899 sed
1115 851 1284 898 limine
1308 849 1429 898 tecti

234 927 441 977 Exierat
467 930 731 993 Cepheus3
772 937 984 978 testatus
1009 929 1221 993 Jnsque,
1250 929 1545 992 Fidemque,

234 1004 555 1070 Hospitiique
582 1007 734 1063 Deos,
759 1024 818 1055 ea
843 1024 895 1055 se
920 1007 1217 1071 prohibente
1241 1006 1443 1054 moveri.
1563 1006 1628 1052 45

234 1082 426 1131 Bellica
451 1084 620 1132 Pallas
647 1085 816 1142 adest;
857 1091 907 1131 et
931 1084 1148 1147 protegit
1171 1083 1329 1146 aegide
1352 1082 1569 1138 fratrem,

233 1158 436 1224 Datque
463 1161 669 1209 animos.
722 1161 843 1209 Erat
868 1160 1024 1208 Indus
1051 1160 1214 1217 Athis,
1245 1175 1396 1223 quem
1420 1158 1623 1206 flumine

231 1236 382 1286 Edita
406 1238 633 1288 Limnate
647 1240 816 1287 vitreis
845 1239 1101 1303 peperisse
1122 1238 1214 1285 sub
1235 1237 1387 1284 antris
1423 1236 1624 1299 [Gange

229 1371 329 1402 altera
348 1371 404 1403 illa
427 1372 459 1403 in
480 1373 595 1415 nuptiis
610 1373 752 1415 Pyrithoi
773 1384 889 1416 pugna,

228 1420 282 1451 lib.
312 1421 366 1452 xii.
388 1423 473 1453 258:
511 1423 669 1453 Proaimus
693 1430 729 1454 ut
756 1429 888 1459 steterat,

226 1477 360 1509 spectans
370 1470 483 1502 altaria
499 1474 589 1503 vultu
600 1473 731 1504 Fumida
748 1474 888 1509 terribili,

225 1530 282 1550 car
296 1531 366 1557 uon,
382 1522 437 1557 ait,
453 1523 571 1551 utimur
587 1523 674 1552 istis?

269 1569 322 1599 38.
364 1569 488 1606 Fronte,
523 1570 609 1601 deest
644 1574 687 1601 in.
737 1571 886 1611 Palpitat.

226 1617 334 1654 Multi,
360 1620 515 1649 calcitrat.
561 1620 734 1651 Farnabius
753 1620 806 1662 qui
831 1620 887 1651 ad-

225 1666 320 1697 mittit
344 1668 486 1699 calcitrat
506 1668 566 1699 hoc
584 1669 712 1700 verbum
733 1670 778 1700 ita
794 1669 887 1701 inter-

226 1721 383 1757 pretatur:
414 1721 434 1734 “
450 1718 540 1748 More
563 1717 742 1749 cadentium
764 1718 796 1749 in
822 1719 888 1750 acie

225 1771 255 1795 et
280 1777 398 1808 pugna,
428 1766 493 1808 qui,
522 1767 586 1803 λὰξ
614 1773 670 1799 aut
699 1767 776 1804 ὀδὰξ
805 1768 888 1811 apud

224 1820 342 1855 poetas,
366 1823 479 1847 terram
500 1816 642 1858 ingratiis
669 1824 700 1848 et
721 1817 887 1860 indignan-

223 1869 269 1894 ter
285 1865 460 1897 salutant.''
506 1867 668 1903 Indomita,
688 1866 885 1908 ἀδάμαστος,

224 1913 443 1955 implacabilis.
493 1916 619 1958 Vulgus,
634 1917 749 1947 milites
773 1927 883 1958 grega-

223 1963 281 2003 rii;
305 1965 410 1996 confer
427 1976 548 1997 versum
573 1967 647 1997 207.
695 1967 882 2007 Coiijiciaat,

223 2023 287 2044 una
304 2013 436 2055 jaciunt.
482 2014 597 2046 Confer
613 2025 684 2046 cum
700 2015 760 2046 hoc
776 2015 882 2046 ardore

222 2061 276 2094 xii.
291 2063 354 2093 240
370 2074 438 2105 sqq.
475 2064 511 2094 Se
522 2064 705 2104 prohibente,
721 2065 882 2107 prohibere

223 2111 357 2148 volente,
371 2111 579 2154 improbante.
616 2114 660 2144 Ea
677 2116 797 2151 moveri,
809 2124 881 2145 eum

222 2161 389 2192 tumultum
404 2162 547 2193 excitari.

265 2211 317 2242 46.
345 2211 463 2242 Bellica
496 2211 613 2248 Pallas,
650 2212 732 2252 etc.]
766 2213 882 2249 Heroa,

221 2271 314 2302 quem
351 2260 431 2291 inter
469 2261 711 2302 praesentissima
742 2261 882 2304 pericula

220 2308 334 2340 servari
352 2309 472 2346 volunt,
488 2320 506 2340 a
531 2310 657 2341 numine
682 2310 817 2352 quodam
832 2310 881 2341 vel

220 2363 350 2395 tectum,
382 2359 431 2390 vel
468 2359 662 2390 admonitum
694 2366 794 2402 poetae
823 2360 880 2390 fin-

218 2414 307 2449 gunt.
352 2407 402 2438 Sic
419 2407 472 2439 xii.
489 2409 564 2440 359.
581 2408 721 2439 Theseus
740 2409 881 2440 Pallados

219 2459 375 2488 admonitu
400 2463 494 2488 tutus.
543 2458 648 2488 Pallas
673 2464 777 2489 autem
805 2459 879 2489 Per-

219 2516 271 2537 seo
287 2506 318 2537 in
333 2506 477 2537 omnibus
492 2507 654 2538 itineribus
671 2508 790 2539 aderat.
829 2509 879 2540 De

220 2556 329 2597 AEgide
359 2556 425 2598 ejus
457 2557 543 2588 locus
572 2558 722 2589 classicus
752 2559 879 2590 Homeri

218 2606 260 2636 Il.
294 2609 332 2637 Β.
361 2607 423 2637 447
453 2618 523 2648 sqq.
584 2609 735 2638 Fratrem.
773 2609 875 2639 Etiam

219 2655 320 2697 Orph.
349 2655 387 2686 de
414 2657 491 2697 Lap.
516 2667 566 2687 xv.
592 2658 643 2688 42.
669 2657 876 2699 κασίγνητος,

218 2715 395 2745 germanus,
410 2706 576 2737 Minervae.

262 2754 314 2784 47.
355 2755 452 2790 Athis,
483 2766 560 2796 puer
592 2762 676 2786 tener
703 2762 732 2787 et
763 2756 874 2793 mollis,

960 1379 1070 1421 quales
1086 1378 1188 1408 solent
1200 1376 1340 1407 Orientis
1355 1374 1475 1418 populi,
1491 1385 1623 1417 quorum

959 1428 1052 1459 etiam
1068 1427 1108 1458 ad
1132 1427 1245 1457 fastum
1265 1431 1402 1460 ornatus,
1420 1424 1497 1455 forte
1513 1424 1622 1455 adum-

957 1477 1065 1508 bratus
1082 1482 1128 1507 est
1144 1485 1160 1506 e
1178 1475 1268 1515 Virg.
1285 1474 1329 1505 ix.
1347 1475 1421 1504 581.

1001 1527 1052 1557 48.
1077 1524 1245 1564 Limnate]
1272 1524 1311 1554 In
1335 1523 1393 1553 hoc
1415 1522 1540 1553 nomine
1563 1533 1620 1554 va-

957 1574 1038 1605 riant
1053 1575 1146 1604 MSS.
1165 1573 1311 1603 Heinsius
1327 1571 1529 1602 scribendum
1546 1582 1620 1602 cen-

956 1629 1003 1655 set
1030 1624 1193 1658 Limnatis,
1216 1621 1284 1652 ἀπὸ
1304 1623 1364 1660 τῆς
1385 1620 1520 1663 λίμνης.
1567 1620 1618 1651 Sic

955 1673 1039 1714 apud
1066 1670 1318 1702 Lacedaemouios
1345 1670 1431 1700 culta
1455 1668 1513 1700 fuit
1535 1669 1618 1700 Lim-

955 1724 1034 1752 natis
1055 1721 1171 1756 Diana,
1196 1719 1281 1751 dicta
1308 1729 1323 1750 a
1352 1718 1471 1749 Limnis
1496 1717 1621 1760 oppido.

954 1770 1055 1801 Addit
1079 1769 1163 1800 idem
1185 1775 1216 1800 et
1237 1769 1410 1799 Limnacias
1432 1767 1493 1808 legi
1518 1777 1619 1808 posse,

955 1830 1028 1850 nam
1043 1817 1239 1861 λιμνακίδας
1254 1828 1322 1848 esse
1336 1816 1491 1859 nymphas
1511 1815 1618 1858 palus-

956 1875 1027 1900 tres.
1066 1870 1173 1899 Aatris
1188 1868 1226 1898 de
1245 1867 1362 1898 Oceano
1377 1872 1407 1897 et
1422 1866 1557 1896 Eridano
1572 1875 1618 1896 re-

954 1918 1072 1960 peritur
1089 1917 1170 1960 apud
1184 1916 1408 1952 Claudianum,
1421 1915 1497 1946 XII.
1510 1914 1617 1946 xxxiv.

952 1969 1005 1998 28.
1031 1968 1110 1997 147:
1142 1967 1243 1997 Vitrea
1267 1966 1373 1997 sedilia
1397 1964 1565 2006 Clymenes
1584 1964 1617 1995 in

953 2017 1080 2048 Oceano
1094 2016 1206 2057 virgil.
1227 2017 1345 2056 Georg.
1367 2015 1408 2045 iv.
1432 2015 1506 2045 350.
1553 2014 1615 2044 Pu-

950 2071 1019 2097 tant
1035 2066 1166 2107 intelligi
1189 2065 1389 2107 crystallina;
1414 2075 1451 2095 ex
1469 2064 1616 2105 crystallo

950 2115 1033 2145 enirn
1058 2121 1148 2146 antra
1166 2116 1223 2145 sub
1248 2114 1324 2145 mari
1344 2113 1517 2156 composita
1538 2113 1613 2155 fingi

951 2175 969 2195 a
990 2165 1101 2207 poetis.
1146 2164 1206 2195 Sed
1231 2171 1262 2195 et
1283 2174 1367 2206 aqua
1382 2164 1503 2194 marina
1518 2165 1614 2194 vitrea

948 2214 1081 2245 dicitur:
1106 2214 1234 2245 AEneid.
1250 2213 1302 2245 vii.
1320 2214 1392 2244 759.
1410 2216 1506 2244 vitrea
1526 2214 1612 2244 unda

948 2264 1082 2302 Fucini3
1120 2263 1238 2295 Claud.
1267 2263 1376 2294 xxxiii.
1402 2263 1479 2293 267.
1509 2264 1613 2294 vitreis

950 2313 1086 2343 Oceanus
1107 2314 1208 2342 undis.
1233 2312 1319 2349 Quin
1335 2311 1412 2342 adeo
1429 2311 1482 2341 Dii
1498 2310 1611 2342 marini

947 2361 1005 2403 ipsi
1035 2364 1143 2392 ritrei:
1177 2362 1287 2392 Horat.
1313 2362 1341 2391 I.
1367 2360 1429 2391 Od.
1460 2359 1535 2390 xvii.
1557 2361 1610 2391 20.

948 2413 1042 2441 vitrea
1057 2412 1157 2441 Circe.
1195 2410 1277 2440 Hinc
1294 2409 1397 2440 omnia
1416 2411 1522 2444 vitrea,
1539 2419 1608 2449 quae

948 2460 987 2491 ad
1013 2460 1100 2490 Deos
1125 2460 1259 2491 marinos
1287 2459 1453 2501 pertinent.
1497 2457 1610 2499 virgil.

948 2510 1064 2550 Georg.
1081 2509 1123 2540 iv.
1139 2510 1213 2539 335.
1233 2508 1389 2549 Nymphze
1406 2506 1527 2538 Oceani
1543 2507 1608 2537 vel-

948 2558 1012 2588 lera
1034 2563 1166 2599 carpunt
1194 2558 1277 2598 hyali
1300 2557 1394 2587 colore
1407 2556 1535 2597 fucata,
1552 2554 1606 2587 ὑά-

942 2607 1031 2642 λινα,
1049 2606 1156 2637 vitrea.
1192 2606 1314 2647 Nempe
1331 2611 1497 2645 utrumque
1512 2615 1605 2635 voca-

944 2660 1004 2691 tur,
1023 2661 1054 2686 et
1078 2655 1118 2686 de
1137 2654 1239 2685 colore
1255 2653 1345 2685 viridi
1364 2659 1395 2684 et
1410 2652 1543 2684 caeruleo
1558 2653 1605 2683 di-

944 2704 1035 2739 citur,
1052 2714 1146 2746 quem
1160 2703 1306 2745 quoniam
1331 2713 1415 2733 mare
1438 2701 1543 2738 refert,
1561 2711 1602 2731 ae-

943 2764 1004 2794 que
1020 2763 1055 2784 ac
1076 2754 1181 2784 viridis
1201 2758 1231 2783 et
1247 2753 1390 2783 raruleus
1406 2751 1444 2782 de
1459 2750 1603 2782 omnibus
