1729 3207
218 211 274 252 62
602 212 652 254 P.
685 209 893 253 OVIDII
928 207 1206 252 NASONIS

219 325 298 372 Ad
325 342 435 374 mea
459 333 752 389 perpetuum
777 324 1010 373 deducite
1034 331 1259 386 tempora
1282 335 1496 368 carmen.

289 401 328 448 I.
370 401 516 457 Ante,
539 416 671 448 mare
696 408 746 449 et
763 401 912 449 tellus
939 407 990 448 et
1010 399 1145 462 quod
1166 399 1291 460 tegit
1315 397 1480 445 omnia
1501 412 1598 444 coe-

416 479 534 534 lum,

216 601 273 630 bus
290 605 380 631 vento
402 599 579 641 adspirante
602 610 679 642 opus
697 606 755 630 est.
799 599 877 630 Haec

217 649 372 679 invocatio
388 658 496 690 pamm
517 649 663 680 solemnis
675 659 729 690 pro
747 654 833 679 tanto
847 655 878 680 et

216 704 278 727 tam
303 697 389 739 gravi
414 707 517 738 opere.
562 697 650 738 l'irg.
666 699 742 728 Ain.
759 698 814 728 lib.
834 697 876 728 ix.

217 748 297 777 525:
328 746 392 782 Vos,
409 758 424 775 ο
442 746 584 786 Calliope,
598 758 713 786 precor,
728 748 879 786 adspirate

215 798 346 826 canenti.
396 795 555 836 Primaque
575 797 611 826 ab
628 797 744 837 origine
762 798 878 827 ηηιηιίἰ.

217 846 291 875 Post
314 845 438 876 Lucret.
452 844 572 886 phrasis
593 844 654 876 sere
675 844 820 875 solemnis
843 845 875 875 in

215 893 274 924 hac
294 904 343 923 re:
369 892 431 923 vid.
453 893 574 924 Ciosan.
612 894 698 924 Bene
721 899 752 924 et
776 894 875 924 ambi-

216 947 281 972 tum
309 941 411 984 operis
439 948 471 972 et
494 948 635 973 naturam
665 941 818 984 propriam
842 941 874 972 in

215 990 322 1021 limine
337 990 466 1021 indicat.

259 1041 289 1069 4.
315 1039 526 1080 Perpetuam]
552 1038 604 1069 Ad
619 1045 761 1069 naturam
777 1039 878 1080 operis

219 1086 439 1118 declarandam
453 1087 611 1118 delectum
622 1094 669 1118 est
678 1088 878 1123 vocabulum,

212 1142 399 1175 perpetuum,
419 1147 481 1167 non
505 1136 720 1178 interruptum,
739 1146 803 1167 una
825 1146 873 1167 se-

214 1184 259 1216 rie
281 1196 463 1227 procurrens
478 1198 486 1224 ;
510 1191 545 1217 ut
567 1185 649 1227 apud
665 1185 733 1216 Cic.
749 1186 837 1217 Verr.
852 1185 873 1217 i.

215 1235 246 1265 4.
257 1241 399 1275 per-petua
410 1237 517 1271 oratio,
533 1241 565 1266 et
580 1235 636 1266 Or.
654 1233 687 1265 ii.
702 1236 754 1266 54.
768 1246 873 1266 sermo-

214 1286 261 1314 nis
273 1287 465 1324 perpetuitas.
509 1286 590 1326 Ergo
611 1291 785 1324 perpetuum
807 1296 874 1316 car-

214 1344 292 1369 men,
311 1333 344 1364 in
365 1344 426 1375 quo
449 1333 563 1364 fabulae
592 1343 698 1364 omnes
726 1333 758 1364 in
781 1333 874 1365 unius

214 1382 348 1424 corporis
375 1383 509 1424 speciem
535 1383 709 1424 conjunctae
738 1389 829 1414 sunt:
856 1393 874 1414 a

215 1442 278 1473 qua
294 1431 406 1463 virtute
420 1432 545 1463 laudem
568 1431 721 1473 insignem
739 1432 874 1463 Ovidius

214 1481 337 1512 meruit.
365 1481 463 1512 Simili
478 1481 540 1512 fere
555 1481 645 1512 modo
656 1481 766 1512 Horat.
780 1480 800 1512 i.
812 1482 873 1513 Od.

213 1529 266 1560 vii.
282 1531 320 1561 6:
345 1531 488 1562 Athenas
503 1533 633 1561 carmine
642 1537 784 1571 perpetuo
798 1532 873 1562 cele-

213 1580 310 1615 brare,
325 1588 431 1610 omnes
451 1579 646 1610 Athenarum
667 1579 775 1610 laudes
789 1580 873 1622 justo

213 1628 320 1659 ordine
345 1629 499 1671 persequi.
551 1628 710 1665 Deducite,
735 1629 807 1660 inde
833 1631 872 1661 ab

212 1676 301 1709 initio
324 1689 422 1720 usque
451 1678 491 1709 ad
513 1678 606 1709 finem
630 1678 705 1709 mihi
727 1678 873 1710 scribenti

211 1727 330 1759 adeste.
376 1728 482 1759 Ducta
500 1734 547 1759 est
564 1728 746 1770 metaphora
762 1739 780 1759 a
793 1728 872 1760 lani-

213 1775 294 1812 ficio,
317 1776 370 1807 ubi
394 1777 445 1808 fila
468 1779 661 1808 deducuntur
683 1787 737 1819 per
759 1778 870 1814 radios,

211 1824 252 1856 iv.
263 1826 315 1857 36.
348 1825 506 1857 Usitatum
520 1832 624 1857 autem
644 1832 701 1863 est,
717 1827 871 1859 scribendi

213 1884 336 1915 operam
346 1885 417 1906 cum
427 1881 549 1906 textura
559 1882 590 1906 et
600 1875 735 1906 lanificio
745 1886 870 1918 compa-

211 1933 290 1954 rare.
322 1925 371 1954 Ad
383 1935 444 1954 mea
460 1931 599 1964 tempora.
617 1923 667 1955 Ad
685 1924 871 1967 principium

211 1972 332 2004 scilicet
348 1972 530 2014 imperantis
539 1973 684 2015 Augusti.
715 1974 869 2006 Caeterum

212 2022 270 2053 hoc
289 2027 387 2053 totum
408 2022 569 2053 exordium
589 2021 667 2053 adeo
684 2022 871 2064 displicebat

212 2071 382 2113 ScaligerO,
410 2071 500 2102 Poet.
523 2072 578 2102 lib.
600 2071 642 2103 vi.
658 2082 731 2114 pag.
748 2073 821 2103 862.
837 2080 872 2104 ut

210 2122 276 2162 ipse
295 2131 424 2161 'novum
453 2120 664 2157 substitueret,
692 2121 746 2152 sed
774 2121 873 2153 invita

211 2170 378 2203 Minervaz
404 2175 434 2201 et
463 2170 660 2212 gravissimas
689 2171 872 2203 temeritatis

211 2230 275 2250 suae
313 2229 425 2261 poenas
461 2219 548 2250 dedit
586 2225 652 2250 tum
692 2221 771 2257 aliis,
807 2227 871 2252 turn

212 2267 411 2309 Capoferreo.

255 2319 285 2348 5.
305 2318 392 2353 Ante,
404 2329 484 2348 mare
498 2325 525 2348 et
540 2319 638 2353 tellus,
652 2318 730 2359 etc.]
756 2319 874 2350 Crearin

211 2367 326 2402 mundi,
339 2366 595 2408 metamorphosis
609 2367 746 2398 omnium
762 2367 871 2409 prima,

210 2413 382 2456 eademque
394 2414 586 2456 gravissima.
630 2416 803 2458 Amplexus
817 2427 871 2448 au-

209 2470 274 2494 tem
291 2468 338 2494 est
353 2469 455 2505 poeta,
471 2474 589 2506 suoque
605 2464 694 2495 modo
711 2466 871 2497 exornavit

210 2511 408 2548 sententiam,
426 2523 496 2553 quae
509 2513 573 2554 jam
593 2513 667 2544 olim
691 2513 791 2545 fuerat
812 2516 869 2545 AE-

209 2561 396 2604 gyptiorurn.
449 2561 566 2593 Horum
604 2562 684 2594 enim
721 2563 752 2594 in
785 2563 871 2595 scitis

209 2616 286 2647 erat,
308 2619 431 2642 auctore
454 2611 548 2653 Diog.
566 2612 672 2642 Laert.
691 2623 822 2654 prooem.
841 2623 868 2643 s.

211 2661 262 2691 10.
285 2659 396 2701 ἀρχὴν
425 2661 506 2692 εἶναι
531 2662 594 2700 τὴν
619 2661 714 2700 ὕλην,
738 2662 805 2693 εἶτα
832 2663 871 2693 τὰ

209 2708 350 2749 τέσσαρα
376 2711 518 2750 στοιχεῖα
538 2709 570 2745 ἐξ
585 2710 687 2749 αὐτῆς
708 2709 866 2751 διακριθῆ-

211 2770 274 2794 ναι,
305 2759 358 2788 καὶ
388 2757 451 2793 ζῶά
480 2771 554 2790 τινα
581 2758 863 2797 ἁποτελεσθῆνσι;

944 609 1037 642 quarn
1056 597 1243 629 sententiam
1261 596 1357 628 latius
1373 595 1512 640 explicat
1527 596 1604 628 Dio-

945 649 1009 680 dor.
1025 648 1087 679 Sic.
1102 654 1175 679 tom.
1191 647 1211 678 i.
1227 658 1258 689 p.
1271 648 1320 677 ll.
1335 646 1500 677 ubimulta
1512 652 1543 677 et
1559 645 1607 677 his

944 698 1065 733 nostris,
1082 704 1112 728 et
1129 696 1177 732 iis,
1193 707 1262 738 quae
1278 695 1368 731 infra,
1381 706 1444 726 ver.
1461 695 1524 726 416
1535 705 1605 737 sqq.

945 747 1119 781 traduntur,
1137 756 1231 787 quam
1250 744 1419 780 simillima,
1440 744 1498 775 nisi
1521 743 1606 786 quod

945 796 988 826 ibi
1017 795 1121 826 omnia
1154 794 1220 826 sine
1250 794 1425 824 interventu
1452 799 1483 825 et
1510 803 1606 835 opera

945 845 1018 881 Dei,
1033 845 1107 876 solis
1127 850 1243 875 naturae
1258 842 1380 884 legibus
1391 842 1605 885 perficiuntur.

943 893 1057 924 Noster
1071 899 1174 924 autem
1199 893 1296 922 multo
1317 891 1418 922 sanior
1440 901 1511 922 cum
1526 902 1606 934 prae·

941 943 1137 974 stantissimis
1156 941 1287 973 Graeciae
1306 940 1498 984 philosophis
1518 940 1607 983 opifi-

943 1002 1011 1023 cem
1034 991 1207 1033 sapientem
1231 989 1372 1025 adhibet,
1400 990 1490 1031 cujus
1513 989 1545 1021 vi
1567 999 1604 1021 ac

943 1041 1070 1072 numine
1082 1040 1206 1082 singula
1220 1045 1252 1070 et
1266 1044 1441 1080 segregata,
1455 1044 1487 1070 et
1502 1038 1605 1082 dispo-

943 1089 1014 1126 sita,
1042 1096 1073 1121 et
1102 1095 1251 1121 exornata
1279 1087 1351 1118 sint.
1395 1087 1480 1118 Duci
1509 1087 1604 1119 etiam

939 1145 1105 1183 potuerunt
1141 1137 1248 1181 primae
1285 1136 1378 1179 hujus
1413 1136 1476 1168 loci
1511 1136 1602 1168 lineae

941 1190 1029 1231 (quae
1051 1194 1117 1220 erat
1131 1188 1240 1219 Burm.
1255 1185 1376 1228 opinio)
1391 1196 1429 1217 ex
1454 1185 1604 1229 Apollon.

942 1238 1007 1270 Bb.
1018 1238 1136 1279 Argon.
1150 1237 1172 1268 i.
1188 1237 1272 1275 4963
1294 1236 1348 1266 ubi
1361 1235 1509 1277 Orpheus
1523 1234 1607 1266 ceci-

942 1287 1024 1318 nisse
1048 1286 1173 1322 dicitur,
1194 1285 1253 1323 “99
1272 1286 1364 1327 γαῖα,
1381 1286 1434 1316 καὶ
1453 1284 1605 1326 οὐρανὸς,

941 1335 996 1375 ἠδὲ
1016 1335 1172 1368 θάλασσα
1193 1337 1238 1367 Τὸ
1261 1335 1339 1377 πρὶν
1358 1333 1406 1364 ἐπ’
1429 1333 1606 1372 ἀλλήλοισι

939 1387 997 1428 μιῇ
1031 1384 1242 1427 συναρηρότα
1277 1384 1382 1426 μορφῇ
1414 1382 1548 1421 Νείκεος
1573 1383 1606 1420 ἐξ

941 1435 1048 1466 ὀλοοῖο
1063 1433 1215 1476 διέκριθεν
1231 1432 1328 1475 ἀμφὶς
1348 1431 1488 1464 ἕκασται
1509 1442 1605 1474 quem

940 1485 1000 1516 loc.
1027 1489 1111 1515 certe
1138 1482 1273 1525 respexit
1293 1474 1382 1524 Virg.
1403 1482 1474 1513 Ecl.
1496 1481 1538 1512 vi.
1561 1482 1604 1513 30

940 1545 1011 1576 sqq.
1045 1532 1245 1575 Koeppennio
1274 1537 1306 1563 et
1327 1531 1446 1563 Lenzio
1470 1531 1605 1562 Ovidius

939 1583 1022 1614 omni
1038 1583 1068 1613 h.
1084 1582 1105 1613 l.
1129 1582 1323 1623 Anaxagorae
1342 1580 1462 1623 placita
1480 1586 1606 1612 secutus

938 1643 1006 1664 esse
1029 1632 1167 1663 videtur:
1191 1641 1253 1662 non
1283 1630 1449 1661 adsentior.
1494 1631 1604 1661 Anax-

941 1692 1051 1723 agoras
1065 1687 1111 1712 tot
1128 1680 1284 1712 elementa
1305 1679 1425 1716 statuit,
1441 1685 1516 1721 quot
1537 1690 1605 1711 cor·

937 1741 1047 1773 porum
1062 1740 1177 1772 genera
1192 1742 1200 1767 ;
1226 1730 1340 1760 Noster
1361 1739 1433 1760 cum
1449 1728 1606 1771 Empedo-

938 1781 985 1811 cle
1001 1786 1134 1822 quatuor
1149 1785 1283 1810 tantum.
1311 1778 1393 1808 Tum
1407 1777 1603 1820 Anaxagorae

936 1831 1026 1867 Νοῦς
1055 1840 1118 1860 non
1143 1828 1202 1859 nisi
1230 1826 1365 1868 primum
1393 1832 1510 1858 motum
1539 1827 1605 1859 ele-

937 1879 1050 1910 mentis
1073 1878 1147 1916 dat;
1177 1887 1239 1920 quo
1263 1877 1346 1908 facto
1367 1877 1448 1908 vires
1471 1876 1601 1909 Naturae

936 1928 1056 1970 reliqua
1084 1927 1274 1970 perficiunt;
1307 1926 1362 1957 sed
1391 1925 1423 1957 h.
1450 1926 1473 1957 l.
1507 1926 1605 1968 opifex

937 1988 1039 2008 rerum
1061 1983 1176 2007 cuncta
1198 1975 1342 2007 absolvit.
1385 1974 1446 2006 Sed
1468 1975 1603 2017 primurn

937 2036 1036 2068 usque
1052 2025 1092 2056 ad
1107 2036 1171 2056 ver.
1186 2025 1240 2061 20,
1257 2024 1366 2055 rudem
1380 2024 1469 2055 illam
1489 2024 1604 2056 molem

937 2074 1095 2111 describit,
1116 2084 1154 2105 ex
1179 2084 1242 2115 qua
1264 2073 1353 2104 Deus
1372 2072 1497 2114 singula
1519 2073 1606 2104 evol-

939 2123 1017 2154 verit
1059 2122 1274 2164 mundumque
1317 2121 1478 2153 creaverit.
1529 2121 1605 2154 Erat

940 2172 1023 2203 enim
1047 2170 1220 2203 communis
1240 2176 1379 2202 veterum
1401 2170 1602 2213 philosopho-

938 2232 1006 2252 rum
1021 2231 1113 2256 error,
1129 2221 1234 2251 Deum
1252 2230 1290 2251 ex
1306 2219 1436 2251 materia
1450 2219 1600 2261 quadam,

938 2270 1138 2301 subordinata
1161 2268 1290 2311 quidem
1312 2268 1384 2310 ipsi,
1409 2274 1526 2299 :eterna
1553 2274 1602 2300 ta-

939 2330 1021 2356 men,
1043 2318 1194 2350 mundum
1215 2317 1362 2356 finxisse3
1386 2328 1480 2360 quam
1505 2323 1604 2350 mate-

939 2369 1015 2400 riem
1040 2369 1165 2405 Noster,
1190 2366 1439 2409 Theogoniarum
1460 2372 1604 2399 auctores

939 2423 1076 2454 secutus,
1093 2423 1186 2459 atque
1210 2416 1374 2458 OrphicoS,
1393 2416 1487 2447 Chaos
1501 2422 1606 2450 vocat.

940 2466 1068 2498 Hesiod.
1082 2466 1202 2508 Theog.
1224 2467 1285 2497 116
1302 2479 1309 2496 :
1336 2466 1506 2508 Πρώτιστα
1521 2465 1604 2508 χάος

938 2514 1061 2557 γένετο.
1109 2516 1210 2547 Locus
1224 2515 1300 2546 satis
1314 2515 1454 2557 elegans,
1468 2515 1494 2546 si
1507 2515 1602 2547 verba

938 2570 1071 2606 spectes,
1098 2570 1247 2595 caeterum
1274 2574 1335 2595 non
1363 2563 1535 2606 exigendus
1561 2564 1602 2595 ad

936 2613 1082 2655 physicas
1117 2614 1261 2649 rationes,
1291 2620 1326 2645 ut
1353 2613 1474 2645 monuit
1505 2613 1600 2645 etiam

937 2662 1069 2704 Baylius
1098 2662 1130 2694 in
1160 2663 1298 2694 Diction.
1344 2664 1434 2700 Ante,
1463 2674 1545 2694 mare
1573 2670 1602 2694 et

938 2712 1038 2747 tellus,
1070 2712 1281 2743 Revocassem
1298 2722 1355 2753 ego
1371 2711 1503 2742 alterum
1519 2713 1599 2743 Ante

936 2772 1016 2792 mare
1038 2768 1065 2791 et
1082 2768 1187 2798 terras,
1202 2768 1237 2793 ut
1251 2761 1342 2802 longe
1361 2760 1501 2803 plurimis
1523 2770 1599 2792 auc-
