1729 3207
195 208 277 249 128

581 205 630 245 Ρ.
665 205 875 246 0V1D11
914 203 1190 246 NASONIS

199 322 299 370 Sed
325 329 470 368 nocet
493 336 603 367 esse
631 320 825 375 Deum;
866 320 1209 383 praeclusaque
1229 321 1384 382 janua
1408 318 1491 366 leti

201 398 457 446 AEternum
483 404 676 444 nostros
701 397 866 443 luctus
887 396 1113 443 extendit
1136 397 1186 442 in
1211 411 1368 442 aevum
1388 394 1431 440 !''

197 475 337 522 Talia
361 473 584 522 moerenti
605 474 833 521 stellatus
858 474 1118 521 submovet
1142 473 1321 535 Argus,

204 551 538 615 Ereptamque
563 551 690 614 patri
716 551 910 598 diversa
934 551 983 597 in
1008 565 1196 614 pascua
1218 555 1386 596 natam

1485 549 1581 595 665

201 627 457 674 Abstrahit
478 645 486 674 :
528 628 633 691 ipse
654 628 826 690 procul
848 626 1027 674 montis
1054 626 1264 674 sublime
1289 640 1527 673 cacumen

204 704 447 768 Occupat,
471 703 602 751 unde
627 703 806 751 sedens
825 710 991 767 partes
1017 703 1300 766 speculetur
1319 701 1368 748 in
1394 717 1582 749 omnes.

269 782 376 829 Nec
395 781 642 846 Superum
657 789 817 829 rector
832 782 961 829 mala
977 788 1114 829 tanta
1130 778 1440 827 Phoronidos
1455 778 1585 825 ultra

210 858 355 906 Ferre
379 865 546 922 potest
567 877 577 915 ;
604 865 878 921 natumque
902 864 1060 913 vocat,
1082 873 1232 920 quem
1256 855 1422 903 lucida
1445 861 1589 918 partu

207 934 371 982 Pleias
387 935 537 982 enixa
552 943 653 989 est;
677 935 878 997 letoque
893 934 993 989 det,
1011 934 1238 997 imperat,
1257 933 1464 994 Argum.
1492 933 1589 978 670

206 1010 366 1058 Parva
390 1027 526 1059 mora
551 1018 641 1066 est,
671 1010 772 1058 alas
795 1011 1022 1075 pedibus,
1049 1010 1339 1072 virgamque
1361 1007 1552 1072 potenti

245 1176 320 1207 662.
344 1177 448 1207 Janua
464 1178 526 1211 leti,
544 1187 637 1207 causa
659 1183 689 1207 et
712 1177 761 1207 via
783 1187 861 1207 mor-

203 1225 252 1256 tis.
297 1225 424 1256 Praeivit
438 1226 562 1256 Lucret.
577 1225 597 1256 i.
616 1226 709 1256 1105.
734 1226 792 1256 haec
818 1237 862 1255 re-

204 1277 255 1305 bus
278 1276 335 1305 erit
355 1285 423 1315 pars
437 1277 541 1315 janua
565 1276 627 1305 leti.
673 1275 786 1305 Noster
801 1275 863 1306 ΙΙΙ.

203 1323 228 1353 T
230 1323 296 1354 rist.
326 1323 358 1353 ii.
386 1325 438 1354 30.
473 1325 611 1354 interitus
634 1323 731 1365 fores.
777 1323 864 1365 Virg.

208 1372 334 1403 AEneid.
351 1372 382 1403 ii.
397 1373 469 1403 661.
490 1379 573 1412 patet
590 1374 745 1412 istijanua
761 1373 828 1408 leto,
843 1373 864 1404 i.

205 1433 232 1453 e.
245 1421 284 1452 ad
296 1422 391 1452 talem
407 1426 536 1452 mortem
552 1422 590 1452 ab
606 1421 691 1452 hoste
708 1421 864 1463 accipien-

207 1471 279 1502 dam
294 1470 395 1502 facilis
407 1476 453 1501 est
470 1470 520 1501 via
533 1482 540 1500 τ
557 1470 620 1501 vid.
631 1470 734 1502 Cerda
747 1470 786 1501 ad
801 1470 833 1501 h.
848 1470 869 1500 1.

205 1520 267 1552 Sed
293 1520 411 1551 Inacho
428 1520 576 1560 praeclusa
598 1526 662 1551 erat
678 1522 783 1560 janua
807 1521 869 1551 leti.

208 1570 365 1601 Caeterum
393 1579 483 1605 mors,
509 1574 659 1610 tanquam
685 1569 812 1600 unicum
837 1569 869 1599 in

210 1618 299 1649 malis
323 1618 505 1654 remedium,
520 1617 659 1660 Tragicis
679 1618 798 1649 Graecis
822 1618 869 1649 di-

207 1668 335 1698 cebatur
351 1667 468 1709 ἰατρὸς,
482 1666 599 1698 παιάν.
635 1667 717 1698 Vide
732 1667 869 1698 Valken.

210 1716 249 1747 ad
280 1716 387 1758 Eurip.
417 1716 514 1758 Hipp.
542 1717 634 1747 1372.
687 1716 737 1747 Cf.
763 1716 874 1748 Senec.

208 1765 322 1805 Agam.
339 1765 402 1796 579
417 1775 487 1806 sqq.

253 1815 326 1845 664.
350 1814 525 1855 Moerenzz'.]
566 1814 697 1856 Repone
725 1814 875 1846 audacter

213 1864 399 1900 Moerentem,
417 1863 538 1894 scilicet
561 1869 691 1906 patrem,
713 1875 750 1895 ex
773 1871 874 1895 nostro

213 1913 292 1944 Cod.
307 1913 351 1943 R.
371 1913 409 1943 Β.
448 1913 601 1943 submovet
616 1918 736 1954 patrem
751 1925 874 1944 moeren-

213 1968 282 1998 tem,
300 1968 331 1993 et
347 1963 492 1992 abstrahit
508 1968 610 1992 natam
626 1969 766 2001 ereptam.
799 1963 875 1994 Stel-

212 2013 302 2047 latus‚
319 2011 484 2049 distinctus
506 2011 614 2045 oculis,
638 2016 788 2053 tanquam
809 2022 876 2043 coe-

213 2060 278 2091 lum
306 2060 425 2091 stellis:
463 2071 492 2090 v.
520 2060 593 2091 461.
622 2062 715 2091 variis
743 2062 879 2092 stellatus

212 2121 335 2149 corpora
359 2112 466 2151 guttis.
511 2109 624 2150 Virgil.
640 2110 714 2140 [ΕΠ.
734 2110 774 2140 iv.
796 2111 877 2141 261:

213 2160 348 2190 stellatus
366 2161 476 2198 iaspide
491 2161 576 2189 ensis.
600 2159 754 2190 Submovet
770 2160 876 2191 Valet.

213 2211 246 2239 in
264 2210 395 2248 scopulos
420 2215 448 2238 et
474 2210 610 2239 monstris
634 2209 755 2239 horrida
781 2210 875 2239 lustra

215 2260 320 2299 abigit.

257 2307 331 2338 666.
357 2307 421 2346 Ipse
442 2307 578 2348 procul.]
607 2308 726 2349 Prope;
750 2318 821 2338 nam
846 2309 877 2339 in

214 2356 423 2398 propinquum
437 2362 572 2387 montem
589 2357 781 2393 ascenderat,
795 2358 878 2389 unde

213 2405 324 2436 sedens
345 2405 376 2436 in
392 2417 488 2436 omnes
501 2413 600 2445 partes
616 2412 779 2448 spectaret.
824 2408 876 2439 Sic

215 2453 303 2496 Virg.
321 2453 428 2495 Eclog.
446 2454 484 2484 vi.
505 2455 558 2484 16:
586 2456 673 2485 Serta
688 2457 796 2496 procul
810 2463 876 2487 tan-

216 2509 279 2533 tum
294 2505 386 2543 capiti
399 2504 529 2542 delapsa.

257 2553 330 2583 667.
357 2553 533 2592 Speruletnr
560 2563 614 2593 pro
643 2554 818 2591 speculatur
848 2553 878 2584 in

217 2612 277 2632 uno
306 2601 425 2632 Medic.
461 2613 478 2632 :1
508 2603 607 2643 prima
641 2613 734 2633 manu
766 2603 879 2644 reperit

217 2651 328 2681 Heius.
376 2652 423 2682 Ita
448 2652 609 2682 consilium
635 2652 800 2686 indicatur.
825 2663 879 2683 cur

218 2706 352 2730 montem
369 2701 577 2742 occupaverit.
604 2701 706 2731 Nostri
725 2702 803 2732 (jod.
817 2713 876 2740 spe-

215 2750 347 2779 salazar.
400 2750 514 2780 Partes,
532 2760 682 2789 regiones,
704 2752 877 2789 vinculetur,

931 1175 1052 1218 proprie
1071 1176 1194 1206 locutus
1212 1180 1259 1206 est
1269 1186 1279 1212 3
1302 1184 1373 1204 nam
1393 1183 1492 1209 mons,
1509 1172 1592 1204 unde

932 1226 1002 1267 quis
1016 1230 1205 1267 prospectat,
1223 1225 1342 1264 specula
1357 1222 1482 1254 dicitur.

975 1275 1156 1305 668—723.
1182 1274 1246 1304 Nec
1261 1272 1510 1312 Superum‚etc.]
1536 1272 1593 1303 Ju-

933 1324 1013 1366 piter
1047 1323 1142 1354 mittit
1176 1324 1371 1354 Mercurium
1406 1321 1447 1352 ad
1475 1321 1595 1362 Argum

934 1373 1151 1405 trucidandum
1165 1384 1173 1411 ;
1197 1383 1259 1414 quo
1275 1372 1356 1402 facto
1372 1371 1548 1402 Mercurius
1564 1370 1595 1401 in

936 1425 1110 1465 AEgyptum
1133 1421 1315 1466 profugisse,
1331 1420 1437 1462 ibique
1461 1421 1546 1462 leges
1566 1426 1598 1450 et

935 1472 1040 1503 literas
1063 1471 1204 1503 docuisse
1227 1470 1370 1507 traditur,
1390 1470 1459 1501 Cic.
1482 1470 1526 1500 N.
1550 1469 1596 1500 D.

936 1520 980 1552 iii.
994 1522 1046 1552 22.
1091 1520 1142 1551 Ab
1159 1531 1194 1551 eo
1209 1520 1343 1551 facinore
1360 1519 1480 1552 Graecis
1494 1518 1600 1550 dictus

936 1579 983 1601 est
995 1569 1234 1613 Ἀργειφόντης.
1259 1569 1453 1600 Phoronidos.
1477 1568 1598 1598 APho-

936 1631 1023 1651 roneo
1037 1619 1187 1661 originem
1206 1619 1346 1650 ducebat
1361 1625 1392 1650 et
1413 1617 1551 1650 Inachus
1563 1617 1599 1648 ii.

939 1675 971 1700 et
990 1669 1080 1700 Iasus
1101 1668 1139 1700 ii.
1165 1667 1234 1699 vide
1258 1668 1404 1700 Munker.
1426 1667 1464 1699 ad
1481 1666 1599 1709 Hygin.

941 1719 1003 1749 fab.
1021 1719 1092 1749 145.

985 1767 1059 1798 669.
1082 1767 1198 1797 Natum
1219 1773 1314 1802 vocat,
1330 1776 1391 1797 non
1408 1764 1510 1800 modo,
1526 1764 1602 1806 quia

941 1815 1082 1847 minister
1102 1822 1159 1852 est,
1174 1821 1210 1847 ut
1233 1815 1372 1846 omnium
1391 1815 1541 1850 Deorum,
1556 1814 1602 1844 ita

941 1865 1027 1897 Jovis
1042 1865 1073 1895 in
1086 1865 1204 1907 primis,
1220 1865 1304 1895 unde
1320 1863 1486 1905 διάκτορος
1500 1862 1602 1894 dictus

941 1914 1139 1956 (Hemsterh.
1157 1915 1197 1945 ad
1210 1914 1340 1945 Lucian.
1353 1919 1428 1944 tom.
1437 1912 1458 1943 i.
1469 1924 1499 1954 p.
1510 1912 1602 1952 489.)

942 1964 996 1995 sed
1026 1963 1119 1995 etiam
1145 1963 1219 2005 quia
1244 1963 1429 1998 calliditate,
1451 1971 1515 2004 qua
1535 1961 1602 2003 pol-

943 2014 1028 2045 lebat
1058 2012 1236 2044 Mercurius
1265 2013 1394 2053 (Horat.
1423 2012 1451 2041 Ι.
1482 2010 1547 2042 Od.
1573 2018 1604 2041 x.

947 2062 1078 2100 7—16.)
1095 2072 1176 2092 nunc
1197 2072 1274 2103 opus
1291 2067 1366 2092 erat.
1412 2060 1501 2091 Idem
1516 2059 1605 2092 Jovis

947 2111 1102 2142 amoribus
1127 2110 1254 2141 inservit
1280 2110 1373 2141 etiam
1397 2109 1429 2140 ii.
1450 2110 1513 2140 836
1534 2120 1605 2151 sqq.

949 2159 999 2191 Cf.
1025 2170 1096 2191 cum
1120 2159 1187 2190 loco
1208 2170 1254 2200 sq.
1280 2159 1407 2190 Homer.
1423 2159 1487 2189 Od.
1506 2162 1544 2190 E.
1563 2159 1604 2188 43

943 2221 1034 2251 sqq.;
1067 2209 1180 2250 virgil.
1210 2208 1338 2240 AEneid.
1361 2208 1403 2240 iv.
1427 2209 1490 2240 238
1514 2218 1608 2250 sqq.;

944 2258 1072 2294 Statius,
1088 2258 1188 2289 Theb.
1204 2258 1225 2289 i.
1241 2259 1315 2289 303.

987 2309 1061 2339 670.
1094 2309 1206 2344 Pleias,
1237 2308 1337 2344 Maia,
1362 2307 1501 2338 Atlantis
1525 2299 1602 2344 filia,

945 2368 1007 2389 una
1030 2369 1067 2388 ex
1093 2357 1284 2393 Pleiadibus,
1301 2367 1370 2399 quae
1394 2362 1466 2387 sunt
1485 2362 1604 2398 septem

945 2406 1043 2437 stellae
1064 2407 1095 2436 in
1117 2406 1206 2437 dorso
1229 2406 1329 2444 tauri3
1354 2407 1467 2441 lucida,
1488 2405 1605 2448 quippe

945 2456 1041 2486 sidus.
1097 2455 1235 2495 Letoque.
1282 2455 1373 2486 Unde
1411 2465 1524 2485 nomen
1560 2454 1606 2485 illi

944 2504 1186 2546 Ἀργειφόντης.

990 2555 1063 2584 671.
1100 2554 1199 2584 Parra
1233 2564 1315 2583 mora.
1347 2559 1409 2583 est:
1442 2553 1607 2588 Homerus,

946 2601 1010 2633 οὐδ’
1023 2602 1162 2640 ἀπίθησε
1178 2615 1184 2632 :
1207 2613 1314 2641 parra,
1330 2601 1352 2632 i.
1364 2611 1393 2632 e.
1408 2601 1520 2632 brevis.
1544 2601 1606 2631 Lu-

947 2661 1019 2681 can.
1036 2651 1079 2681 iv.
1097 2652 1169 2681 476.
1190 2662 1283 2690 pur-1¹11
1305 2662 1369 2680 nor.
1416 2651 1499 2681 Alas.
1526 2650 1604 2680 Inde

947 2699 1060 2730 (licitur
1086 2701 1156 2735 tiles,
1179 2700 1287 2730 Horat.
1311 2699 1338 2729 Ῑ.
1362 2699 1423 2729 Od.
1445 2699 1476 2729 ii.
1500 2700 1550 2729 43.
1575 2705 1605 2728 et

946 2752 1035 2788 alipes
1052 2749 1129 2780 infra
1146 2750 1185 2780 iv.
1203 2750 1275 2780 576.
1311 2751 1368 2779 Ala·
1387 2748 1535 2779 Mercurii
1560 2747 1605 2778 di—
