1763 3181
390 181 1012 225 METAMORPHOSEON
1046 185 1164 225 LIB.
1198 184 1306 227 VII.

1452 186 1537 228 459

150 296 372 359 Corpora
394 297 662 358 vulgarunt
686 297 986 360 pluvialibus
1011 299 1146 347 edita
1168 299 1349 362 fungis.

152 372 253 420 Sed
281 379 550 436 postquam
578 373 781 421 Colchis
808 375 928 422 arsit
949 392 1075 423 nova
1100 383 1258 439 nupta
1280 375 1499 431 venenis,

149 449 571 511 Flagrantemque
590 450 793 497 domum
812 452 943 514 regis
961 468 1094 499 mare
1109 452 1232 499 vidit
1247 459 1538 515 utrumque;

151 525 404 587 Sanguine
429 532 657 572 natorum
683 527 995 589 perfunditur
1020 528 1200 592 impius
1227 529 1388 585 ensis3
1448 532 1544 576 396

152 602 374 665 Ultaque
399 618 452 649 se
478 603 606 650 male
632 610 806 660 mater,
836 604 1028 667 Iasonis
1055 605 1231 667 effugit
1256 620 1407 652 arma.

216 678 307 726 VI.
349 678 480 726 Hinc
502 679 772 727 Titaniacis
798 681 965 728 ablata
989 682 1304 738 draconibus,
1327 682 1480 728 intrat

198 817 272 847 394.
302 817 409 848 Medea
439 829 529 858 quum
556 829 590 848 ecc
619 817 729 849 Jasone
747 821 819 858 jam

141 867 228 907 filios
243 867 428 898 Mer-merum
448 875 477 898 et
499 869 641 898 Feretum
664 879 817 907 procreas-

153 922 205 952 set,
226 927 396 957 summaque
417 918 577 948 concordia
598 918 745 953 viverent,
770 919 816 947 ob-

141 968 312 1006 jiciebatur
327 968 365 1002 ei,
380 967 524 996 hominem
542 972 600 996 tam
612 966 818 1008 fortemjbr-

155 1026 262 1045 mosum
289 1027 324 1046 ac
354 1017 492 1051 nobilem,
520 1027 642 1046 uaorem
674 1017 819 1046 advenam

153 1070 244 1104 atque
257 1065 418 1105 veneficam
441 1066 558 1095 habere.
608 1065 691 1095 Huic
712 1065 819 1101 Creon,

157 1113 298 1144 Menaecei
313 1115 417 1154 filius,
441 1125 492 1144 rex
516 1115 702 1149 Corinthius,
715 1115 821 1154 filiam

154 1173 239 1193 suam
261 1164 402 1193 minorem
425 1163 565 1194 Glaucen
581 1165 665 1194 dedit
689 1174 820 1194 tutorem.

155 1211 262 1242 Medea
287 1224 376 1252 quum
403 1214 491 1248 vidit,
521 1224 550 1243 se
577 1224 651 1254 erga
683 1213 822 1243 Jasonem

156 1262 226 1291 bene
253 1268 414 1292 merentem
444 1268 531 1292 tanta
556 1263 739 1292 contumelia
766 1273 822 1292 esse

155 1309 307 1351 affectam,
324 1321 463 1341 coronam
478 1321 511 1341 ex
531 1313 650 1341 venenis
662 1311 746 1353 fecit
766 1322 821 1341 au-

154 1369 247 1395 ream,
263 1370 383 1400 eamque
403 1361 523 1389 muneri
539 1361 637 1400 jussit
649 1360 738 1399 filios
759 1370 824 1390 suos

159 1418 291 1439 novercae
320 1410 404 1439 dare.
462 1408 587 1444 Creusa,
614 1419 738 1439 munere
772 1421 822 1439 ac-

155 1463 249 1497 cepto,
274 1468 343 1487 cum
367 1456 477 1487 Jasone
499 1464 527 1487 et
555 1457 682 1487 Creonte
710 1458 822 1498 confla-

153 1507 269 1547 gravit.
295 1506 403 1537 Medea
418 1508 470 1536 ubi
485 1508 599 1547 regiam
611 1508 718 1536 ardere
734 1508 822 1542 vidit,

161 1561 247 1585 natos
274 1565 339 1585 suos
365 1555 519 1596 interfecit
544 1561 573 1585 et
598 1555 737 1596 profugit
768 1556 823 1585 Co-

158 1604 272 1635 rintho.
320 1602 478 1644 Hyginus,
503 1603 612 1634 fabula
635 1605 689 1634 25.
728 1603 822 1635 Conf.

158 1652 379 1695 Apollodorus,
399 1652 433 1683 d.
448 1651 470 1683 l.
494 1653 563 1683 Hoc
586 1652 824 1684 fundamentum

159 1709 206 1734 est
234 1702 392 1744 Euripidis
418 1708 450 1732 et
479 1702 605 1733 Senecae
636 1702 824 1739 fabularum,

159 1763 230 1794 quae
259 1751 386 1783 Medeae
413 1762 527 1783 nomen
557 1752 686 1782 habent.
739 1752 826 1782 Nova

161 1808 257 1843 nupta
288 1801 328 1832 ab
363 1801 434 1832 aliis
464 1801 586 1832 Glauce
616 1806 755 1837 vocatur,
785 1802 825 1832 ab

161 1851 231 1883 aliis
247 1852 380 1887 Creusa,
397 1855 428 1881 et
438 1851 504 1892 jam
520 1850 595 1881 olim
611 1850 825 1887 dubitabatur,

162 1905 267 1931 utrum
294 1899 410 1931 verius.
454 1899 558 1930 Sehol.
584 1898 754 1940 Euripidis,
785 1898 826 1929 ad

163 1950 327 1986 Medeam,
346 1950 397 1980 19.
434 1949 497 1979 Sed
511 1949 592 1979 bene
608 1948 728 1978 notavit
742 1948 824 1979 Bur-

162 2009 307 2035 mannuS‚
335 1998 485 2030 Creusam
517 2008 578 2028 non
616 2007 683 2027 esse
714 2007 827 2028 nomen

162 2048 334 2090 proprium,
370 2047 424 2078 sed
461 2047 557 2077 filiam
591 2046 672 2087 regis
709 2052 827 2077 notare.

166 2098 303 2133 Venenis,
333 2097 423 2128 donis
452 2096 634 2128 venenatis:
667 2096 826 2132 Horatius,

163 2146 265 2189 Epod.
280 2146 324 2178 iii.
340 2147 390 2177 13.
406 2147 546 2177 delibutis
561 2147 656 2176 donis.
694 2145 828 2176 Miserat

162 2195 280 2238 pallam
297 2200 328 2226 et
349 2205 506 2231 coronam,
523 2193 656 2225 πέπλον
676 2194 729 2225 καὶ
755 2193 825 2225 στέ-

163 2250 222 2285 φος
257 2243 483 2286 χρυσήλατον,
524 2242 700 2284 Euripides,
737 2243 826 2281 9493

164 2293 271 2325 Valer.
287 2293 432 2330 Flaccus,
446 2305 474 2323 v.
490 2293 553 2323 449
567 2304 575 2330 ;
591 2293 721 2327 Seneca,
737 2292 827 2323 Med.

163 2343 238 2374 570.
282 2343 345 2373 Illa
359 2342 440 2373 dona
453 2342 606 2372 infecerat
621 2341 773 2382 naphtha,
789 2351 827 2371 ex

164 2392 333 2422 multorum
352 2391 481 2432 quidem
496 2389 654 2432 opinione,
670 2400 740 2430 quae
755 2389 829 2420 inde

163 2439 250 2471 dicta
279 2444 326 2470 est
354 2438 499 2478 Μηδείας
528 2437 709 2480 φάρμακον.
756 2437 830 2468 vid.

167 2489 354 2524 Munkerus,
377 2488 416 2519 ad
439 2487 557 2529 Hygia.
578 2486 609 2517 d.
625 2486 646 2517 l.
670 2485 830 2527 Naphthae

167 2549 282 2579 magna
302 2537 447 2579 cognatio
470 2536 603 2578 ignium,
622 2535 677 2577 qui
692 2535 832 2576 protinus

165 2586 197 2617 in
223 2597 291 2618 eam
318 2586 519 2617 transiliunt:
544 2584 678 2621 Plinius,
699 2584 733 2615 ii.
759 2585 830 2616 105.

167 2636 221 2667 ubi
237 2635 346 2666 addit:
374 2635 425 2665 Ita
439 2635 556 2676 serunt
579 2646 598 2664 a
614 2633 721 2663 Medea
742 2633 829 2672 pelli-

167 2697 228 2717 cem
251 2692 423 2721 crematam,
446 2691 599 2725 postquam
617 2684 829 2725 sacrificatura

167 2736 207 2765 ad
230 2745 299 2765 aras
317 2741 489 2769 accesserat,
508 2745 615 2764 corona
639 2734 709 2774 igne
731 2739 830 2771 rapta.

887 820 991 851 Vocat
1024 820 1134 850 Colcha
1167 830 1299 856 venena,
1330 819 1403 861 quia
1432 819 1550 850 Medea

887 869 1016 900 Colchis
1030 869 1069 899 iis
1084 879 1153 900 usa.

931 919 1007 949 396.
1036 919 1192 960 Sanguine
1218 926 1370 955 natorum,
1392 918 1470 958 etc.]
1496 919 1547 948 In-

887 969 1030 999 terfectos
1046 967 1125 998 filios
1141 978 1159 998 a
1175 967 1355 1003 Corinthiis,
1371 967 1452 1008 quod
1469 967 1552 998 dona

887 1016 1076 1052 attulissent,
1093 1022 1201 1047 auctor
1222 1021 1269 1046 est
1285 1015 1471 1051 Pausanias,
1488 1015 1548 1046 Co-

887 1065 981 1097 rinth.
1001 1076 1035 1107 p.
1055 1066 1136 1104 1183
1160 1064 1307 1106 idemque
1332 1064 1431 1099 addit,
1455 1075 1552 1105 quum

888 1114 944 1144 filii
965 1114 1149 1145 innocentes
1171 1120 1275 1144 essent
1295 1113 1426 1149 inventi,
1443 1113 1552 1144 Corin-

888 1164 969 1195 thios
997 1163 1029 1193 in
1057 1174 1094 1194 eo
1118 1163 1186 1205 ipso
1212 1163 1292 1199 loco,
1316 1163 1370 1193 ubi
1396 1163 1551 1194 interfecti
1576 1188 1578 1190 ,

888 1218 1003 1248 essent,
1032 1213 1162 1243 Pavoris
1188 1212 1358 1252 imaginem
1379 1212 1553 1248 dedicasse,

890 1262 931 1292 ad
946 1272 1080 1303 eamque
1097 1272 1186 1292 sacra
1203 1261 1417 1292 anniversaria
1432 1261 1552 1292 fecisse.

890 1309 1039 1340 Similiter
1060 1309 1210 1350 Apollod.
1232 1314 1264 1339 et
1280 1309 1438 1339 AElianus.
1453 1310 1495 1340 V.
1509 1308 1552 1339 H.

891 1369 923 1388 v.
940 1359 992 1388 21.
1031 1359 1070 1388 In
1086 1357 1219 1388 Scholiis
1234 1357 1394 1399 Euripidis
1409 1356 1448 1387 ad
1465 1356 1556 1388 Med.

892 1407 1057 1449 Euripides
1081 1406 1213 1437 traditur
1228 1406 1368 1448 quinque
1391 1406 1517 1437 talentis
1538 1417 1557 1437 a

893 1456 1062 1487 Corinthiis
1085 1462 1248 1497 corruptus
1274 1466 1355 1491 esse,
1372 1461 1407 1486 ut
1428 1455 1460 1485 in
1483 1456 1554 1485 Me-

889 1506 982 1537 deam
999 1505 1179 1536 transferret
1194 1505 1282 1536 illam
1299 1505 1430 1535 caedem.
1472 1506 1554 1535 Rem

892 1554 1036 1595 disquirit
1051 1554 1221 1584 Barnesius
1237 1554 1268 1583 in
1287 1554 1362 1584 Vita
1381 1552 1553 1595 Euripidis,

890 1609 968 1635 sect.
997 1604 1046 1634 17.
1092 1603 1174 1633 Vide
1200 1609 1231 1633 et
1260 1602 1425 1644 Boettigeri
1454 1603 1557 1645 prolu-

891 1654 992 1684 siones
1008 1653 1047 1684 de
1062 1652 1180 1683 Medea
1195 1651 1374 1693 Euripidea.

936 1703 1119 1733 398—492.
1150 1702 1234 1731 Hinc
1272 1701 1449 1736 Titaniacis,
1479 1700 1556 1741 etc.]

893 1751 1013 1782 Medea
1037 1751 1180 1781 Athenas
1206 1750 1296 1792 fugit,
1321 1749 1375 1780 ubi
1395 1749 1434 1780 ab
1454 1751 1557 1790 AEgeo

893 1800 1058 1842 excipitur,
1080 1800 1170 1842 cujus
1195 1799 1294 1830 filium
1314 1799 1443 1829 venenis
1463 1798 1558 1829 inter-

893 1849 984 1880 ficere
1000 1855 1143 1880 conatur.
1188 1847 1315 1890 Excipit
1337 1858 1405 1878 eam
1424 1848 1555 1888 AEgeus,

894 1904 1061 1940 postquam
1081 1899 1250 1940 juraverat,
1266 1908 1298 1928 se
1313 1907 1381 1928 eam
1398 1908 1458 1927 non
1475 1896 1557 1938 ejec-

894 1954 1009 1978 turum.
1065 1947 1243 1989 Euripides,
1276 1948 1339 1978 709
1369 1957 1439 1987 sqq.
1485 1947 1559 1987 Ipsa

895 1996 1038 2038 pollicita
1052 2002 1128 2032 erat,
1145 2007 1178 2027 se
1200 1995 1333 2027 orbitate
1354 1995 1558 2025 liberaturam

895 2047 1009 2087 AEgea.
1054 2045 1257 2081 Plutarchus,
1284 2045 1380 2075 Thes.
1411 2045 1468 2074 12:
1493 2043 1559 2074 filio

894 2102 1027 2131 servato,
1061 2094 1239 2126 convivium
1263 2093 1448 2129 instituitur,
1475 2093 1558 2134 quod

895 2149 1018 2175 resonat
1041 2144 1154 2174 Thesei
1179 2143 1336 2174 laudibus.
1382 2142 1472 2173 Conf.
1489 2142 1557 2182 Hy-

894 2193 958 2233 gin.
971 2195 1035 2232 26;
1059 2192 1157 2224 Diod.
1172 2193 1234 2223 Sic.
1250 2191 1292 2222 iv.
1307 2192 1349 2222 54
1361 2202 1431 2232 sqq.
1447 2203 1454 2227 ;
1475 2191 1557 2221 Pau-

894 2252 963 2272 san.
989 2242 1023 2272 ii.
1052 2243 1096 2279 33
1118 2241 1266 2283 Apollod.
1290 2241 1317 2272 I.
1343 2240 1385 2270 ix.
1407 2241 1460 2271 28.
1508 2240 1559 2271 Ti-

895 2293 1034 2327 taniacis,
1052 2301 1130 2332 quos
1146 2301 1162 2321 a
1179 2291 1243 2321 sole
1257 2296 1435 2331 acceperat.
1459 2289 1559 2330 Apol-

895 2339 1030 2370 lodorus.
1078 2340 1235 2379 Periphas,
1254 2350 1306 2369 rex
1325 2337 1558 2379 antiquissimus

897 2388 1012 2419 Atticae
1030 2394 1101 2419 ante
1114 2387 1262 2429 Cecropis
1278 2393 1429 2428 tempora.
1477 2387 1557 2417 Eum

897 2437 1020 2478 Jupiter
1044 2437 1076 2467 in
1098 2436 1237 2477 aquilam
1262 2435 1408 2471 mutavit,
1429 2435 1559 2476 ejusque

898 2485 1075 2527 conjugem,
1086 2495 1183 2526 quum
1197 2483 1332 2526 separari
1348 2483 1445 2513 nollet
1461 2494 1479 2513 a
1494 2494 1558 2514 ma-

898 2533 967 2569 rito,
991 2534 1023 2564 in
1048 2534 1163 2575 ὅρνιθα
1186 2532 1366 2574 σύννομον,
1388 2531 1419 2561 id
1442 2538 1499 2568 est,
1528 2533 1559 2563 in

898 2582 1007 2613 iisdem
1030 2581 1154 2624 pascuis
1169 2587 1356 2616 versantem,
1373 2591 1435 2611 una
1450 2580 1559 2612 viven-

898 2637 973 2667 tem,
990 2642 1100 2673 nempe
1120 2631 1152 2661 in
1174 2630 1295 2671 φήνην,
1314 2631 1467 2661 falconem
1483 2631 1558 2661 ossi-

899 2682 1040 2723 fragam:
1073 2680 1253 2711 Antoninus
1276 2680 1377 2710 Liber.
1401 2681 1431 2710 6.
1485 2681 1558 2710 Jam

899 2730 1046 2771 quoniam
1076 2735 1107 2760 et
1137 2739 1218 2760 nunc
1249 2728 1288 2759 de
1315 2728 1437 2759 duobus
1460 2738 1559 2759 sermo
