1729 3207
208 211 293 252 100
595 208 645 248 P.
679 205 890 247 OVIDII
925 203 1202 246 NASONIS

207 324 448 386 Contigit,
475 330 526 370 et
546 322 728 370 cecinit
747 323 912 384 jussos
938 319 1107 366 inflata
1131 324 1378 380 receptus,
1489 317 1585 362 340

208 400 453 448 Omnibus
479 399 648 446 audita
672 404 749 445 est
771 395 962 444 telluris
988 402 1038 443 et
1062 394 1273 458 aequoris
1298 392 1471 447 undis;

207 477 273 524 Et
297 477 478 540 quibus
503 482 580 523 est
600 474 745 521 undis
771 473 954 527 audita,
983 471 1202 519 coercuit
1226 486 1415 518 omnes.

206 553 237 600 J
243 569 321 600 am
347 568 479 600 mare
500 552 615 598 litus
641 551 818 606 habet3
847 549 1021 613 plenos
1043 548 1179 612 capit
1200 548 1366 594 alveus
1388 561 1556 593 amnes
1575 563 1585 601 3

210 629 439 676 Flumina
463 628 753 683 subsidunt;
795 627 947 673 colles
973 626 1108 673 exire
1131 625 1388 681 videntur3

212 706 384 768 Surgit
397 707 576 752 humus
591 724 601 762 ;
631 711 862 752 crescunt
877 704 986 751 loca
999 702 1403 750 decrescentibus
1419 699 1588 747 undis:

213 783 438 846 Postque
457 782 589 829 diem
615 782 812 844 longam
832 780 1019 827 nudata
1037 779 1297 827 cacumina
1317 778 1448 824 silvae
1496 778 1592 822 346

213 859 516 914 Ostendunt,
541 859 816 920 limumque
840 863 1016 904 tenent
1039 856 1089 902 in
1114 855 1285 902 fronde
1311 853 1556 901 relictum.

280 936 528 984 Redditus
553 935 685 982 orbis
711 942 844 982 erat:
879 950 1029 997 quem
1054 938 1321 997 postquam
1345 931 1467 978 vidit
1490 930 1593 976 ina-

213 1013 279 1061 Et
302 1014 551 1061 desolatas
577 1027 725 1075 agere
751 1012 852 1058 alta
877 1009 1077 1057 silentia
1100 1016 1273 1063 terraS‚
1440 1008 1593 1068 [nem‚

215 1090 508 1145 Deucalion,
534 1089 768 1152 lacrymis
794 1088 865 1135 ita
888 1086 1132 1151 Pyrrham
1159 1085 1354 1133 adfatur
1377 1083 1593 1132 obortis:

216 1174 247 1192 “
276 1168 320 1215 O
342 1183 492 1224 soror,
516 1183 544 1214 o
570 1168 771 1230 conjux,
792 1182 820 1212 o
841 1165 1025 1213 femina
1044 1165 1148 1212 sola
1173 1169 1442 1226 superstes,
1501 1163 1593 1209 351

215 1243 378 1300 Quam
403 1260 662 1292 commune
687 1242 807 1291 mihi
833 1258 1005 1305 genus,
1034 1248 1085 1289 et
1108 1239 1344 1305 patruelis
1369 1239 1521 1302 origo,

216 1426 293 1457 tum,
309 1430 439 1462 quorum
453 1421 551 1452 barba
567 1422 699 1452 rorabat.
744 1421 873 1452 Utrum-

216 1481 278 1512 que
299 1469 422 1506 dicitur,
438 1482 544 1501 canere
565 1473 707 1511 receptui,
723 1477 754 1502 et
775 1483 874 1511 recep-

217 1526 293 1556 tum,
312 1525 366 1550 aut
381 1526 521 1560 receptas.
569 1521 717 1557 coercuit,
733 1520 765 1551 in
786 1531 876 1552 suum

217 1569 321 1600 locum
336 1569 435 1600 redire
451 1569 563 1611 coegit.

260 1619 334 1649 343.
350 1619 420 1649 Jam
432 1630 523 1655 mare,
538 1619 618 1659 etc.]
634 1619 694 1650 Hic
711 1619 796 1651 locus
809 1619 876 1651 Iau-

217 1667 288 1698 dem
306 1673 438 1698 meretur
459 1678 478 1698 a
497 1667 663 1703 brevitate,
681 1679 751 1709 quae
767 1669 811 1699 rei
827 1679 878 1699 ce-

218 1716 372 1748 leritatem
398 1717 480 1747 bene
517 1716 671 1758 exprimit.
717 1717 754 1747 Ei
783 1716 878 1748 etiam

218 1765 454 1796 accommodata
487 1764 633 1796 orationis
667 1765 774 1802 forma,
808 1776 877 1807 quae

217 1814 364 1845 brevibus
400 1814 548 1845 membris
582 1820 715 1845 constat.
770 1815 879 1846 Plenus

218 1865 310 1902 capit,
326 1868 385 1894 etc.
431 1863 532 1904 Aquae
555 1863 598 1894 ita
614 1863 826 1900 decreverant,
844 1870 878 1895 ut

220 1911 301 1942 alvei
314 1911 379 1953 jam
390 1913 502 1952 plenos,
518 1912 666 1953 integros,
680 1913 790 1944 fluvios
804 1913 878 1955 ripis

220 1960 284 1991 suis
300 1961 456 1992 continere
471 1967 608 2003 possent.

263 2009 339 2040 344.
367 2010 523 2047 Flumina,
547 2010 672 2041 omnino
698 2021 799 2052 aquae.
826 2011 876 2041 Γὶ-

219 2059 343 2094 dentur,
360 2065 539 2090 cernuntur.
576 2059 707 2101 Surgere
721 2060 881 2101 eleganter

221 2105 284 2137 drr.
297 2117 380 2148 quae,
393 2107 624 2139 subsidentibus
639 2107 688 2144 iis,
698 2109 810 2149 quibus
826 2109 880 2140 ad-

221 2154 283 2186 huc
302 2161 386 2186 tecta
404 2156 536 2193 fuerant,
557 2156 696 2198 conspici
715 2157 880 2199 incipiunt.

223 2204 306 2236 Vide
326 2215 381 2236 nos
401 2205 440 2235 ad
460 2205 543 2236 Plin.
558 2206 618 2237 VI.
634 2206 732 2248 Epist.
752 2206 815 2238 xvi.
834 2208 882 2237 14.

226 2254 382 2285 Crescunt.
406 2255 493 2285 Bene
517 2254 631 2286 etiam:
657 2255 749 2297 plura
767 2261 798 2286 et
817 2266 882 2287 am-

223 2302 322 2345 pliora
345 2303 376 2333 in
401 2309 614 2345 conspectum,
636 2304 799 2346 prodeunt.
836 2305 883 2336 Si-

222 2351 294 2387 lius,
310 2362 364 2382 xv.
375 2352 451 2383 215.
470 2352 510 2383 de
524 2363 570 2389 eo,
583 2353 635 2394 qui
652 2352 777 2395 propius
793 2363 882 2385 acce-

224 2399 271 2430 dit
296 2400 335 2431 ad
354 2401 475 2437 urbem,
493 2403 608 2432 admoto
629 2404 796 2433 crescebant
817 2405 882 2433 cnl-

224 2451 307 2479 mina
335 2460 450 2491 gressu.
503 2450 619 2482 Contra
655 2451 738 2493 apud
767 2451 882 2483 Claud.

225 2497 333 2528 xxxiii.
352 2499 434 2529 189:
462 2498 591 2539 Totaque
612 2501 752 2531 decrescit
777 2499 884 2542 refugo

229 2545 390 2577 Trinacria
405 2548 480 2577 visu.

268 2596 341 2625 347.
369 2595 545 2636 Limumqne
571 2597 760 2638 insi-oncle]
794 2597 882 2629 Obli-

226 2649 318 2674 matae
353 2650 385 2674 et
426 2645 593 2676 luculenta}
632 2645 884 2688 relinquebantur

227 2692 348 2723 frondes
373 2693 528 2729 arborum,
545 2700 668 2736 propter
692 2706 805 2736 aquam
831 2707 885 2737 per

226 2740 396 2774 alluviones
415 2743 588 2774 necessario
611 2744 766 2775 turbatam
786 2744 884 2776 foeda-

942 1426 1079 1462 tamque.
1124 1420 1152 1450 F
1155 1421 1256 1450 rande.
1283 1418 1429 1449 Frondem
1440 1415 1600 1448 Rod.non

942 1469 1078 1501 debebat
1102 1469 1140 1500 de
1164 1469 1244 1499 foliis
1267 1478 1390 1509 capere,
1407 1471 1496 1498 erant
1519 1466 1600 1497 enim

943 1521 1059 1550 nudata
1074 1517 1248 1553 cacumina,
1266 1517 1319 1548 sed
1335 1516 1375 1547 de
1389 1515 1495 1546 ramis.

986 1569 1061 1599 348.
1091 1566 1268 1607 Redditus]
1295 1565 1474 1596 Restitutus
1489 1569 1555 1595 erat
1570 1564 1602 1594 in

942 1617 1103 1659 pristinam
1132 1616 1273 1647 formam.
1317 1615 1428 1656 Pomp.
1450 1614 1550 1650 Mela,
1575 1614 1603 1644 Ι.

943 1666 986 1697 ix.
1001 1667 1062 1697 32:
1089 1667 1181 1696 Nilus
1205 1676 1233 1696 se
1257 1666 1311 1696 sibi
1334 1666 1476 1700 reddidit,
1500 1674 1605 1694 rursus

944 1716 1069 1747 alveum
1084 1726 1174 1747 suum
1190 1715 1341 1756 sequitur.

988 1766 1062 1796 349.
1079 1765 1120 1795 Et
1135 1766 1279 1796 desolatas
1298 1775 1386 1806 agere
1405 1764 1469 1793 alta
1484 1764 1604 1793 silentia

945 1815 1066 1855 terras]
1090 1814 1152 1846 Hic
1167 1825 1273 1846 versus
1293 1814 1371 1844 mira
1386 1819 1417 1844 et
1430 1823 1499 1844 rara
1521 1811 1605 1855 apud

947 1864 1097 1896 Ovidium
1108 1863 1245 1905 imagine
1255 1874 1367 1894 vocum
1378 1861 1517 1894 excellit.
1545 1862 1605 1892 De-

944 1915 1052 1945 solatas
1079 1919 1184 1944 terras.
1227 1913 1404 1943 Destitutas
1431 1910 1607 1942 hominibus

945 1968 976 1994 et
1000 1961 1221 1993 animantibus.
1265 1961 1377 2002 Vix-gil.
1398 1960 1528 1992 AEneid.
1550 1960 1607 1991 lib.

945 2011 989 2042 xi.
1020 2012 1103 2042 367:
1135 2011 1276 2053 Ingentes
1305 2018 1333 2042 et
1358 2011 1551 2042 desolavimus
1572 2023 1605 2040 α-

942 2072 1024 2102 gros·

990 2111 1064 2141 350.
1087 2110 1213 2146 Obortis,
1231 2108 1519 2152 prorumpentibus;
1542 2110 1606 2139 obo-

946 2161 1004 2189 riri
1025 2158 1108 2190 enim
1127 2159 1283 2194 dicuntur,
1301 2168 1370 2199 quae
1394 2163 1608 2200 prorumpunt,

947 2207 1182 2250 superveniunt.

992 2259 1064 2289 351.
1101 2257 1127 2288 O
1155 2257 1266 2297 sernia]
1307 2256 1410 2296 Japeti
1438 2255 1494 2286 filii
1523 2256 1608 2287 fuere

953 2307 1144 2337 Prometheus
1157 2312 1188 2338 et
1200 2307 1400 2346 Epimetheus.
1425 2305 1610 2337 Prometheo

951 2366 987 2386 ex
1006 2356 1147 2386 Pandora
1164 2356 1276 2396 (qnam
1290 2354 1420 2385 Triclin.
1430 2354 1470 2385 ad
1484 2355 1610 2385 Pindar.

950 2405 1078 2447 Olymp.
1089 2405 1131 2436 ix.
1148 2405 1222 2436 facit
1237 2403 1412 2447 Epimethei
1428 2404 1609 2446 conjugem)

951 2459 1042 2484 natus
1062 2459 1109 2484 est
1125 2454 1308 2484 Deucalion.
1354 2453 1530 2495 Epimethei
1547 2453 1611 2484 filia

951 2501 1010 2533 fuit
1035 2503 1168 2543 Pyrrha.
1219 2503 1270 2533 Sic
1299 2501 1398 2532 intell.
1428 2512 1490 2542 quo
1518 2512 1611 2533 sensu

950 2554 1057 2582 sororis
1084 2552 1193 2582 vocab.
1223 2551 1256 2582 h.
1281 2551 1304 2581 1.
1337 2550 1524 2592 capiendum
1561 2550 1611 2582 sit.

951 2601 1023 2642 Ipse
1052 2611 1122 2631 mox
1152 2606 1380 2632 commentatur
1405 2600 1437 2630 in
1460 2599 1526 2630 haec
1556 2610 1609 2630 no-

951 2649 1044 2685 mina,
1069 2649 1153 2690 quod
1178 2655 1294 2685 tamen,
1322 2649 1353 2679 in
1376 2655 1462 2679 tanto
1485 2649 1609 2690 quidem

951 2698 1066 2734 dolore,
1079 2699 1163 2739 justo
1179 2698 1316 2739 argutius
1332 2698 1463 2730 videtur.
