1729 3207
195 220 278 261 130

585 218 636 259 Ρ.
670 216 881 259 OVIDII
915 215 1194 258 NASONIS

199 334 341 382 Sedit
365 333 694 387 Atlantiades,
722 340 772 380 et
797 338 997 379 euntem
1023 331 1179 379 multa
1202 332 1453 394 loquendo

197 411 424 458 Detinuit
449 425 674 458 sermone
699 409 859 465 diem3
896 409 1184 471 junctisque
1210 409 1433 457 canendo

195 488 407 535 Vincere
433 487 755 534 arundinibus
781 487 1028 534 servantia
1052 486 1239 533 lumina
1262 492 1438 533 tentat.

196 564 287 612 Ille
308 572 475 612 tamen
500 571 689 628 pugnat
712 563 886 611 molles
913 563 1137 611 evincere
1164 579 1390 610 somnos:

1479 565 1574 610 685

195 640 276 696 Et,
299 640 525 704 quamvis
551 656 698 704 sopor
722 647 800 688 est
823 640 1079 687 oculorum
1104 647 1244 704 parte
1270 646 1518 703 receptus,

194 718 346 765 Parte
372 725 538 764 tamen
562 717 763 780 vigilat:
800 717 978 780 quaerit
1006 733 1222 780 quoque,
1254 732 1470 780 namque
1500 732 1576 763 re-

195 794 385 842 Fistula
403 811 560 859 nuper
579 802 699 851 erat,
720 810 818 858 qua
838 794 902 842 sit
920 794 1107 842 ratione
1127 801 1338 858 reperta.

1412 795 1575 857 [perta

259 871 386 918 Tum
425 871 580 926 DeuS,
611 877 641 895 “
668 870 894 918 Arcadiae
926 871 1103 934 gelidis
1143 871 1235 918 sub
1273 869 1576 927 montibus‚''

391 948 569 1012 inquit,

194 1032 224 1050 “
247 1025 384 1073 Inter
404 1025 784 1089 Hamadryadas
804 1025 1127 1073 celeberrima
1148 1023 1456 1072 Nonacrinas
1478 1025 1576 1071 690

234 1165 308 1200 682,
329 1165 405 1195 683.
432 1164 473 1195 Et
496 1164 764 1206 euntem—diem]
790 1165 850 1196 Lo-

191 1223 248 1244 cus
260 1213 309 1244 hic
321 1213 412 1244 valde
426 1213 512 1244 torsit
521 1213 647 1255 ingenia
659 1214 738 1244 Intt.
765 1215 850 1251 Quo-

190 1261 274 1292 niam
295 1261 428 1292 amoenis
447 1262 752 1293 confabulationibus
771 1268 850 1293 tem-

190 1322 248 1353 pus
269 1311 398 1347 fallitur,
415 1317 446 1342 et
467 1310 592 1342 brevius
608 1311 697 1353 quasi
712 1311 850 1343 redditur

189 1360 265 1391 dum
289 1361 377 1391 nobis
390 1360 442 1391 vix
461 1360 665 1392 sentientibus
688 1360 848 1403 praeterla-

189 1409 292 1448 bitur3
315 1416 477 1452 propterea
506 1416 601 1451 negat
624 1411 778 1441 Burman.
802 1420 850 1441 sa-

189 1469 265 1489 num
280 1469 346 1490 esse
361 1459 394 1489 h.
409 1459 433 1489 l.
469 1459 541 1501 Ipse
560 1469 632 1501 ergo
648 1459 745 1490 ductu
759 1458 851 1491 unius

191 1507 271 1539 Cod.
289 1507 320 1538 in
342 1519 403 1549 quo
423 1510 535 1539 demuit
557 1515 721 1540 exaratum
736 1514 850 1545 exstat,

189 1556 278 1598 legit,
309 1559 453 1588 diminuit
482 1568 535 1599 pro
561 1560 706 1589 detinuit.
750 1558 849 1589 Dimi-

189 1617 281 1637 nuere
311 1612 414 1637 autem
448 1612 572 1649 tempus
603 1607 719 1638 dixisse
753 1606 849 1638 etiarn

190 1655 294 1686 Cicer.
311 1656 400 1686 Orat.
418 1656 462 1686 iii.
476 1657 527 1687 49.
544 1662 575 1687 et
594 1656 653 1687 hoc
676 1655 761 1687 idem
781 1666 848 1687 esse

189 1703 272 1745 quod
287 1705 441 1746 frangere
463 1706 551 1741 diem,
567 1711 599 1735 et
621 1712 737 1745 partem
758 1706 850 1736 solido

189 1755 304 1784 demere
324 1755 360 1784 de
382 1756 440 1790 die,
464 1754 548 1796 apud
574 1755 683 1785 Horat.
728 1754 760 1784 Si
780 1754 850 1795 quis

189 1808 294 1833 tamen
309 1802 388 1833 tueri
403 1803 493 1833 malit
505 1804 589 1833 verb.
604 1805 747 1840 detinuit,
757 1813 848 1834 versu

190 1862 256 1893 seq.
271 1854 345 1882 diem
361 1863 450 1893 posse
465 1851 497 1882 in
512 1854 627 1888 ducem,
639 1852 660 1883 i.
672 1863 700 1883 e.
715 1853 848 1893 Argum,

190 1900 244 1941 qui
268 1900 403 1931 ducebat
426 1900 473 1936 10,
496 1900 621 1937 mutari,
637 1906 711 1931 tunc
731 1907 848 1932 euntem

188 1959 268 1984 esse,
286 1948 329 1979 ire
346 1949 513 1979 volentem.
559 1949 680 1980 Neutra
699 1949 848 1980 emenda-

189 1997 233 2028 tio
245 1997 334 2028 nobis
344 1997 506 2028 satisfacit.
535 1998 608 2029 Non
623 1999 718 2040 probo
732 2005 849 2029 euntem

191 2047 316 2077 ducem:
346 2057 418 2077 nam
443 2046 469 2077 is
490 2047 555 2089 ipse
578 2054 740 2088 rogaverat
763 2048 848 2079 Mer-

190 2095 324 2131 curium,
341 2101 376 2126 ut
397 2095 492 2127 vellet
512 2096 571 2127 sibi
592 2103 716 2139 tempus
741 2096 848 2128 fallere

191 2144 432 2176 confabulando.
478 2145 542 2176 Cur
557 2145 651 2186 igitur
666 2156 748 2177 nunc
765 2146 849 2177 abire

190 2199 345 2235 properat,
375 2193 429 2224 ubi
459 2194 512 2225 ille
541 2195 592 2225 vix
625 2195 749 2226 initium
777 2195 850 2226 fecit

191 2242 435 2274 confabulandi&
458 2245 499 2274 Et
514 2246 574 2274 dux
593 2244 633 2275 de
653 2244 780 2275 custode
795 2245 850 2274 bo-

190 2291 236 2321 vis
261 2291 396 2323 insolens
419 2291 495 2322 mihi
515 2292 657 2331 videtur3
679 2293 779 2323 visum
803 2298 850 2324 est

190 2339 285 2370 etiam
302 2340 436 2382 Heynio,
454 2342 586 2372 Observ.
602 2341 641 2372 ad
656 2341 760 2372 Tibul.
776 2342 803 2373 I.
819 2353 849 2372 x.

194 2389 243 2419 lO.
266 2389 335 2420 Nec
350 2390 455 2431 placet
470 2390 554 2420 verb.
569 2393 714 2421 diminuit
727 2396 851 2432 propter

190 2444 319 2474 euntem,
342 2438 363 2469 i.
385 2449 413 2469 e.
433 2444 613 2479 vergentem
635 2439 675 2470 ad
696 2449 852 2471 occasum.

190 2486 284 2529 Apud
307 2487 375 2518 Cic.
396 2487 523 2529 quidem
545 2490 710 2519 diminuere
737 2495 848 2529 tempus

190 2536 286 2578 paulo
305 2536 394 2567 aliter
413 2536 545 2574 dicitur;
570 2537 731 2579 multoque
747 2538 849 2569 minus

190 2584 271 2615 trahi
294 2584 354 2615 huc
375 2592 502 2627 possunt
517 2585 644 2627 phrases
663 2586 725 2616 illae
743 2586 844 2617 Hora—

190 2633 294 2665 tianae.
311 2633 470 2665 Gebhard.
487 2634 580 2676 Crep.
595 2635 622 2665 I.
637 2634 679 2665 ix.
698 2634 846 2676 explicat,

191 2682 361 2713 consumsit
387 2682 617 2714 confabulando
643 2689 675 2713 et
699 2683 847 2724 transegit

190 2729 271 2761 diem
284 2730 350 2772 jam
368 2730 407 2761 ad
422 2741 567 2763 occasum
583 2737 772 2772 vergentem.
807 2733 848 2763 Et

917 1163 1042 1195 videtur
1064 1165 1199 1195 detinere
1216 1164 1262 1194 ita
1281 1162 1342 1194 diei
1359 1172 1460 1205 posse,
1475 1161 1523 1194 IV
1538 1171 1577 1193 ex

918 1214 1010 1244 Pont.
1027 1225 1058 1244 x.
1073 1214 1113 1244 67
1127 1225 1134 1243 :
1161 1213 1292 1244 Detinui
1309 1219 1421 1252 tempus
1435 1222 1581 1252 curasque

906 1263 1026 1304 fefelli,
1037 1262 1091 1293 ubi
1104 1262 1168 1294 vid.
1181 1261 1291 1293 Heins.
1319 1261 1457 1292 Molesta
1470 1267 1578 1292 tamen

917 1311 1124 1342 redundantia
1137 1316 1184 1342 est
1197 1310 1230 1341 in
1246 1311 1343 1341 multa
1361 1311 1502 1350 loquendo
1515 1320 1576 1341 ser-

917 1372 1010 1392 mone.
1053 1360 1319 1392 Seidenstuecker.
1337 1359 1473 1400 denique
1491 1359 1577 1390 hunc

917 1420 1041 1440 sensum
1052 1409 1193 1451 subjicit:
1211 1408 1303 1444 diem,
1316 1408 1368 1449 qui
1384 1408 1462 1438 alias
1476 1407 1576 1438 multa

917 1458 1074 1501 loquendo
1087 1458 1233 1489 festinare
1245 1458 1332 1493 solet,
1344 1468 1484 1493 sermone,
1497 1457 1578 1488 inter

918 1508 1121 1550 loquendum,
1136 1507 1166 1538 vi
1193 1517 1250 1538 sua
1272 1506 1380 1537 divina
1403 1506 1578 1548 suspendit,

917 1555 1081 1588 tardiorem
1097 1561 1151 1588 aut
1166 1555 1335 1597 longiorem
1351 1555 1434 1586 fecit.

961 1606 1037 1636 684.
1066 1605 1214 1645 Vincere]
1239 1604 1332 1635 Silius
1343 1604 1396 1635 vii.
1410 1604 1492 1634 204:
1512 1603 1573 1634 Do-

917 1665 970 1685 nec
984 1656 1141 1694 composuit
1159 1655 1308 1685 luctantia
1320 1654 1434 1684 lumina
1444 1663 1574 1684 somnus.

921 1704 1045 1735 Vincere
1056 1706 1207 1734 servantia
1220 1704 1345 1733 lumina.
1368 1702 1474 1744 Sopire
1488 1702 1574 1733 fistu-

916 1754 955 1784 1ae
979 1759 1073 1784 cantu
1093 1753 1198 1784 oculos
1212 1752 1289 1794 Argi
1311 1751 1463 1783 servantis
1478 1757 1574 1793 atque

916 1801 1118 1833 custodientis
1134 1811 1274 1832 vaccam.

959 1852 1034 1883 685.
1061 1852 1187 1893 Pugnat
1204 1850 1366 1891 evincere]
1384 1851 1523 1892 Pugnat.
1539 1856 1574 1881 ut

915 1901 1058 1932 evincat:
1094 1913 1124 1931 v.
1151 1901 1224 1931 549.
1250 1906 1367 1942 pugnat
1396 1910 1574 1941 resurgere,-

916 1952 989 1982 354.
1014 1952 1146 1981 remoliri
1176 1949 1476 1985 luctatur—Molles,
1505 1948 1576 1979 dul-

916 2011 978 2036 ces,
1003 2009 1125 2030 suaves.
1169 1998 1274 2029 Etiam
1290 1997 1411 2029 Graecis
1429 1998 1576 2039 μαλακὸς

917 2049 1033 2086 ὕπνος.

960 2099 1034 2129 689.
1052 2097 1124 2128 Tum
1139 2096 1252 2137 Deus.]
1276 2096 1447 2128 Commode
1463 2094 1576 2127 intexit

917 2147 1055 2178 fabulam
1091 2146 1131 2177 de
1160 2147 1290 2187 Syringe
1326 2145 1474 2186 nympha.
1503 2155 1573 2186 quae

917 2207 1013 2238 quum
1027 2196 1147 2237 fugeret
1167 2206 1303 2226 amorem
1322 2193 1428 2230 Panis,
1443 2195 1475 2225 in
1490 2195 1575 2225 cala-

918 2256 983 2276 mos
1003 2250 1122 2275 mutata
1137 2251 1194 2280 est,
1209 2244 1291 2275 unde
1307 2245 1374 2274 Pan
1389 2244 1447 2274 sibi
1463 2244 1575 2275 struxit

915 2294 1156 2325 fistulam—Sub
1175 2294 1320 2323 montibus
1333 2292 1449 2323 versari
1463 2292 1573 2323 dicun—

915 2349 976 2379 tur,
1004 2343 1057 2384 qui
1083 2342 1116 2373 in
1141 2341 1308 2377 montibus,
1334 2349 1389 2372 aut
1413 2342 1497 2372 circa
1521 2352 1574 2373 eos

917 2398 1155 2423 commorantur.
1184 2391 1287 2422 Etiam
1302 2393 1355 2422 sub
1371 2392 1508 2427 vallibus,
1521 2393 1575 2421 sub

917 2452 1014 2476 amne,
1032 2442 1085 2471 sub
1099 2443 1156 2471 oris
1170 2439 1203 2470 in
1218 2450 1276 2470 usu
1290 2453 1296 2470 z
1315 2439 1385 2471 vide
1402 2440 1575 2471 Burmann.

956 2489 1030 2520 690.
1055 2489 1298 2529 Hamadryadas,
1314 2487 1483 2530 Nymphae,
1501 2499 1572 2529 quae

913 2539 980 2580 ἅμα
999 2539 1072 2575 ταῖς
1088 2537 1193 2579 δρυσὶ,
1211 2548 1281 2568 cum
1297 2538 1474 2579 quercubus
1489 2537 1572 2568 aliis-

914 2598 975 2629 que
997 2587 1157 2618 arboribus
1176 2588 1266 2628 (nam
1287 2585 1361 2628 δρῦς
1379 2585 1452 2617 olim
1473 2585 1573 2617 omnis

914 2636 1014 2672 arbor,
1037 2636 1142 2666 Schol.
1168 2636 1261 2666 Hom.
1283 2635 1322 2666 ad
1344 2635 1383 2665 ll.
1399 2639 1440 2666 A.
1457 2635 1515 2673 86)
1540 2640 1572 2665 et

914 2684 1000 2714 nasci
1022 2690 1053 2715 et
1069 2683 1194 2714 interire
1214 2683 1442 2715 credebantur:
1466 2682 1574 2713 Schol.

915 2733 1062 2774 Apollon.
1084 2733 1147 2764 Rh.
1171 2732 1210 2764 ad
1232 2744 1295 2765 ver.
1317 2734 1399 2771 478;
1426 2732 1511 2764 Plut.
1531 2731 1574 2763 de.
