1729 3207
202 211 259 251 92
597 209 646 248 P.
682 205 893 248 OVIDII
928 203 1206 245 NASONIS

205 324 318 379 Quo
343 339 494 378 mare,
523 339 621 385 quo
646 322 810 375 tellus,
837 327 1164 383 correptaque
1190 318 1325 381 regia
1348 317 1457 364 coeli

205 401 408 456 Ardent,
435 408 485 446 et
509 399 678 445 mundi
705 398 857 444 moles
879 412 1089 460 operosa
1105 396 1312 443 laboret.

204 478 326 525 Tela
349 483 668 540 reponuntur,
696 475 925 522 manibus
949 473 1189 521 fabricata
1214 473 1493 536 Cyclopum
1514 488 1522 518 :

205 555 363 601 Poena
386 554 552 617 placet
575 553 784 608 diversa,
807 568 962 615 genus
987 551 1193 598 mortale
1214 551 1306 597 sub
1326 550 1471 596 undis
1496 551 1593 595 260

205 632 438 685 Perdere,
467 638 517 677 et
540 646 602 676 ex
627 630 759 677 omni
778 629 971 675 nimbos
997 629 1246 675 dimittere
1270 628 1412 674 coelo.

206 708 442 755 Protinus
468 707 639 754 AEoliis
664 707 962 769 Aquilonem
990 705 1178 753 claudit
1203 705 1251 751 in
1277 703 1445 759 antris,

206 784 272 832 Et
296 799 625 848 quaecumque
649 783 824 846 fugant
847 783 1074 829 inductas
1100 781 1302 830 flamina
1326 781 1484 828 nubes
1504 799 1514 838 ;

205 940 373 966 novaturus
397 932 570 974 extinguat,
585 939 643 964 ctc.
660 938 691 963 et
712 933 793 963 omni
811 933 865 963 fla-

204 989 312 1026 grante
342 983 472 1014 materia
504 993 565 1013 uno
604 982 686 1023 igne,
718 982 867 1024 quicquid

206 1043 288 1064 nunc
326 1043 363 1063 ex
399 1031 546 1074 disposito
585 1031 679 1067 lucet,
708 1031 868 1062 ardebit.'’

206 1083 297 1114 Idem
326 1082 440 1112 Natur.
488 1081 716 1118 Quaestionum,
740 1080 795 1111 lib.
821 1081 867 1111 iii.

207 1143 277 1175 cap.
304 1131 421 1162 xxviii:
450 1136 469 1148 “
488 1132 561 1168 Qua
585 1132 712 1167 ratione,
742 1130 867 1172 inquis?

206 1182 337 1217 Eadem,
358 1191 421 1222 qua
445 1181 645 1222 conflagratio
674 1181 778 1211 futura
801 1186 866 1212 est:

207 1237 373 1273 utrumque
397 1231 447 1266 sit,
460 1241 556 1272 quum
573 1231 642 1261 Deo
655 1230 754 1260 visum
777 1230 869 1261 ordiri

207 1280 346 1317 meliora,
361 1286 468 1311 vetera,
482 1280 580 1311 finire.
624 1280 719 1322 Aqua
738 1288 768 1312 et
791 1280 870 1322 ignis

206 1331 336 1362 terrenis
364 1329 572 1360 dominantur.
626 1330 673 1360 Ex
701 1329 749 1360 his
775 1336 870 1367 ortus,

207 1386 288 1411 etex
305 1379 353 1410 his
368 1379 511 1409 interitus
527 1379 605 1415 est‚’'
618 1385 677 1410 etc.

251 1430 325 1460 257.
348 1430 475 1469 Dogma
491 1428 674 1463 Stoicorum,
690 1428 792 1460 sidera
812 1441 868 1460 nu-

206 1479 272 1510 triri
286 1477 477 1513 humoribus,
486 1477 598 1519 quibus
610 1479 761 1509 absumtis
771 1485 868 1510 totum

207 1539 346 1559 arsurum
363 1526 530 1558 mundum:
547 1526 648 1558 Cicer.
659 1528 700 1558 N.
713 1528 754 1558 D.
767 1528 798 1559 ii.
809 1529 868 1567 46;

207 1578 317 1608 Senec.
330 1576 425 1607 Cons.
438 1575 478 1606 ad
490 1576 593 1606 Marc.
610 1577 651 1607 26
663 1588 671 1614 3
693 1577 736 1607 N.
749 1578 789 1614 Q.
807 1578 869 1609 III.

208 1626 273 1656 xiii.
285 1627 345 1664 ⁴283
369 1625 493 1655 Minue.
507 1625 574 1656 Fel.
586 1626 645 1663 343
671 1625 815 1657 Lactant.
830 1627 870 1658 de

209 1676 271 1712 Ira,
288 1676 342 1706 23.
373 1674 544 1706 Commode
559 1681 651 1717 poeta
665 1675 723 1705 hoc
739 1675 769 1706 in
786 1687 874 1707 suam

211 1736 276 1756 rem
292 1724 392 1756 vertit.
425 1725 579 1763 correpta,
590 1724 712 1755 scilicet
727 1725 872 1756 flammis.

214 1775 327 1804 Mundi
342 1774 428 1804 moles
438 1784 499 1804 non
515 1773 553 1804 de
567 1773 631 1804 solo
642 1774 724 1804 coelo
739 1775 874 1816 ceperim

211 1833 282 1854 cum
309 1823 459 1857 Gesnero,
482 1822 538 1853 sed
565 1822 604 1852 de
631 1828 694 1853 toto
719 1823 874 1855 universo.

213 1873 319 1903 Antea
361 1877 465 1913 partes
506 1871 615 1902 mundi
652 1873 875 1908 nominaverat,

212 1932 295 1952 nunc
317 1920 404 1962 ponit
430 1920 616 1951 universum.
662 1921 751 1951 Lucr.
768 1933 797 1952 v.
813 1923 873 1953 96:

213 1972 377 2010 multosque
403 1981 457 2010 per
481 1981 574 2000 annos
603 1970 777 2001 Sustentata
808 1978 874 2002 ruet

214 2022 302 2052 moles
323 2026 352 2050 et
376 2020 513 2050 machina
538 2021 653 2050 mundi.
697 2020 757 2051 Sed
782 2020 875 2051 etiam

213 2072 245 2102 in
287 2080 402 2110 operosa
446 2069 632 2100 dissentiunt
674 2069 875 2111 InterpreteS.

214 2120 374 2152 Gesnerus
402 2117 551 2159 explicat,
577 2119 704 2154 coelum,
732 2119 815 2160 quod
845 2119 876 2150 in

213 2173 362 2210 perpetuo
387 2173 472 2197 motu
495 2171 552 2197 est.
597 2167 662 2208 Ego
677 2178 749 2198 vero
770 2168 877 2199 malim

215 2228 287 2248 cum
302 2215 493 2252 Schiraehio,
510 2216 661 2247 mundum
678 2227 790 2257 magno
806 2217 878 2248 arti-

216 2267 286 2297 ficio
301 2265 486 2297 fabricatum
498 2265 687 2306 intelligere.
734 2267 818 2297 Nam
833 2266 878 2298 sic

216 2316 310 2346 etiam
333 2315 452 2345 Seneca
470 2314 635 2351 intellexit,
651 2314 704 2356 qui
725 2314 757 2346 in
773 2315 878 2357 Epigr.

218 2365 321 2396 Catal.
333 2364 416 2394 Pith.
427 2376 457 2406 p.
469 2365 520 2394 31.
533 2364 616 2395 hunc
627 2369 765 2395 nostrum
775 2365 878 2396 locum

217 2414 356 2445 imitatus
379 2419 444 2444 est:
478 2415 564 2444 moles
585 2415 788 2454 pulcherrima
813 2416 879 2446 coeIz'

218 2464 486 2504 Ardebitflammis
502 2470 619 2502 repente
633 2466 703 2495 suis.
748 2463 788 2494 Et
800 2462 879 2495 infra

218 2524 271 2543 xv.
287 2513 360 2544 666.
377 2514 484 2552 templa
499 2523 615 2552 operosa
629 2518 700 2544 sunt
715 2512 879 2544 artificiose

216 2567 343 2593 structa.

261 2612 334 2643 258.
362 2611 517 2651 Laboret.]
545 2611 686 2642 Corruat.
721 2611 844 2643 Lucret.
859 2612 879 2642 i.

219 2662 292 2693 849.
309 2662 444 2691 laborare
459 2667 490 2691 et
503 2663 601 2701 perire
615 2661 788 2702 conjunxit.

262 2711 335 2741 259.
376 2711 476 2751 Tela.]
519 2710 675 2745 Fulmina,
694 2712 766 2748 Διὸς
785 2710 879 2751 βέλη.

222 2760 303 2791 llinc
334 2760 458 2801 Jupiter
488 2759 619 2790 fulmina
654 2759 825 2796 ἀκοντίζει,
852 2766 882 2791 et

925 934 1103 973 jaculatur.
1142 934 1280 964 Diversa.
1317 934 1427 963 Senec.
1442 932 1484 962 N.
1498 934 1537 969 Q.
1554 931 1598 962 iii.

936 984 976 1013 28
993 989 1071 1014 extr.

979 1033 1052 1063 262.
1078 1033 1223 1062 Protinus
1248 1032 1364 1067 AEoliis,
1386 1031 1463 1071 etc.]
1498 1031 1598 1062 Locus

936 1083 1104 1124 praeclarus
1117 1082 1206 1124 cujus
1221 1081 1430 1112 inventionem
1445 1082 1597 1124 poeticam

937 1131 1104 1173 intelliges,
1140 1131 1164 1162 si
1202 1130 1376 1172 simplicem
1412 1131 1598 1172 cogitaveris

938 1181 1141 1212 narrationem
1155 1193 1160 1210 :
1187 1180 1283 1211 nimbi
1297 1180 1417 1222 delapsi
1432 1186 1514 1217 sunt,
1530 1192 1596 1212 arn-

937 1241 992 1262 nes
1027 1230 1236 1265 exundarunt,
1265 1240 1462 1271 oceanusque
1499 1231 1600 1262 obruit

936 1286 1061 1311 terram.
1106 1280 1165 1311 Illa
1186 1291 1258 1311 vero
1283 1280 1392 1311 mirum
1416 1280 1447 1310 in
1473 1281 1599 1311 modum

937 1329 1125 1365 animantur,
1140 1340 1236 1370 quum
1255 1329 1352 1359 Notus
1367 1329 1455 1360 Deus
1478 1329 1599 1360 induci-

937 1385 997 1414 tur,
1014 1379 1074 1409 Iris
1096 1379 1195 1410 nubes
1217 1379 1285 1414 alit,
1309 1379 1468 1418 Neptunus
1489 1380 1601 1411 Jovem

938 1427 1076 1469 adjuvat,
1107 1429 1239 1469 Deosque
1267 1430 1401 1459 amnium
1437 1435 1599 1464 convocat,

937 1482 999 1508 etc.
1047 1477 1200 1508 Caeterum
1223 1488 1281 1508 nec
1304 1478 1354 1508 hic
1369 1478 1454 1508 loeus
1468 1478 1508 1508 ad
1523 1477 1601 1520 phy-

938 1526 1016 1557 sicas
1027 1526 1162 1557 rationes
1172 1526 1327 1558 subtiliter
1338 1527 1520 1568 exigendus.
1550 1527 1602 1558 Ad

937 1574 1007 1606 illas
1021 1575 1061 1607 de
1076 1576 1194 1607 diluvio
1209 1576 1349 1618 disputat
1366 1577 1485 1607 Seneca
1501 1577 1543 1608 N.
1559 1578 1602 1614 Q.

937 1623 981 1655 iii.
1011 1626 1063 1655 27.
1122 1627 1242 1666 Aquilo,
1273 1625 1347 1666 quia
1373 1625 1462 1666 pellit
1491 1626 1602 1658 nubes,

941 1675 1025 1716 apud
1050 1682 1159 1716 poetas
1179 1676 1280 1706 clarus
1304 1680 1336 1706 et
1360 1673 1604 1717 αἰθρηγενέτης.

943 1725 981 1754 In
1011 1734 1075 1754 una
1098 1734 1137 1755 ex
1160 1724 1270 1755 insulis
1297 1724 1404 1755 AEoliis
1431 1724 1490 1755 fuit
1516 1723 1602 1755 AEoli

942 1773 1042 1805 sedes.
1087 1773 1119 1803 Is
1133 1779 1241 1804 ventos
1251 1773 1301 1804 vel
1314 1773 1346 1804 in
1359 1780 1438 1810 utre,
1450 1779 1484 1804 ut
1498 1773 1604 1815 placet

944 1823 1078 1853 Homero
1094 1822 1156 1853 Od.
1177 1834 1206 1858 κ,
1222 1822 1243 1853 i.
1258 1834 1340 1864 sqq„
1357 1822 1418 1858 vel,
1435 1821 1518 1864 quod
1533 1822 1605 1864 plus

943 1871 1105 1913 dignitatis
1126 1871 1232 1907 habet,
1250 1878 1345 1913 atque
1367 1872 1462 1902 etiam
1477 1882 1495 1902 a
1510 1870 1602 1912 Virg.

944 1923 1019 1953 AEn.
1048 1921 1071 1952 i.
1102 1923 1154 1953 52.
1182 1922 1347 1963 praelatum
1371 1928 1428 1958 est,
1455 1921 1488 1952 in
1517 1926 1604 1952 vasto

942 1979 1031 2002 antro
1057 1971 1193 2002 inclusos
1218 1976 1323 2010 tenet·‚
1351 1981 1491 2003 cavernae
1521 1971 1604 2002 enim

943 2022 1153 2052 subterraneae
1188 2020 1289 2062 plenae
1325 2027 1398 2052 sunt
1433 2026 1607 2051 ventorum.

944 2071 1016 2113 Ipse
1047 2070 1135 2101 sedet
1159 2070 1190 2100 in
1219 2071 1381 2101 cacumine
1411 2069 1535 2106 montis,
1563 2075 1605 2106 et,

944 2125 1034 2163 prout
1048 2119 1184 2161 postulat
1198 2119 1282 2150 salus
1296 2120 1416 2156 mundi,
1431 2126 1539 2151 ventos
1554 2119 1605 2150 vel

944 2174 1074 2205 coercet,
1095 2169 1146 2199 vel
1171 2168 1296 2200 emittit.
1341 2170 1412 2206 Quo
1433 2174 1534 2211 poetae
1560 2168 1604 2198 nil

945 2218 1031 2249 aliud
1044 2217 1218 2259 significare
1231 2218 1404 2254 voluerunt,
1415 2218 1473 2249 nisi
1490 2217 1559 2253 hoc,
1575 2223 1606 2248 et

945 2268 1114 2299 utilitatem
1136 2273 1167 2298 et
1181 2268 1245 2297 vim
1260 2273 1422 2298 ventorum
1444 2277 1511 2298 esse
1536 2273 1603 2298 tau-

945 2324 1020 2354 tam,
1031 2323 1066 2348 ut
1074 2317 1104 2347 hi
1116 2327 1240 2358 quoque
1252 2327 1333 2347 curae
1344 2316 1459 2347 divinae
1471 2315 1606 2358 subjecti

954 2377 1021 2398 esse
1036 2366 1219 2404 videantur;
1239 2366 1271 2397 id
1287 2366 1371 2408 quod
1387 2366 1604 2397 accommoda-

946 2422 1017 2448 runt
1035 2416 1204 2458 puerilibus
1223 2415 1302 2447 ideis
1321 2415 1605 2457 antiquissimorum

945 2471 977 2497 et
991 2465 1113 2496 rudium
1128 2465 1299 2496 hominum.
1323 2466 1364 2496 H.
1374 2465 1397 2495 1.
1409 2465 1531 2508 Jupiter
1541 2464 1606 2507 ipse

945 2514 1109 2557 imperium
1131 2520 1255 2545 exercet
1277 2514 1310 2544 in
1330 2520 1448 2550 ventos,
1464 2519 1498 2544 ut
1523 2514 1606 2556 apud

947 2564 1022 2594 Hor.
1043 2562 1070 2593 I.
1092 2563 1154 2594 Od.
1179 2563 1246 2593 xiii.
1269 2564 1299 2594 3.
1321 2564 1452 2594 Nereus.
1497 2563 1607 2594 Iudnci

947 2610 1068 2653 proprie
1083 2612 1228 2643 dicuntur
1242 2612 1360 2643 colores
1383 2623 1401 2643 a
1419 2612 1588 2654 pictoribus
1601 2624 1608 2642 ε

949 2661 1020 2692 hinc
1035 2662 1193 2702 eleganter
1208 2662 1389 2692 transfertur
1405 2662 1444 2692 ad
1458 2663 1558 2697 nubes,
1574 2667 1609 2692 ut

951 2711 1023 2741 alibi
1038 2711 1076 2741 ad
1089 2713 1248 2753 caliginem
1264 2718 1295 2743 et
1309 2719 1428 2742 noctem.
1459 2712 1566 2742 Horat.
1578 2711 1608 2741 l.

950 2761 1012 2791 Sat.
1030 2772 1059 2791 v.
1076 2762 1260 2791 4.i11ducere
1277 2763 1363 2791 terris
1376 2762 1505 2791 umbras.
