<?xml version="1.0" encoding="UTF-8"?>
<!DOCTYPE html PUBLIC "-//W3C//DTD XHTML 1.0 Transitional//EN"
    "http://www.w3.org/TR/xhtml1/DTD/xhtml1-transitional.dtd">
<html xmlns="http://www.w3.org/1999/xhtml" xml:lang="en" lang="en">
 <head>
  <title>
</title>
<meta http-equiv="Content-Type" content="text/html;charset=utf-8" />
  <meta name='ocr-system' content='tesseract 3.04.00' />
  <meta name='ocr-capabilities' content='ocr_page ocr_carea ocr_par ocr_line ocrx_word'/>
</head>
<body>
  <div class='ocr_page' id='page_1' title='image "./povidiinasonisop03oviduoft_0074.png"; bbox 0 0 1729 3207; ppageno 0'>
   <div class='ocr_carea' id='block_1_1' title="bbox 214 204 1206 247">
    <p class='ocr_par' dir='ltr' id='par_1_1' title="bbox 214 204 1206 247">
     <span class='ocr_line' id='line_1_1' title="bbox 214 204 1206 247; baseline -0.001 0"><span class='ocrx_word' id='word_1_1' title='bbox 214 206 271 246; x_wconf 73' lang='lat'>6⁴</span> <span class='ocrx_word' id='word_1_2' title='bbox 600 207 649 247; x_wconf 94' lang='lat' dir='ltr'>P.</span> <span class='ocrx_word' id='word_1_3' title='bbox 683 204 894 247; x_wconf 88' lang='lat' dir='ltr'>OVIDII</span> <span class='ocrx_word' id='word_1_4' title='bbox 930 205 1206 246; x_wconf 72' lang='lat' dir='ltr'><strong>NASONIS</strong></span> 
     </span>
    </p>
   </div>
   <div class='ocr_carea' id='block_1_2' title="bbox 211 318 1592 922">
    <p class='ocr_par' dir='ltr' id='par_1_2' title="bbox 214 318 1592 761">
     <span class='ocr_line' id='line_1_2' title="bbox 220 318 1504 383; baseline -0.001 -17"><span class='ocrx_word' id='word_1_5' title='bbox 220 320 266 366; x_wconf 94' lang='lat' dir='ltr'>N</span> <span class='ocrx_word' id='word_1_6' title='bbox 271 337 326 369; x_wconf 88' lang='lat' dir='ltr'>ec</span> <span class='ocrx_word' id='word_1_7' title='bbox 353 337 478 368; x_wconf 85' lang='lat' dir='ltr'>nova</span> <span class='ocrx_word' id='word_1_8' title='bbox 500 321 768 368; x_wconf 89' lang='lat' dir='ltr'>crescendo</span> <span class='ocrx_word' id='word_1_9' title='bbox 794 320 1054 383; x_wconf 81' lang='lat' dir='ltr'>reparabat</span> <span class='ocrx_word' id='word_1_10' title='bbox 1078 335 1261 366; x_wconf 85' lang='lat' dir='ltr'>cornua</span> <span class='ocrx_word' id='word_1_11' title='bbox 1286 318 1504 375; x_wconf 84' lang='lat' dir='ltr'>Phoebe;</span> 
     </span>
     <span class='ocr_line' id='line_1_3' title="bbox 218 396 1409 461; baseline 0 -18"><span class='ocrx_word' id='word_1_12' title='bbox 218 397 325 445; x_wconf 91' lang='lat' dir='ltr'>Nec</span> <span class='ocrx_word' id='word_1_13' title='bbox 350 397 646 445; x_wconf 86' lang='lat' dir='ltr'>circumfuso</span> <span class='ocrx_word' id='word_1_14' title='bbox 670 397 921 461; x_wconf 78' lang='lat' dir='ltr'>pendebat</span> <span class='ocrx_word' id='word_1_15' title='bbox 948 397 994 443; x_wconf 90' lang='lat' dir='ltr'>in</span> <span class='ocrx_word' id='word_1_16' title='bbox 1021 412 1132 444; x_wconf 90' lang='lat' dir='ltr'>aere</span> <span class='ocrx_word' id='word_1_17' title='bbox 1156 396 1326 444; x_wconf 89' lang='lat' dir='ltr'>Tellus</span> <span class='ocrx_word' id='word_1_18' title='bbox 1405 396 1409 400; x_wconf 49' lang='lat'><strong>⁴</strong></span> 
     </span>
     <span class='ocr_line' id='line_1_4' title="bbox 216 473 1410 536; baseline -0.001 -15"><span class='ocrx_word' id='word_1_19' title='bbox 216 474 528 522; x_wconf 81' lang='lat' dir='ltr'>Ponderibus</span> <span class='ocrx_word' id='word_1_20' title='bbox 553 475 730 522; x_wconf 88' lang='lat' dir='ltr'>librata</span> <span class='ocrx_word' id='word_1_21' title='bbox 753 475 882 522; x_wconf 88' lang='lat' dir='ltr'>suis:</span> <span class='ocrx_word' id='word_1_22' title='bbox 923 490 1014 521; x_wconf 84' lang='lat' dir='ltr'>nec</span> <span class='ocrx_word' id='word_1_23' title='bbox 1039 474 1241 521; x_wconf 86' lang='lat' dir='ltr'>brachia</span> <span class='ocrx_word' id='word_1_24' title='bbox 1264 473 1410 536; x_wconf 83' lang='lat' dir='ltr'>longo</span> 
     </span>
     <span class='ocr_line' id='line_1_5' title="bbox 216 550 1367 615; baseline 0 -18"><span class='ocrx_word' id='word_1_25' title='bbox 216 550 442 613; x_wconf 85' lang='lat' dir='ltr'>Margine</span> <span class='ocrx_word' id='word_1_26' title='bbox 466 559 703 599; x_wconf 83' lang='lat' dir='ltr'>terrarum</span> <span class='ocrx_word' id='word_1_27' title='bbox 728 559 1016 615; x_wconf 80' lang='lat' dir='ltr'>porrexerat</span> <span class='ocrx_word' id='word_1_28' title='bbox 1041 550 1367 615; x_wconf 80' lang='lat' dir='ltr'>Amphitrite3</span> 
     </span>
     <span class='ocr_line' id='line_1_6' title="bbox 215 626 1592 692; baseline -0.001 -18"><span class='ocrx_word' id='word_1_29' title='bbox 215 626 426 691; x_wconf 84' lang='lat' dir='ltr'>Quaque</span> <span class='ocrx_word' id='word_1_30' title='bbox 452 627 543 675; x_wconf 88' lang='lat' dir='ltr'>fuit</span> <span class='ocrx_word' id='word_1_31' title='bbox 564 629 725 684; x_wconf 85' lang='lat' dir='ltr'>tellus,</span> <span class='ocrx_word' id='word_1_32' title='bbox 755 628 852 675; x_wconf 86' lang='lat' dir='ltr'>illic</span> <span class='ocrx_word' id='word_1_33' title='bbox 880 636 929 676; x_wconf 89' lang='lat' dir='ltr'>et</span> <span class='ocrx_word' id='word_1_34' title='bbox 954 636 1134 692; x_wconf 88' lang='lat' dir='ltr'>pontus</span> <span class='ocrx_word' id='word_1_35' title='bbox 1159 635 1210 676; x_wconf 85' lang='lat' dir='ltr'>et</span> <span class='ocrx_word' id='word_1_36' title='bbox 1235 643 1344 675; x_wconf 86' lang='lat' dir='ltr'>aer:</span> <span class='ocrx_word' id='word_1_37' title='bbox 1535 628 1592 672; x_wconf 87' lang='lat'>15</span> 
     </span>
     <span class='ocr_line' id='line_1_7' title="bbox 214 703 1318 761; baseline 0.001 -11"><span class='ocrx_word' id='word_1_38' title='bbox 214 703 297 751; x_wconf 83' lang='lat' dir='ltr'>Sic</span> <span class='ocrx_word' id='word_1_39' title='bbox 323 712 428 752; x_wconf 88' lang='lat' dir='ltr'>erat</span> <span class='ocrx_word' id='word_1_40' title='bbox 451 705 694 752; x_wconf 86' lang='lat' dir='ltr'>instabilis</span> <span class='ocrx_word' id='word_1_41' title='bbox 719 706 888 761; x_wconf 89' lang='lat' dir='ltr'>tellus,</span> <span class='ocrx_word' id='word_1_42' title='bbox 916 706 1143 753; x_wconf 86' lang='lat' dir='ltr'>innabilis</span> <span class='ocrx_word' id='word_1_43' title='bbox 1172 705 1318 759; x_wconf 86' lang='lat' dir='ltr'>unda,</span> 
     </span>
    </p>

    <p class='ocr_par' dir='ltr' id='par_1_3' title="bbox 211 780 1464 922">
     <span class='ocr_line' id='line_1_8' title="bbox 213 780 1396 843; baseline 0 -16"><span class='ocrx_word' id='word_1_44' title='bbox 213 780 360 828; x_wconf 90' lang='lat' dir='ltr'>Lucis</span> <span class='ocrx_word' id='word_1_45' title='bbox 381 797 531 843; x_wconf 85' lang='lat' dir='ltr'>egens</span> <span class='ocrx_word' id='word_1_46' title='bbox 557 797 666 838; x_wconf 80' lang='lat' dir='ltr'>aer3</span> <span class='ocrx_word' id='word_1_47' title='bbox 707 782 828 828; x_wconf 91' lang='lat' dir='ltr'>nulli</span> <span class='ocrx_word' id='word_1_48' title='bbox 856 798 945 829; x_wconf 85' lang='lat' dir='ltr'>sua</span> <span class='ocrx_word' id='word_1_49' title='bbox 969 782 1123 829; x_wconf 88' lang='lat' dir='ltr'>forma</span> <span class='ocrx_word' id='word_1_50' title='bbox 1148 781 1396 836; x_wconf 82' lang='lat' dir='ltr'>manebat,</span> 
     </span>
     <span class='ocr_line' id='line_1_9' title="bbox 211 856 1464 922; baseline 0 -19"><span class='ocrx_word' id='word_1_51' title='bbox 211 856 561 920; x_wconf 84' lang='lat' dir='ltr'>Obstabatque</span> <span class='ocrx_word' id='word_1_52' title='bbox 587 858 694 905; x_wconf 86' lang='lat' dir='ltr'>aliis</span> <span class='ocrx_word' id='word_1_53' title='bbox 717 858 876 905; x_wconf 78' lang='lat' dir='ltr'>aliud:</span> <span class='ocrx_word' id='word_1_54' title='bbox 920 860 1037 921; x_wconf 85' lang='lat' dir='ltr'>quia</span> <span class='ocrx_word' id='word_1_55' title='bbox 1061 874 1267 922; x_wconf 86' lang='lat' dir='ltr'>corpore</span> <span class='ocrx_word' id='word_1_56' title='bbox 1293 857 1342 903; x_wconf 90' lang='lat' dir='ltr'>in</span> <span class='ocrx_word' id='word_1_57' title='bbox 1367 873 1464 904; x_wconf 89' lang='lat' dir='ltr'>uno</span> 
     </span>
    </p>
   </div>
   <div class='ocr_carea' id='block_1_3' title="bbox 181 989 865 2796">
    <p class='ocr_par' dir='ltr' id='par_1_4' title="bbox 200 989 865 1375">
     <span class='ocr_line' id='line_1_10' title="bbox 205 989 865 1032; baseline 0.003 -13"><span class='ocrx_word' id='word_1_58' title='bbox 205 989 291 1021; x_wconf 84' lang='lat' dir='ltr'>locus</span> <span class='ocrx_word' id='word_1_59' title='bbox 318 990 444 1021; x_wconf 80' lang='lat' dir='ltr'>mirifice</span> <span class='ocrx_word' id='word_1_60' title='bbox 475 990 640 1021; x_wconf 82' lang='lat' dir='ltr'>animatur.</span> <span class='ocrx_word' id='word_1_61' title='bbox 694 991 805 1032; x_wconf 84' lang='lat' dir='ltr'>ltaque</span> <span class='ocrx_word' id='word_1_62' title='bbox 833 996 865 1021; x_wconf 91' lang='lat' dir='ltr'>et</span> 
     </span>
     <span class='ocr_line' id='line_1_11' title="bbox 207 1038 861 1080; baseline 0 -11"><span class='ocrx_word' id='word_1_63' title='bbox 207 1038 309 1069; x_wconf 84' lang='lat' dir='ltr'><em>Tellus</em></span> <span class='ocrx_word' id='word_1_64' title='bbox 323 1039 412 1069; x_wconf 78' lang='lat' dir='ltr'>litera</span> <span class='ocrx_word' id='word_1_65' title='bbox 430 1039 602 1080; x_wconf 85' lang='lat' dir='ltr'>majuscula</span> <span class='ocrx_word' id='word_1_66' title='bbox 622 1039 653 1070; x_wconf 91' lang='lat' dir='ltr'>in</span> <span class='ocrx_word' id='word_1_67' title='bbox 669 1039 756 1070; x_wconf 81' lang='lat' dir='ltr'>initio</span> <span class='ocrx_word' id='word_1_68' title='bbox 773 1039 861 1071; x_wconf 87' lang='lat' dir='ltr'>dedi-</span> 
     </span>
     <span class='ocr_line' id='line_1_12' title="bbox 204 1087 861 1124; baseline 0.002 -6"><span class='ocrx_word' id='word_1_69' title='bbox 204 1097 284 1118; x_wconf 77' lang='lat' dir='ltr'>mus,</span> <span class='ocrx_word' id='word_1_70' title='bbox 314 1087 366 1118; x_wconf 85' lang='lat' dir='ltr'>Sol</span> <span class='ocrx_word' id='word_1_71' title='bbox 377 1098 437 1118; x_wconf 90' lang='lat' dir='ltr'>non</span> <span class='ocrx_word' id='word_1_72' title='bbox 450 1088 599 1124; x_wconf 85' lang='lat' dir='ltr'>Phoebus,</span> <span class='ocrx_word' id='word_1_73' title='bbox 610 1098 672 1119; x_wconf 90' lang='lat' dir='ltr'>ver.</span> <span class='ocrx_word' id='word_1_74' title='bbox 686 1088 740 1119; x_wconf 91' lang='lat' dir='ltr'>sed</span> <span class='ocrx_word' id='word_1_75' title='bbox 756 1099 793 1119; x_wconf 83' lang='lat' dir='ltr'>ex</span> <span class='ocrx_word' id='word_1_76' title='bbox 807 1099 861 1119; x_wconf 82' lang='lat' dir='ltr'>an-</span> 
     </span>
     <span class='ocr_line' id='line_1_13' title="bbox 203 1136 862 1178; baseline 0 -11"><span class='ocrx_word' id='word_1_77' title='bbox 203 1136 335 1178; x_wconf 88' lang='lat' dir='ltr'>tiquiore</span> <span class='ocrx_word' id='word_1_78' title='bbox 351 1137 458 1178; x_wconf 82' lang='lat' dir='ltr'><strong>mytho</strong></span> <span class='ocrx_word' id='word_1_79' title='bbox 477 1137 566 1168; x_wconf 78' lang='lat' dir='ltr'>Titan</span> <span class='ocrx_word' id='word_1_80' title='bbox 581 1149 591 1175; x_wconf 85' lang='lat'><em>;</em></span> <span class='ocrx_word' id='word_1_81' title='bbox 616 1143 706 1169; x_wconf 89' lang='lat' dir='ltr'>natus</span> <span class='ocrx_word' id='word_1_82' title='bbox 717 1138 799 1168; x_wconf 89' lang='lat' dir='ltr'>enim</span> <span class='ocrx_word' id='word_1_83' title='bbox 816 1143 862 1169; x_wconf 86' lang='lat' dir='ltr'>est</span> 
     </span>
     <span class='ocr_line' id='line_1_14' title="bbox 201 1187 861 1228; baseline 0.003 -12"><span class='ocrx_word' id='word_1_84' title='bbox 201 1196 240 1217; x_wconf 86' lang='lat' dir='ltr'>ex</span> <span class='ocrx_word' id='word_1_85' title='bbox 278 1187 466 1228; x_wconf 85' lang='lat' dir='ltr'>Hyperione,</span> <span class='ocrx_word' id='word_1_86' title='bbox 505 1198 565 1218; x_wconf 91' lang='lat' dir='ltr'>uno</span> <span class='ocrx_word' id='word_1_87' title='bbox 608 1198 645 1218; x_wconf 90' lang='lat' dir='ltr'>ex</span> <span class='ocrx_word' id='word_1_88' title='bbox 686 1187 861 1218; x_wconf 86' lang='lat' dir='ltr'>Titanibus.</span> 
     </span>
     <span class='ocr_line' id='line_1_15' title="bbox 201 1234 861 1278; baseline 0.003 -13"><span class='ocrx_word' id='word_1_89' title='bbox 201 1234 330 1266; x_wconf 83' lang='lat' dir='ltr'>Hesiod.</span> <span class='ocrx_word' id='word_1_90' title='bbox 343 1236 402 1266; x_wconf 85' lang='lat' dir='ltr'>Th.</span> <span class='ocrx_word' id='word_1_91' title='bbox 419 1236 479 1267; x_wconf 89' lang='lat'>371</span> <span class='ocrx_word' id='word_1_92' title='bbox 495 1249 500 1265; x_wconf 92' lang='lat'>:</span> <span class='ocrx_word' id='word_1_93' title='bbox 529 1237 651 1267; x_wconf 75' lang='lat' dir='ltr'>Titania</span> <span class='ocrx_word' id='word_1_94' title='bbox 665 1244 758 1267; x_wconf 79' lang='lat' dir='ltr'>astra.</span> <span class='ocrx_word' id='word_1_95' title='bbox 775 1237 861 1278; x_wconf 83' lang='lat' dir='ltr'>Virg.</span> 
     </span>
     <span class='ocr_line' id='line_1_16' title="bbox 200 1283 860 1327; baseline 0.003 -13"><span class='ocrx_word' id='word_1_96' title='bbox 200 1284 277 1314; x_wconf 58' lang='lat' dir='ltr'>zEn.</span> <span class='ocrx_word' id='word_1_97' title='bbox 292 1283 333 1315; x_wconf 89' lang='lat' dir='ltr'>vi.</span> <span class='ocrx_word' id='word_1_98' title='bbox 348 1285 420 1316; x_wconf 86' lang='lat'>725.</span> <span class='ocrx_word' id='word_1_99' title='bbox 453 1285 573 1315; x_wconf 88' lang='lat' dir='ltr'>Lunam</span> <span class='ocrx_word' id='word_1_100' title='bbox 590 1295 608 1316; x_wconf 82' lang='lat' dir='ltr'>a</span> <span class='ocrx_word' id='word_1_101' title='bbox 623 1285 755 1327; x_wconf 84' lang='lat' dir='ltr'>propria,</span> <span class='ocrx_word' id='word_1_102' title='bbox 767 1296 860 1327; x_wconf 88' lang='lat' dir='ltr'>quam</span> 
     </span>
     <span class='ocr_line' id='line_1_17' title="bbox 200 1331 805 1375; baseline 0.003 -13"><span class='ocrx_word' id='word_1_103' title='bbox 200 1331 306 1369; x_wconf 90' lang='lat' dir='ltr'>habet,</span> <span class='ocrx_word' id='word_1_104' title='bbox 321 1333 472 1364; x_wconf 88' lang='lat' dir='ltr'>luminum</span> <span class='ocrx_word' id='word_1_105' title='bbox 487 1333 636 1365; x_wconf 81' lang='lat' dir='ltr'>varietate</span> <span class='ocrx_word' id='word_1_106' title='bbox 653 1334 805 1375; x_wconf 86' lang='lat' dir='ltr'>designat.</span> 
     </span>
    </p>

    <p class='ocr_par' dir='ltr' id='par_1_5' title="bbox 194 1382 859 1853">
     <span class='ocr_line' id='line_1_18' title="bbox 247 1382 857 1425; baseline 0.005 -13"><span class='ocrx_word' id='word_1_107' title='bbox 247 1383 294 1412; x_wconf 80' lang='lat'>12.</span> <span class='ocrx_word' id='word_1_108' title='bbox 330 1382 546 1425; x_wconf 58' lang='lat' dir='ltr'>Circumfusa]</span> <span class='ocrx_word' id='word_1_109' title='bbox 582 1384 666 1414; x_wconf 82' lang='lat' dir='ltr'>Nam</span> <span class='ocrx_word' id='word_1_110' title='bbox 692 1388 779 1414; x_wconf 82' lang='lat' dir='ltr'>terrae</span> <span class='ocrx_word' id='word_1_111' title='bbox 805 1394 857 1415; x_wconf 84' lang='lat' dir='ltr'>ae-</span> 
     </span>
     <span class='ocr_line' id='line_1_19' title="bbox 199 1430 857 1473; baseline 0.006 -14"><span class='ocrx_word' id='word_1_112' title='bbox 199 1439 262 1461; x_wconf 87' lang='lat' dir='ltr'>rem</span> <span class='ocrx_word' id='word_1_113' title='bbox 282 1430 421 1472; x_wconf 88' lang='lat' dir='ltr'>undique</span> <span class='ocrx_word' id='word_1_114' title='bbox 438 1431 556 1462; x_wconf 88' lang='lat' dir='ltr'>circum</span> <span class='ocrx_word' id='word_1_115' title='bbox 576 1432 722 1462; x_wconf 89' lang='lat' dir='ltr'>fluentem</span> <span class='ocrx_word' id='word_1_116' title='bbox 747 1432 857 1473; x_wconf 84' lang='lat' dir='ltr'>subjici</span> 
     </span>
     <span class='ocr_line' id='line_1_20' title="bbox 199 1477 858 1519; baseline 0.005 -11"><span class='ocrx_word' id='word_1_117' title='bbox 199 1477 325 1519; x_wconf 83' lang='lat' dir='ltr'>Physici</span> <span class='ocrx_word' id='word_1_118' title='bbox 350 1479 573 1511; x_wconf 84' lang='lat' dir='ltr'>demonstrant.</span> <span class='ocrx_word' id='word_1_119' title='bbox 597 1480 660 1511; x_wconf 79' lang='lat' dir='ltr'>Sic.</span> <span class='ocrx_word' id='word_1_120' title='bbox 676 1480 781 1511; x_wconf 85' lang='lat' dir='ltr'>Tibul.</span> <span class='ocrx_word' id='word_1_121' title='bbox 800 1482 858 1512; x_wconf 80' lang='lat' dir='ltr'>lv.</span> 
     </span>
     <span class='ocr_line' id='line_1_21' title="bbox 197 1526 859 1570; baseline 0.006 -13"><span class='ocrx_word' id='word_1_122' title='bbox 197 1526 218 1556; x_wconf 84' lang='grc' dir='ltr'>ἰ.</span> <span class='ocrx_word' id='word_1_123' title='bbox 251 1528 306 1558; x_wconf 90' lang='grc'>151</span> <span class='ocrx_word' id='word_1_124' title='bbox 326 1541 332 1558; x_wconf 76' lang='lat' dir='ltr'>x</span> <span class='ocrx_word' id='word_1_125' title='bbox 366 1529 547 1570; x_wconf 74' lang='lat' dir='ltr'>circumjicso</span> <span class='ocrx_word' id='word_1_126' title='bbox 578 1531 703 1559; x_wconf 77' lang='lat' dir='ltr'>considit</span> <span class='ocrx_word' id='word_1_127' title='bbox 733 1532 762 1560; x_wconf 70' lang='lat'>1⁸11</span> <span class='ocrx_word' id='word_1_128' title='bbox 792 1541 859 1561; x_wconf 78' lang='lat' dir='ltr'>uere</span> 
     </span>
     <span class='ocr_line' id='line_1_22' title="bbox 197 1578 857 1621; baseline 0.008 -14"><span class='ocrx_word' id='word_1_129' title='bbox 197 1578 295 1608; x_wconf 76' lang='lat' dir='ltr'>tellus.</span> <span class='ocrx_word' id='word_1_130' title='bbox 340 1579 391 1609; x_wconf 89' lang='lat' dir='ltr'>Sic</span> <span class='ocrx_word' id='word_1_131' title='bbox 415 1579 479 1621; x_wconf 85' lang='lat' dir='ltr'>ipse</span> <span class='ocrx_word' id='word_1_132' title='bbox 505 1580 600 1610; x_wconf 73' lang='lat' dir='ltr'>Ovid.</span> <span class='ocrx_word' id='word_1_133' title='bbox 624 1580 707 1611; x_wconf 85' lang='lat' dir='ltr'>Fast.</span> <span class='ocrx_word' id='word_1_134' title='bbox 733 1580 788 1610; x_wconf 90' lang='lat' dir='ltr'>lib.</span> <span class='ocrx_word' id='word_1_135' title='bbox 817 1582 857 1612; x_wconf 87' lang='lat' dir='ltr'>vi.</span> 
     </span>
     <span class='ocr_line' id='line_1_23' title="bbox 195 1628 855 1661; baseline 0.006 -4"><span class='ocrx_word' id='word_1_136' title='bbox 195 1636 259 1657; x_wconf 92' lang='lat' dir='ltr'>ver.</span> <span class='ocrx_word' id='word_1_137' title='bbox 283 1629 357 1658; x_wconf 84' lang='lat'><strong>269.</strong></span> <span class='ocrx_word' id='word_1_138' title='bbox 379 1628 459 1659; x_wconf 87' lang='lat' dir='ltr'>hanc</span> <span class='ocrx_word' id='word_1_139' title='bbox 485 1634 571 1660; x_wconf 85' lang='lat' dir='ltr'>terrae</span> <span class='ocrx_word' id='word_1_140' title='bbox 598 1629 629 1660; x_wconf 88' lang='lat' dir='ltr'>in</span> <span class='ocrx_word' id='word_1_141' title='bbox 659 1629 762 1660; x_wconf 81' lang='lat' dir='ltr'>medio</span> <span class='ocrx_word' id='word_1_142' title='bbox 790 1641 855 1661; x_wconf 90' lang='lat' dir='ltr'>sus-</span> 
     </span>
     <span class='ocr_line' id='line_1_24' title="bbox 195 1677 854 1720; baseline 0.006 -14"><span class='ocrx_word' id='word_1_143' title='bbox 195 1685 297 1716; x_wconf 80' lang='lat' dir='ltr'>pensae</span> <span class='ocrx_word' id='word_1_144' title='bbox 314 1677 505 1719; x_wconf 78' lang='grc' dir='ltr'>ἰσορῥοπὶαν</span> <span class='ocrx_word' id='word_1_145' title='bbox 521 1678 694 1710; x_wconf 81' lang='lat' dir='ltr'>luculenter</span> <span class='ocrx_word' id='word_1_146' title='bbox 712 1679 854 1720; x_wconf 75' lang='lat' dir='ltr'>exsequi-</span> 
     </span>
     <span class='ocr_line' id='line_1_25' title="bbox 195 1725 854 1769; baseline 0.006 -15"><span class='ocrx_word' id='word_1_147' title='bbox 195 1729 259 1755; x_wconf 86' lang='lat' dir='ltr'>tur:</span> <span class='ocrx_word' id='word_1_148' title='bbox 281 1725 373 1756; x_wconf 77' lang='lat' dir='ltr'>Terra</span> <span class='ocrx_word' id='word_1_149' title='bbox 385 1728 454 1766; x_wconf 79' lang='lat' dir='ltr'>pilae</span> <span class='ocrx_word' id='word_1_150' title='bbox 471 1728 584 1763; x_wconf 81' lang='lat' dir='ltr'>similis,</span> <span class='ocrx_word' id='word_1_151' title='bbox 602 1727 854 1769; x_wconf 81' lang='lat' dir='ltr'>nullofulcimine</span> 
     </span>
     <span class='ocr_line' id='line_1_26' title="bbox 194 1775 854 1817; baseline 0.009 -15"><span class='ocrx_word' id='word_1_152' title='bbox 194 1775 274 1810; x_wconf 66' lang='lat' dir='ltr'>nixa,</span> <span class='ocrx_word' id='word_1_153' title='bbox 300 1777 375 1806; x_wconf 74' lang='lat' dir='ltr'>Aere</span> <span class='ocrx_word' id='word_1_154' title='bbox 396 1778 523 1815; x_wconf 61' lang='lat' dir='ltr'>sulgjecto</span> <span class='ocrx_word' id='word_1_155' title='bbox 551 1783 609 1806; x_wconf 83' lang='lat' dir='ltr'>tum</span> <span class='ocrx_word' id='word_1_156' title='bbox 633 1788 724 1817; x_wconf 68' lang='lat' dir='ltr'>grave</span> <span class='ocrx_word' id='word_1_157' title='bbox 747 1780 854 1816; x_wconf 77' lang='lat' dir='ltr'>pendet</span> 
     </span>
     <span class='ocr_line' id='line_1_27' title="bbox 195 1833 277 1853; baseline 0.012 -1"><span class='ocrx_word' id='word_1_158' title='bbox 195 1833 277 1853; x_wconf 80' lang='lat' dir='ltr'>onus.</span> 
     </span>
    </p>

    <p class='ocr_par' dir='ltr' id='par_1_6' title="bbox 183 1873 851 2641">
     <span class='ocr_line' id='line_1_28' title="bbox 239 1873 851 1916; baseline 0.005 -13"><span class='ocrx_word' id='word_1_159' title='bbox 239 1873 288 1904; x_wconf 83' lang='lat'>13.</span> <span class='ocrx_word' id='word_1_160' title='bbox 314 1874 497 1905; x_wconf 75' lang='lat' dir='ltr'>Ponderibus</span> <span class='ocrx_word' id='word_1_161' title='bbox 510 1877 619 1905; x_wconf 74' lang='lat' dir='ltr'>librum</span> <span class='ocrx_word' id='word_1_162' title='bbox 634 1876 722 1916; x_wconf 80' lang='lat' dir='ltr'>suis.]</span> <span class='ocrx_word' id='word_1_163' title='bbox 749 1876 851 1907; x_wconf 78' lang='lat' dir='ltr'>Oscil-</span> 
     </span>
     <span class='ocr_line' id='line_1_29' title="bbox 191 1921 851 1966; baseline 0.008 -15"><span class='ocrx_word' id='word_1_164' title='bbox 191 1921 260 1952; x_wconf 87' lang='lat' dir='ltr'>lans</span> <span class='ocrx_word' id='word_1_165' title='bbox 278 1923 430 1964; x_wconf 86' lang='lat' dir='ltr'>gravitate</span> <span class='ocrx_word' id='word_1_166' title='bbox 451 1935 506 1955; x_wconf 86' lang='lat' dir='ltr'>sua</span> <span class='ocrx_word' id='word_1_167' title='bbox 526 1925 698 1966; x_wconf 64' lang='lat' dir='ltr'>aequilibrio</span> <span class='ocrx_word' id='word_1_168' title='bbox 720 1932 851 1961; x_wconf 75' lang='lat' dir='ltr'>servato,</span> 
     </span>
     <span class='ocr_line' id='line_1_30' title="bbox 191 1970 850 2016; baseline 0.006 -16"><span class='ocrx_word' id='word_1_169' title='bbox 191 1970 236 2001; x_wconf 84' lang='lat' dir='ltr'>ita</span> <span class='ocrx_word' id='word_1_170' title='bbox 254 1981 414 2013; x_wconf 77' lang='lat' dir='ltr'>suspensa,</span> <span class='ocrx_word' id='word_1_171' title='bbox 430 1978 464 2004; x_wconf 88' lang='lat' dir='ltr'>ut</span> <span class='ocrx_word' id='word_1_172' title='bbox 485 1973 664 2015; x_wconf 65' lang='lat' dir='ltr'>aequalitate</span> <span class='ocrx_word' id='word_1_173' title='bbox 681 1974 850 2016; x_wconf 81' lang='lat' dir='ltr'>ponderum</span> 
     </span>
     <span class='ocr_line' id='line_1_31' title="bbox 191 2019 851 2061; baseline 0.008 -12"><span class='ocrx_word' id='word_1_174' title='bbox 191 2019 398 2061; x_wconf 63' lang='lat' dir='ltr'>aequilibrium</span> <span class='ocrx_word' id='word_1_175' title='bbox 424 2028 570 2059; x_wconf 81' lang='lat' dir='ltr'>servaret,</span> <span class='ocrx_word' id='word_1_176' title='bbox 597 2033 652 2054; x_wconf 90' lang='lat' dir='ltr'>nec</span> <span class='ocrx_word' id='word_1_177' title='bbox 679 2023 710 2054; x_wconf 90' lang='lat' dir='ltr'>in</span> <span class='ocrx_word' id='word_1_178' title='bbox 737 2024 851 2054; x_wconf 85' lang='lat' dir='ltr'>alteru-</span> 
     </span>
     <span class='ocr_line' id='line_1_32' title="bbox 190 2070 850 2112; baseline 0.008 -14"><span class='ocrx_word' id='word_1_179' title='bbox 190 2073 269 2099; x_wconf 83' lang='lat' dir='ltr'>tram</span> <span class='ocrx_word' id='word_1_180' title='bbox 292 2076 411 2112; x_wconf 84' lang='lat' dir='ltr'>partem</span> <span class='ocrx_word' id='word_1_181' title='bbox 433 2070 604 2103; x_wconf 88' lang='lat' dir='ltr'>inclinaret.</span> <span class='ocrx_word' id='word_1_182' title='bbox 648 2072 732 2103; x_wconf 82' lang='lat' dir='ltr'>Loca</span> <span class='ocrx_word' id='word_1_183' title='bbox 757 2072 850 2104; x_wconf 58' lang='lat' dir='ltr'>vete&gt;</span> 
     </span>
     <span class='ocr_line' id='line_1_33' title="bbox 190 2118 851 2163; baseline 0.009 -16"><span class='ocrx_word' id='word_1_184' title='bbox 190 2127 257 2149; x_wconf 89' lang='lat' dir='ltr'>rum</span> <span class='ocrx_word' id='word_1_185' title='bbox 295 2118 407 2152; x_wconf 81' lang='lat' dir='ltr'>similia</span> <span class='ocrx_word' id='word_1_186' title='bbox 450 2128 670 2163; x_wconf 82' lang='lat' dir='ltr'>congesserunt</span> <span class='ocrx_word' id='word_1_187' title='bbox 707 2122 787 2153; x_wconf 86' lang='lat' dir='ltr'>Ciof.</span> <span class='ocrx_word' id='word_1_188' title='bbox 821 2128 851 2153; x_wconf 91' lang='lat' dir='ltr'>et</span> 
     </span>
     <span class='ocr_line' id='line_1_34' title="bbox 190 2166 851 2213; baseline 0.008 -16"><span class='ocrx_word' id='word_1_189' title='bbox 190 2166 299 2199; x_wconf 80' lang='lat' dir='ltr'>Heius.</span> <span class='ocrx_word' id='word_1_190' title='bbox 337 2169 496 2211; x_wconf 81' lang='lat' dir='ltr'>Koeppen.</span> <span class='ocrx_word' id='word_1_191' title='bbox 516 2175 633 2205; x_wconf 85' lang='lat' dir='ltr'>monet,</span> <span class='ocrx_word' id='word_1_192' title='bbox 651 2171 851 2213; x_wconf 84' lang='lat' dir='ltr'>cogitandum</span> 
     </span>
     <span class='ocr_line' id='line_1_35' title="bbox 188 2217 849 2260; baseline 0.006 -14"><span class='ocrx_word' id='word_1_193' title='bbox 188 2225 256 2247; x_wconf 87' lang='lat' dir='ltr'>esse</span> <span class='ocrx_word' id='word_1_194' title='bbox 271 2217 375 2248; x_wconf 88' lang='lat' dir='ltr'>orbem</span> <span class='ocrx_word' id='word_1_195' title='bbox 392 2218 518 2260; x_wconf 86' lang='lat' dir='ltr'>planum</span> <span class='ocrx_word' id='word_1_196' title='bbox 536 2219 579 2249; x_wconf 86' lang='lat' dir='ltr'>ita</span> <span class='ocrx_word' id='word_1_197' title='bbox 594 2219 771 2260; x_wconf 86' lang='lat' dir='ltr'>impositum</span> <span class='ocrx_word' id='word_1_198' title='bbox 787 2220 849 2256; x_wconf 80' lang='lat' dir='ltr'>axi,</span> 
     </span>
     <span class='ocr_line' id='line_1_36' title="bbox 188 2266 846 2309; baseline 0.006 -14"><span class='ocrx_word' id='word_1_199' title='bbox 188 2270 222 2295; x_wconf 88' lang='lat' dir='ltr'>ut</span> <span class='ocrx_word' id='word_1_200' title='bbox 236 2266 335 2296; x_wconf 81' lang='lat' dir='ltr'>ambae</span> <span class='ocrx_word' id='word_1_201' title='bbox 351 2266 432 2297; x_wconf 85' lang='lat' dir='ltr'>orbis</span> <span class='ocrx_word' id='word_1_202' title='bbox 448 2273 550 2309; x_wconf 82' lang='lat' dir='ltr'>partes</span> <span class='ocrx_word' id='word_1_203' title='bbox 564 2267 770 2309; x_wconf 86' lang='lat' dir='ltr'>aeqnilibrium</span> <span class='ocrx_word' id='word_1_204' title='bbox 785 2279 846 2299; x_wconf 90' lang='lat' dir='ltr'>ser-</span> 
     </span>
     <span class='ocr_line' id='line_1_37' title="bbox 188 2314 846 2359; baseline 0.006 -15"><span class='ocrx_word' id='word_1_205' title='bbox 188 2319 271 2345; x_wconf 88' lang='lat' dir='ltr'>vent.</span> <span class='ocrx_word' id='word_1_206' title='bbox 315 2314 534 2357; x_wconf 83' lang='lat' dir='ltr'>Antiquissimi</span> <span class='ocrx_word' id='word_1_207' title='bbox 552 2327 625 2347; x_wconf 87' lang='lat' dir='ltr'>sane</span> <span class='ocrx_word' id='word_1_208' title='bbox 641 2322 740 2358; x_wconf 82' lang='lat' dir='ltr'>poetae</span> <span class='ocrx_word' id='word_1_209' title='bbox 757 2324 846 2359; x_wconf 85' lang='lat' dir='ltr'>puta-</span> 
     </span>
     <span class='ocr_line' id='line_1_38' title="bbox 186 2365 845 2407; baseline 0.006 -14"><span class='ocrx_word' id='word_1_210' title='bbox 186 2368 269 2399; x_wconf 87' lang='lat' dir='ltr'>runt,</span> <span class='ocrx_word' id='word_1_211' title='bbox 282 2369 393 2395; x_wconf 86' lang='lat' dir='ltr'>terram</span> <span class='ocrx_word' id='word_1_212' title='bbox 409 2375 474 2396; x_wconf 86' lang='lat' dir='ltr'>esse</span> <span class='ocrx_word' id='word_1_213' title='bbox 490 2365 595 2396; x_wconf 86' lang='lat' dir='ltr'>orbem</span> <span class='ocrx_word' id='word_1_214' title='bbox 608 2366 736 2407; x_wconf 87' lang='lat' dir='ltr'>planum</span> <span class='ocrx_word' id='word_1_215' title='bbox 750 2378 756 2403; x_wconf 89' lang='lat'>;</span> <span class='ocrx_word' id='word_1_216' title='bbox 781 2367 845 2403; x_wconf 87' lang='lat' dir='ltr'>sed,</span> 
     </span>
     <span class='ocr_line' id='line_1_39' title="bbox 186 2411 845 2454; baseline 0.006 -12"><span class='ocrx_word' id='word_1_217' title='bbox 186 2411 268 2452; x_wconf 91' lang='lat' dir='ltr'>quod</span> <span class='ocrx_word' id='word_1_218' title='bbox 280 2412 346 2454; x_wconf 88' lang='lat' dir='ltr'>jam</span> <span class='ocrx_word' id='word_1_219' title='bbox 360 2413 485 2450; x_wconf 87' lang='lat' dir='ltr'>Thales,</span> <span class='ocrx_word' id='word_1_220' title='bbox 500 2414 734 2445; x_wconf 79' lang='lat' dir='ltr'>Anaximander</span> <span class='ocrx_word' id='word_1_221' title='bbox 748 2420 779 2445; x_wconf 87' lang='lat' dir='ltr'>et</span> <span class='ocrx_word' id='word_1_222' title='bbox 794 2415 845 2446; x_wconf 88' lang='lat' dir='ltr'>alii</span> 
     </span>
     <span class='ocr_line' id='line_1_40' title="bbox 184 2461 843 2504; baseline 0.003 -12"><span class='ocrx_word' id='word_1_223' title='bbox 184 2461 366 2498; x_wconf 82' lang='lat' dir='ltr'>docuerunt,</span> <span class='ocrx_word' id='word_1_224' title='bbox 386 2461 511 2493; x_wconf 84' lang='lat' dir='ltr'>formam</span> <span class='ocrx_word' id='word_1_225' title='bbox 536 2463 562 2493; x_wconf 83' lang='lat' dir='ltr'>ei</span> <span class='ocrx_word' id='word_1_226' title='bbox 584 2474 650 2494; x_wconf 87' lang='lat' dir='ltr'>esse</span> <span class='ocrx_word' id='word_1_227' title='bbox 671 2464 843 2504; x_wconf 83' lang='lat' dir='ltr'>globosam,</span> 
     </span>
     <span class='ocr_line' id='line_1_41' title="bbox 183 2509 844 2547; baseline 0.005 -8"><span class='ocrx_word' id='word_1_228' title='bbox 183 2514 215 2539; x_wconf 88' lang='lat' dir='ltr'>et</span> <span class='ocrx_word' id='word_1_229' title='bbox 234 2509 367 2541; x_wconf 83' lang='lat' dir='ltr'>Romani</span> <span class='ocrx_word' id='word_1_230' title='bbox 388 2516 564 2542; x_wconf 79' lang='lat' dir='ltr'>constanter</span> <span class='ocrx_word' id='word_1_231' title='bbox 585 2511 794 2547; x_wconf 82' lang='lat' dir='ltr'>crediderunt,</span> <span class='ocrx_word' id='word_1_232' title='bbox 810 2513 844 2542; x_wconf 91' lang='lat' dir='ltr'>ii-</span> 
     </span>
     <span class='ocr_line' id='line_1_42' title="bbox 184 2558 844 2600; baseline 0.006 -12"><span class='ocrx_word' id='word_1_233' title='bbox 184 2558 319 2600; x_wconf 83' lang='lat' dir='ltr'>demque</span> <span class='ocrx_word' id='word_1_234' title='bbox 347 2559 545 2591; x_wconf 88' lang='lat' dir='ltr'>nihilominus</span> <span class='ocrx_word' id='word_1_235' title='bbox 575 2572 641 2592; x_wconf 83' lang='lat' dir='ltr'>eam</span> <span class='ocrx_word' id='word_1_236' title='bbox 668 2564 844 2600; x_wconf 71' lang='lat' dir='ltr'>ponderibus</span> 
     </span>
     <span class='ocr_line' id='line_1_43' title="bbox 184 2609 623 2641; baseline 0.007 -5"><span class='ocrx_word' id='word_1_237' title='bbox 184 2609 320 2638; x_wconf 76' lang='lat' dir='ltr'>libratum</span> <span class='ocrx_word' id='word_1_238' title='bbox 338 2611 397 2639; x_wconf 77' lang='lat' dir='ltr'>suis</span> <span class='ocrx_word' id='word_1_239' title='bbox 412 2609 566 2641; x_wconf 86' lang='lat' dir='ltr'>dixerunt.</span> <span class='ocrx_word' id='word_1_240' title='bbox 617 2620 623 2639; x_wconf 77' lang='lat' dir='ltr'>i</span> 
     </span>
    </p>

    <p class='ocr_par' dir='ltr' id='par_1_7' title="bbox 181 2658 842 2796">
     <span class='ocr_line' id='line_1_44' title="bbox 233 2658 842 2700; baseline 0.007 -14"><span class='ocrx_word' id='word_1_241' title='bbox 233 2658 283 2687; x_wconf 83' lang='lat'>14.</span> <span class='ocrx_word' id='word_1_242' title='bbox 331 2659 538 2699; x_wconf 63' lang='lat' dir='ltr'>Amphitrite]</span> <span class='ocrx_word' id='word_1_243' title='bbox 580 2660 717 2700; x_wconf 74' lang='lat' dir='ltr'>Neptuni</span> <span class='ocrx_word' id='word_1_244' title='bbox 756 2671 842 2695; x_wconf 78' lang='lat' dir='ltr'>uxor,</span> 
     </span>
     <span class='ocr_line' id='line_1_45' title="bbox 185 2705 841 2738; baseline 0.006 -4"><span class='ocrx_word' id='word_1_245' title='bbox 185 2705 253 2735; x_wconf 78' lang='lat' dir='ltr'>Dea</span> <span class='ocrx_word' id='word_1_246' title='bbox 275 2711 306 2735; x_wconf 71' lang='lat' dir='ltr'>et</span> <span class='ocrx_word' id='word_1_247' title='bbox 327 2706 451 2737; x_wconf 85' lang='lat' dir='ltr'>domina</span> <span class='ocrx_word' id='word_1_248' title='bbox 467 2708 603 2738; x_wconf 76' lang='lat' dir='ltr'>Oceani:</span> <span class='ocrx_word' id='word_1_249' title='bbox 628 2710 757 2738; x_wconf 70' lang='lat' dir='ltr'>nandum</span> <span class='ocrx_word' id='word_1_250' title='bbox 776 2710 841 2738; x_wconf 79' lang='lat' dir='ltr'>hru-</span> 
     </span>
     <span class='ocr_line' id='line_1_46' title="bbox 181 2754 841 2796; baseline 0.009 -13"><span class='ocrx_word' id='word_1_251' title='bbox 181 2754 258 2788; x_wconf 65' lang='lat' dir='ltr'>dim,</span> <span class='ocrx_word' id='word_1_252' title='bbox 275 2764 371 2796; x_wconf 78' lang='lat' dir='ltr'>aquas</span> <span class='ocrx_word' id='word_1_253' title='bbox 385 2766 466 2792; x_wconf 83' lang='lat' dir='ltr'>suas,</span> <span class='ocrx_word' id='word_1_254' title='bbox 477 2764 660 2795; x_wconf 64' lang='lat' dir='ltr'>porrexerat,</span> <span class='ocrx_word' id='word_1_255' title='bbox 679 2757 841 2790; x_wconf 73' lang='lat' dir='ltr'>effuderat.</span> 
     </span>
    </p>
   </div>
   <div class='ocr_carea' id='block_1_4' title="bbox 910 991 1592 2747">
    <p class='ocr_par' dir='ltr' id='par_1_8' title="bbox 931 991 1592 1071">
     <span class='ocr_line' id='line_1_47' title="bbox 932 991 1592 1033; baseline -0.003 -12"><span class='ocrx_word' id='word_1_256' title='bbox 932 993 1018 1033; x_wconf 80' lang='lat' dir='ltr'>longo</span> <span class='ocrx_word' id='word_1_257' title='bbox 1040 993 1186 1032; x_wconf 79' lang='lat' dir='ltr'>margine,</span> <span class='ocrx_word' id='word_1_258' title='bbox 1202 991 1285 1021; x_wconf 78' lang='lat' dir='ltr'>circa</span> <span class='ocrx_word' id='word_1_259' title='bbox 1307 991 1415 1032; x_wconf 79' lang='lat' dir='ltr'>longas</span> <span class='ocrx_word' id='word_1_260' title='bbox 1434 999 1503 1021; x_wconf 84' lang='lat' dir='ltr'>oras</span> <span class='ocrx_word' id='word_1_261' title='bbox 1529 995 1592 1020; x_wconf 78' lang='lat' dir='ltr'>ter·</span> 
     </span>
     <span class='ocr_line' id='line_1_48' title="bbox 931 1050 1044 1071; baseline 0 -1"><span class='ocrx_word' id='word_1_262' title='bbox 931 1050 1044 1071; x_wconf 87' lang='lat' dir='ltr'>rarum.</span> 
     </span>
    </p>

    <p class='ocr_par' dir='ltr' id='par_1_9' title="bbox 922 1087 1592 1764">
     <span class='ocr_line' id='line_1_49' title="bbox 975 1087 1592 1130; baseline -0.003 -10"><span class='ocrx_word' id='word_1_263' title='bbox 975 1091 1026 1120; x_wconf 90' lang='lat'>15.</span> <span class='ocrx_word' id='word_1_264' title='bbox 1046 1089 1242 1130; x_wconf 37' lang='lat' dir='ltr'>Quaque-fuit</span> <span class='ocrx_word' id='word_1_265' title='bbox 1253 1089 1352 1123; x_wconf 76' lang='lat' dir='ltr'>tellus,</span> <span class='ocrx_word' id='word_1_266' title='bbox 1365 1087 1443 1127; x_wconf 88' lang='lat' dir='ltr'>etc.]</span> <span class='ocrx_word' id='word_1_267' title='bbox 1463 1087 1534 1118; x_wconf 86' lang='lat' dir='ltr'>Hac</span> <span class='ocrx_word' id='word_1_268' title='bbox 1544 1097 1592 1118; x_wconf 82' lang='lat' dir='ltr'>re-</span> 
     </span>
     <span class='ocr_line' id='line_1_50' title="bbox 929 1135 1592 1178; baseline -0.003 -9"><span class='ocrx_word' id='word_1_269' title='bbox 929 1138 1103 1169; x_wconf 81' lang='lat' dir='ltr'>dundantia</span> <span class='ocrx_word' id='word_1_270' title='bbox 1118 1148 1179 1168; x_wconf 89' lang='lat' dir='ltr'>non</span> <span class='ocrx_word' id='word_1_271' title='bbox 1196 1136 1379 1171; x_wconf 84' lang='lat' dir='ltr'>offendetur,</span> <span class='ocrx_word' id='word_1_272' title='bbox 1395 1135 1449 1177; x_wconf 88' lang='lat' dir='ltr'>qui</span> <span class='ocrx_word' id='word_1_273' title='bbox 1467 1146 1592 1178; x_wconf 83' lang='lat' dir='ltr'>compa-</span> 
     </span>
     <span class='ocr_line' id='line_1_51' title="bbox 929 1185 1591 1229; baseline -0.005 -11"><span class='ocrx_word' id='word_1_274' title='bbox 929 1188 1051 1224; x_wconf 86' lang='lat' dir='ltr'>raverit,</span> <span class='ocrx_word' id='word_1_275' title='bbox 1075 1197 1145 1229; x_wconf 87' lang='lat' dir='ltr'>quae</span> <span class='ocrx_word' id='word_1_276' title='bbox 1170 1186 1209 1217; x_wconf 88' lang='lat' dir='ltr'>ad</span> <span class='ocrx_word' id='word_1_277' title='bbox 1235 1197 1314 1217; x_wconf 88' lang='lat' dir='ltr'>vers.</span> <span class='ocrx_word' id='word_1_278' title='bbox 1340 1187 1391 1217; x_wconf 87' lang='lat'>90.</span> <span class='ocrx_word' id='word_1_279' title='bbox 1418 1185 1490 1216; x_wconf 76' lang='lat'>206.</span> <span class='ocrx_word' id='word_1_280' title='bbox 1516 1186 1591 1216; x_wconf 69' lang='lat'><strong>292.</strong></span> 
     </span>
     <span class='ocr_line' id='line_1_52' title="bbox 929 1235 1592 1277; baseline -0.003 -10"><span class='ocrx_word' id='word_1_281' title='bbox 929 1238 1001 1268; x_wconf 82' lang='lat'>401.</span> <span class='ocrx_word' id='word_1_282' title='bbox 1035 1237 1221 1268; x_wconf 87' lang='lat' dir='ltr'>monuimus.</span> <span class='ocrx_word' id='word_1_283' title='bbox 1270 1236 1393 1276; x_wconf 78' lang='lat' dir='ltr'>Quaque</span> <span class='ocrx_word' id='word_1_284' title='bbox 1416 1235 1500 1277; x_wconf 70' lang='lat' dir='ltr'>ficit,</span> <span class='ocrx_word' id='word_1_285' title='bbox 1530 1240 1592 1266; x_wconf 89' lang='lat' dir='ltr'>etc.</span> 
     </span>
     <span class='ocr_line' id='line_1_53' title="bbox 930 1283 1588 1327; baseline -0.008 -8"><span class='ocrx_word' id='word_1_286' title='bbox 930 1288 973 1319; x_wconf 91' lang='lat' dir='ltr'>Ut</span> <span class='ocrx_word' id='word_1_287' title='bbox 1001 1287 1153 1318; x_wconf 87' lang='lat' dir='ltr'>hactenus</span> <span class='ocrx_word' id='word_1_288' title='bbox 1182 1287 1359 1327; x_wconf 79' lang='lat' dir='ltr'>indigestum</span> <span class='ocrx_word' id='word_1_289' title='bbox 1388 1285 1501 1315; x_wconf 85' lang='lat' dir='ltr'>molem</span> <span class='ocrx_word' id='word_1_290' title='bbox 1534 1283 1588 1315; x_wconf 90' lang='lat' dir='ltr'>de-</span> 
     </span>
     <span class='ocr_line' id='line_1_54' title="bbox 927 1334 1590 1378; baseline -0.005 -11"><span class='ocrx_word' id='word_1_291' title='bbox 927 1335 1059 1378; x_wconf 84' lang='lat' dir='ltr'>scripsit,</span> <span class='ocrx_word' id='word_1_292' title='bbox 1069 1337 1114 1367; x_wconf 86' lang='lat' dir='ltr'>sic</span> <span class='ocrx_word' id='word_1_293' title='bbox 1131 1346 1214 1366; x_wconf 90' lang='lat' dir='ltr'>nunc</span> <span class='ocrx_word' id='word_1_294' title='bbox 1230 1334 1268 1365; x_wconf 87' lang='lat' dir='ltr'>ad</span> <span class='ocrx_word' id='word_1_295' title='bbox 1284 1335 1378 1366; x_wconf 83' lang='lat' dir='ltr'>verba</span> <span class='ocrx_word' id='word_1_296' title='bbox 1393 1340 1529 1375; x_wconf 65' lang='lat' dir='ltr'>congesta</span> <span class='ocrx_word' id='word_1_297' title='bbox 1544 1344 1590 1364; x_wconf 90' lang='lat' dir='ltr'>eo-</span> 
     </span>
     <span class='ocr_line' id='line_1_55' title="bbox 926 1382 1587 1427; baseline -0.006 -10"><span class='ocrx_word' id='word_1_298' title='bbox 926 1389 991 1417; x_wconf 81' lang='lat' dir='ltr'>dem</span> <span class='ocrx_word' id='word_1_299' title='bbox 1006 1392 1038 1417; x_wconf 88' lang='lat' dir='ltr'>et</span> <span class='ocrx_word' id='word_1_300' title='bbox 1053 1395 1129 1417; x_wconf 86' lang='lat' dir='ltr'>vers.</span> <span class='ocrx_word' id='word_1_301' title='bbox 1142 1396 1206 1427; x_wconf 86' lang='lat' dir='ltr'>seq.</span> <span class='ocrx_word' id='word_1_302' title='bbox 1219 1384 1258 1415; x_wconf 90' lang='lat' dir='ltr'>ad</span> <span class='ocrx_word' id='word_1_303' title='bbox 1274 1386 1388 1422; x_wconf 74' lang='lat' dir='ltr'>pondus</span> <span class='ocrx_word' id='word_1_304' title='bbox 1402 1385 1481 1414; x_wconf 81' lang='lat' dir='ltr'>iners</span> <span class='ocrx_word' id='word_1_305' title='bbox 1495 1382 1587 1414; x_wconf 88' lang='lat' dir='ltr'>redit.</span> 
     </span>
     <span class='ocr_line' id='line_1_56' title="bbox 929 1433 1589 1475; baseline -0.003 -10"><span class='ocrx_word' id='word_1_306' title='bbox 929 1435 1063 1475; x_wconf 79' lang='lat' dir='ltr'>Quaque,</span> <span class='ocrx_word' id='word_1_307' title='bbox 1080 1434 1270 1475; x_wconf 88' lang='lat' dir='ltr'>ubicunque.</span> <span class='ocrx_word' id='word_1_308' title='bbox 1314 1433 1376 1463; x_wconf 89' lang='lat' dir='ltr'>Sed</span> <span class='ocrx_word' id='word_1_309' title='bbox 1393 1443 1490 1463; x_wconf 89' lang='lat' dir='ltr'>nexus</span> <span class='ocrx_word' id='word_1_310' title='bbox 1505 1442 1589 1463; x_wconf 92' lang='lat' dir='ltr'>com-</span> 
     </span>
     <span class='ocr_line' id='line_1_57' title="bbox 925 1481 1587 1515; baseline -0.003 0"><span class='ocrx_word' id='word_1_311' title='bbox 925 1484 1035 1515; x_wconf 89' lang='lat' dir='ltr'>modus</span> <span class='ocrx_word' id='word_1_312' title='bbox 1056 1494 1128 1515; x_wconf 90' lang='lat' dir='ltr'>cum</span> <span class='ocrx_word' id='word_1_313' title='bbox 1151 1483 1407 1514; x_wconf 82' lang='lat' dir='ltr'>antecedentibus</span> <span class='ocrx_word' id='word_1_314' title='bbox 1427 1481 1587 1513; x_wconf 85' lang='lat' dir='ltr'>desidera-</span> 
     </span>
     <span class='ocr_line' id='line_1_58' title="bbox 924 1531 1589 1574; baseline -0.002 -10"><span class='ocrx_word' id='word_1_315' title='bbox 924 1540 983 1564; x_wconf 89' lang='lat' dir='ltr'>tur.</span> <span class='ocrx_word' id='word_1_316' title='bbox 1028 1533 1109 1564; x_wconf 85' lang='lat' dir='ltr'>Vide</span> <span class='ocrx_word' id='word_1_317' title='bbox 1140 1532 1233 1574; x_wconf 78' lang='lat' dir='ltr'>igitur</span> <span class='ocrx_word' id='word_1_318' title='bbox 1262 1532 1350 1562; x_wconf 87' lang='lat' dir='ltr'>Varr.</span> <span class='ocrx_word' id='word_1_319' title='bbox 1379 1531 1451 1562; x_wconf 89' lang='lat' dir='ltr'>lect.</span> <span class='ocrx_word' id='word_1_320' title='bbox 1497 1532 1589 1563; x_wconf 85' lang='lat' dir='ltr'>Forte</span> 
     </span>
     <span class='ocr_line' id='line_1_59' title="bbox 923 1579 1586 1623; baseline -0.002 -12"><span class='ocrx_word' id='word_1_321' title='bbox 923 1581 1034 1613; x_wconf 88' lang='lat' dir='ltr'>melius</span> <span class='ocrx_word' id='word_1_322' title='bbox 1057 1587 1148 1623; x_wconf 84' lang='lat' dir='ltr'>poeta</span> <span class='ocrx_word' id='word_1_323' title='bbox 1173 1591 1295 1611; x_wconf 88' lang='lat' dir='ltr'>omnem</span> <span class='ocrx_word' id='word_1_324' title='bbox 1321 1581 1353 1611; x_wconf 93' lang='lat' dir='ltr'>h.</span> <span class='ocrx_word' id='word_1_325' title='bbox 1377 1580 1398 1610; x_wconf 94' lang='lat' dir='ltr'>l.</span> <span class='ocrx_word' id='word_1_326' title='bbox 1422 1590 1521 1622; x_wconf 89' lang='lat' dir='ltr'>usque</span> <span class='ocrx_word' id='word_1_327' title='bbox 1546 1579 1586 1611; x_wconf 88' lang='lat' dir='ltr'>ad</span> 
     </span>
     <span class='ocr_line' id='line_1_60' title="bbox 923 1628 1588 1665; baseline -0.003 -4"><span class='ocrx_word' id='word_1_328' title='bbox 923 1641 986 1661; x_wconf 86' lang='lat' dir='ltr'>ver.</span> <span class='ocrx_word' id='word_1_329' title='bbox 1006 1631 1057 1661; x_wconf 79' lang='lat'>20.</span> <span class='ocrx_word' id='word_1_330' title='bbox 1086 1629 1251 1660; x_wconf 88' lang='lat' dir='ltr'>omisisset.</span> <span class='ocrx_word' id='word_1_331' title='bbox 1297 1629 1370 1660; x_wconf 89' lang='lat' dir='ltr'>Non</span> <span class='ocrx_word' id='word_1_332' title='bbox 1399 1628 1482 1659; x_wconf 89' lang='lat' dir='ltr'>enim</span> <span class='ocrx_word' id='word_1_333' title='bbox 1509 1634 1588 1665; x_wconf 85' lang='lat' dir='ltr'>erat,</span> 
     </span>
     <span class='ocr_line' id='line_1_61' title="bbox 922 1678 1588 1722; baseline -0.005 -11"><span class='ocrx_word' id='word_1_334' title='bbox 922 1691 976 1711; x_wconf 88' lang='lat' dir='ltr'>cur</span> <span class='ocrx_word' id='word_1_335' title='bbox 996 1685 1064 1722; x_wconf 88' lang='lat' dir='ltr'>post</span> <span class='ocrx_word' id='word_1_336' title='bbox 1086 1679 1242 1721; x_wconf 85' lang='lat' dir='ltr'>superiora</span> <span class='ocrx_word' id='word_1_337' title='bbox 1265 1678 1413 1709; x_wconf 83' lang='lat' dir='ltr'>lectorem</span> <span class='ocrx_word' id='word_1_338' title='bbox 1436 1683 1588 1714; x_wconf 87' lang='lat' dir='ltr'>moneret,</span> 
     </span>
     <span class='ocr_line' id='line_1_62' title="bbox 922 1728 1405 1764; baseline -0.002 -5"><span class='ocrx_word' id='word_1_339' title='bbox 922 1730 1087 1759; x_wconf 74' lang='lat' dir='ltr'>instabilem</span> <span class='ocrx_word' id='word_1_340' title='bbox 1098 1728 1191 1759; x_wconf 83' lang='lat' dir='ltr'>fuisse</span> <span class='ocrx_word' id='word_1_341' title='bbox 1208 1734 1328 1764; x_wconf 79' lang='lat' dir='ltr'>terram,</span> <span class='ocrx_word' id='word_1_342' title='bbox 1345 1733 1405 1758; x_wconf 86' lang='lat' dir='ltr'>ete.</span> 
     </span>
    </p>

    <p class='ocr_par' dir='ltr' id='par_1_10' title="bbox 910 1777 1585 2747">
     <span class='ocr_line' id='line_1_63' title="bbox 970 1777 1584 1819; baseline -0.002 -10"><span class='ocrx_word' id='word_1_343' title='bbox 970 1779 1018 1809; x_wconf 87' lang='grc'>18.</span> <span class='ocrx_word' id='word_1_344' title='bbox 1032 1779 1244 1819; x_wconf 77' lang='lat' dir='ltr'>Obstabatque,</span> <span class='ocrx_word' id='word_1_345' title='bbox 1255 1777 1331 1817; x_wconf 89' lang='lat' dir='ltr'>etc.]</span> <span class='ocrx_word' id='word_1_346' title='bbox 1353 1777 1464 1818; x_wconf 88' lang='lat' dir='ltr'>Pugna</span> <span class='ocrx_word' id='word_1_347' title='bbox 1481 1782 1584 1808; x_wconf 86' lang='lat' dir='ltr'>autem</span> 
     </span>
     <span class='ocr_line' id='line_1_64' title="bbox 922 1826 1582 1865; baseline -0.005 -6"><span class='ocrx_word' id='word_1_348' title='bbox 922 1829 988 1865; x_wconf 82' lang='lat' dir='ltr'>illa,</span> <span class='ocrx_word' id='word_1_349' title='bbox 1001 1839 1080 1859; x_wconf 87' lang='lat' dir='ltr'>vers.</span> <span class='ocrx_word' id='word_1_350' title='bbox 1098 1827 1236 1858; x_wconf 82' lang='lat'>18—20.</span> <span class='ocrx_word' id='word_1_351' title='bbox 1253 1826 1324 1857; x_wconf 87' lang='lat' dir='ltr'>talis</span> <span class='ocrx_word' id='word_1_352' title='bbox 1345 1831 1404 1862; x_wconf 89' lang='lat' dir='ltr'>est,</span> <span class='ocrx_word' id='word_1_353' title='bbox 1422 1832 1458 1857; x_wconf 90' lang='lat' dir='ltr'>ut</span> <span class='ocrx_word' id='word_1_354' title='bbox 1472 1826 1523 1856; x_wconf 86' lang='lat' dir='ltr'>vix</span> <span class='ocrx_word' id='word_1_355' title='bbox 1550 1826 1582 1857; x_wconf 85' lang='lat' dir='ltr'>iu</span> 
     </span>
     <span class='ocr_line' id='line_1_65' title="bbox 922 1875 1585 1919; baseline -0.002 -12"><span class='ocrx_word' id='word_1_356' title='bbox 922 1877 1141 1919; x_wconf 85' lang='lat' dir='ltr'>cogitationem</span> <span class='ocrx_word' id='word_1_357' title='bbox 1158 1875 1260 1907; x_wconf 83' lang='lat' dir='ltr'>cadat.</span> <span class='ocrx_word' id='word_1_358' title='bbox 1294 1875 1457 1911; x_wconf 82' lang='lat' dir='ltr'>Instabilis,</span> <span class='ocrx_word' id='word_1_359' title='bbox 1473 1875 1498 1906; x_wconf 89' lang='lat' dir='ltr'>si</span> <span class='ocrx_word' id='word_1_360' title='bbox 1513 1886 1585 1917; x_wconf 85' lang='lat' dir='ltr'>pas-</span> 
     </span>
     <span class='ocr_line' id='line_1_66' title="bbox 920 1923 1585 1966; baseline 0 -10"><span class='ocrx_word' id='word_1_361' title='bbox 920 1926 984 1956; x_wconf 88' lang='lat' dir='ltr'>sive</span> <span class='ocrx_word' id='word_1_362' title='bbox 1009 1925 1136 1966; x_wconf 83' lang='lat' dir='ltr'>accipis,</span> <span class='ocrx_word' id='word_1_363' title='bbox 1160 1935 1223 1966; x_wconf 84' lang='lat' dir='ltr'>qua</span> <span class='ocrx_word' id='word_1_364' title='bbox 1252 1924 1360 1960; x_wconf 85' lang='lat' dir='ltr'>insisti,</span> <span class='ocrx_word' id='word_1_365' title='bbox 1385 1923 1418 1954; x_wconf 88' lang='lat' dir='ltr'>in</span> <span class='ocrx_word' id='word_1_366' title='bbox 1443 1935 1505 1965; x_wconf 85' lang='lat' dir='ltr'>qua</span> <span class='ocrx_word' id='word_1_367' title='bbox 1529 1935 1585 1965; x_wconf 89' lang='lat' dir='ltr'>pes</span> 
     </span>
     <span class='ocr_line' id='line_1_67' title="bbox 921 1973 1584 2016; baseline -0.002 -11"><span class='ocrx_word' id='word_1_368' title='bbox 921 1974 973 2016; x_wconf 82' lang='lat' dir='ltr'>figi</span> <span class='ocrx_word' id='word_1_369' title='bbox 999 1974 1158 2016; x_wconf 86' lang='lat' dir='ltr'>nequibat,</span> <span class='ocrx_word' id='word_1_370' title='bbox 1182 1984 1260 2004; x_wconf 88' lang='lat' dir='ltr'>nove</span> <span class='ocrx_word' id='word_1_371' title='bbox 1283 1973 1408 2014; x_wconf 89' lang='lat' dir='ltr'>quidem</span> <span class='ocrx_word' id='word_1_372' title='bbox 1434 1980 1466 2004; x_wconf 88' lang='lat' dir='ltr'>et</span> <span class='ocrx_word' id='word_1_373' title='bbox 1487 1973 1584 2015; x_wconf 76' lang='lat' dir='ltr'>paulo</span> 
     </span>
     <span class='ocr_line' id='line_1_68' title="bbox 918 2022 1579 2059; baseline -0.002 -5"><span class='ocrx_word' id='word_1_374' title='bbox 918 2023 1101 2055; x_wconf 79' lang='lat' dir='ltr'>insolentius</span> <span class='ocrx_word' id='word_1_375' title='bbox 1115 2023 1233 2054; x_wconf 87' lang='lat' dir='ltr'>dictum</span> <span class='ocrx_word' id='word_1_376' title='bbox 1249 2024 1317 2059; x_wconf 87' lang='lat' dir='ltr'>erit,</span> <span class='ocrx_word' id='word_1_377' title='bbox 1334 2022 1389 2053; x_wconf 85' lang='lat' dir='ltr'>sed</span> <span class='ocrx_word' id='word_1_378' title='bbox 1404 2022 1484 2053; x_wconf 89' lang='lat' dir='ltr'>bene</span> <span class='ocrx_word' id='word_1_379' title='bbox 1504 2033 1579 2053; x_wconf 87' lang='lat' dir='ltr'>con-</span> 
     </span>
     <span class='ocr_line' id='line_1_69' title="bbox 919 2071 1582 2114; baseline -0.003 -10"><span class='ocrx_word' id='word_1_380' title='bbox 919 2073 1022 2104; x_wconf 72' lang='lat' dir='ltr'>veniet</span> <span class='ocrx_word' id='word_1_381' title='bbox 1050 2073 1097 2114; x_wconf 75' lang='grc' dir='ltr'>τῷ</span> <span class='ocrx_word' id='word_1_382' title='bbox 1120 2072 1279 2103; x_wconf 85' lang='lat' dir='ltr'>innabilis.</span> <span class='ocrx_word' id='word_1_383' title='bbox 1323 2072 1362 2102; x_wconf 92' lang='lat' dir='ltr'>In</span> <span class='ocrx_word' id='word_1_384' title='bbox 1390 2071 1497 2103; x_wconf 88' lang='lat' dir='ltr'>limoso</span> <span class='ocrx_word' id='word_1_385' title='bbox 1526 2071 1582 2103; x_wconf 84' lang='lat' dir='ltr'>illo</span> 
     </span>
     <span class='ocr_line' id='line_1_70' title="bbox 918 2121 1578 2163; baseline -0.003 -10"><span class='ocrx_word' id='word_1_386' title='bbox 918 2132 1026 2153; x_wconf 88' lang='lat' dir='ltr'>acervo</span> <span class='ocrx_word' id='word_1_387' title='bbox 1042 2132 1100 2152; x_wconf 85' lang='lat' dir='ltr'>nec</span> <span class='ocrx_word' id='word_1_388' title='bbox 1116 2132 1170 2163; x_wconf 88' lang='lat' dir='ltr'>pes</span> <span class='ocrx_word' id='word_1_389' title='bbox 1186 2121 1237 2163; x_wconf 83' lang='lat' dir='ltr'>figi</span> <span class='ocrx_word' id='word_1_390' title='bbox 1253 2126 1385 2163; x_wconf 82' lang='lat' dir='ltr'>poterat,</span> <span class='ocrx_word' id='word_1_391' title='bbox 1401 2127 1482 2153; x_wconf 86' lang='lat' dir='ltr'>terra</span> <span class='ocrx_word' id='word_1_392' title='bbox 1496 2121 1578 2152; x_wconf 90' lang='lat' dir='ltr'>enim</span> 
     </span>
     <span class='ocr_line' id='line_1_71' title="bbox 916 2170 1578 2212; baseline 0 -10"><span class='ocrx_word' id='word_1_393' title='bbox 916 2172 1048 2202; x_wconf 86' lang='lat' dir='ltr'>subacta</span> <span class='ocrx_word' id='word_1_394' title='bbox 1058 2177 1123 2202; x_wconf 81' lang='lat' dir='ltr'>erat</span> <span class='ocrx_word' id='word_1_395' title='bbox 1134 2170 1240 2202; x_wconf 89' lang='lat' dir='ltr'>multis</span> <span class='ocrx_word' id='word_1_396' title='bbox 1255 2171 1363 2212; x_wconf 90' lang='lat' dir='ltr'>aquis;</span> <span class='ocrx_word' id='word_1_397' title='bbox 1387 2181 1444 2202; x_wconf 90' lang='lat' dir='ltr'>nec</span> <span class='ocrx_word' id='word_1_398' title='bbox 1464 2170 1578 2208; x_wconf 70' lang='lat' dir='ltr'>nami,</span> 
     </span>
     <span class='ocr_line' id='line_1_72' title="bbox 917 2218 1581 2262; baseline -0.003 -11"><span class='ocrx_word' id='word_1_399' title='bbox 917 2230 1000 2262; x_wconf 84' lang='lat' dir='ltr'>aqua</span> <span class='ocrx_word' id='word_1_400' title='bbox 1013 2219 1095 2251; x_wconf 87' lang='lat' dir='ltr'>enim</span> <span class='ocrx_word' id='word_1_401' title='bbox 1111 2225 1226 2262; x_wconf 23' lang='lat' dir='ltr'>terram*</span> <span class='ocrx_word' id='word_1_402' title='bbox 1238 2219 1421 2251; x_wconf 87' lang='lat' dir='ltr'>dissolutam</span> <span class='ocrx_word' id='word_1_403' title='bbox 1437 2218 1555 2250; x_wconf 86' lang='lat' dir='ltr'>ferebat</span> <span class='ocrx_word' id='word_1_404' title='bbox 1571 2231 1581 2258; x_wconf 87' lang='lat'>;</span> 
     </span>
     <span class='ocr_line' id='line_1_73' title="bbox 917 2268 1581 2311; baseline 0.002 -11"><span class='ocrx_word' id='word_1_405' title='bbox 917 2280 973 2300; x_wconf 85' lang='lat' dir='ltr'>nec</span> <span class='ocrx_word' id='word_1_406' title='bbox 1003 2268 1139 2310; x_wconf 84' lang='lat' dir='ltr'>denique</span> <span class='ocrx_word' id='word_1_407' title='bbox 1169 2268 1253 2301; x_wconf 87' lang='lat' dir='ltr'>cerni</span> <span class='ocrx_word' id='word_1_408' title='bbox 1283 2269 1454 2311; x_wconf 85' lang='lat' dir='ltr'>quidquam</span> <span class='ocrx_word' id='word_1_409' title='bbox 1480 2268 1581 2310; x_wconf 85' lang='grc' dir='ltr'>(χάος</span> 
     </span>
     <span class='ocr_line' id='line_1_74' title="bbox 915 2317 1579 2359; baseline 0.002 -11"><span class='ocrx_word' id='word_1_410' title='bbox 915 2317 1092 2359; x_wconf 73' lang='grc' dir='ltr'>ἐρεβῶδες,)</span> <span class='ocrx_word' id='word_1_411' title='bbox 1107 2318 1187 2349; x_wconf 90' lang='lat' dir='ltr'>lucis</span> <span class='ocrx_word' id='word_1_412' title='bbox 1203 2318 1298 2354; x_wconf 87' lang='lat' dir='ltr'>enim,</span> <span class='ocrx_word' id='word_1_413' title='bbox 1312 2323 1373 2350; x_wconf 86' lang='lat' dir='ltr'>etc.</span> <span class='ocrx_word' id='word_1_414' title='bbox 1408 2317 1579 2349; x_wconf 86' lang='lat' dir='ltr'>Verissime</span> 
     </span>
     <span class='ocr_line' id='line_1_75' title="bbox 914 2366 1574 2408; baseline 0.002 -11"><span class='ocrx_word' id='word_1_415' title='bbox 914 2367 1007 2408; x_wconf 84' lang='lat' dir='ltr'>igitur</span> <span class='ocrx_word' id='word_1_416' title='bbox 1026 2373 1091 2398; x_wconf 88' lang='lat' dir='ltr'>erat</span> <span class='ocrx_word' id='word_1_417' title='bbox 1111 2369 1226 2407; x_wconf 78' lang='lat' dir='ltr'>pondus</span> <span class='ocrx_word' id='word_1_418' title='bbox 1248 2370 1337 2398; x_wconf 77' lang='lat' dir='ltr'>iners.</span> <span class='ocrx_word' id='word_1_419' title='bbox 1381 2367 1422 2397; x_wconf 86' lang='lat' dir='ltr'>Et</span> <span class='ocrx_word' id='word_1_420' title='bbox 1441 2366 1574 2398; x_wconf 84' lang='lat' dir='ltr'>multum</span> 
     </span>
     <span class='ocr_line' id='line_1_76' title="bbox 913 2415 1576 2458; baseline 0.002 -12"><span class='ocrx_word' id='word_1_421' title='bbox 913 2416 971 2447; x_wconf 89' lang='lat' dir='ltr'>sibi</span> <span class='ocrx_word' id='word_1_422' title='bbox 987 2416 1183 2447; x_wconf 85' lang='lat' dir='ltr'>indulserunt</span> <span class='ocrx_word' id='word_1_423' title='bbox 1198 2417 1330 2448; x_wconf 88' lang='lat' dir='ltr'>Veteres</span> <span class='ocrx_word' id='word_1_424' title='bbox 1351 2415 1383 2446; x_wconf 87' lang='lat' dir='ltr'>in</span> <span class='ocrx_word' id='word_1_425' title='bbox 1397 2427 1455 2447; x_wconf 91' lang='lat' dir='ltr'>usu</span> <span class='ocrx_word' id='word_1_426' title='bbox 1471 2415 1576 2458; x_wconf 83' lang='lat' dir='ltr'>adjec-</span> 
     </span>
     <span class='ocr_line' id='line_1_77' title="bbox 914 2464 1575 2496; baseline 0 -1"><span class='ocrx_word' id='word_1_427' title='bbox 914 2465 1043 2495; x_wconf 80' lang='lat' dir='ltr'>tivorum</span> <span class='ocrx_word' id='word_1_428' title='bbox 1081 2466 1112 2496; x_wconf 92' lang='lat' dir='ltr'>in</span> <span class='ocrx_word' id='word_1_429' title='bbox 1148 2467 1214 2496; x_wconf 82' lang='lat' dir='ltr'>bilis</span> <span class='ocrx_word' id='word_1_430' title='bbox 1248 2464 1477 2496; x_wconf 87' lang='lat' dir='ltr'>desinentium:</span> <span class='ocrx_word' id='word_1_431' title='bbox 1511 2464 1575 2495; x_wconf 84' lang='lat' dir='ltr'>vid.</span> 
     </span>
     <span class='ocr_line' id='line_1_78' title="bbox 918 2514 1576 2553; baseline 0.002 -10"><span class='ocrx_word' id='word_1_432' title='bbox 918 2514 1056 2545; x_wconf 85' lang='lat' dir='ltr'>Perizon.</span> <span class='ocrx_word' id='word_1_433' title='bbox 1076 2514 1114 2545; x_wconf 79' lang='lat' dir='ltr'>ad</span> <span class='ocrx_word' id='word_1_434' title='bbox 1137 2514 1253 2546; x_wconf 81' lang='lat' dir='ltr'>Sanctii</span> <span class='ocrx_word' id='word_1_435' title='bbox 1275 2514 1355 2545; x_wconf 85' lang='lat' dir='ltr'>Min.</span> <span class='ocrx_word' id='word_1_436' title='bbox 1372 2514 1398 2544; x_wconf 92' lang='grc' dir='ltr'>Ι.</span> <span class='ocrx_word' id='word_1_437' title='bbox 1414 2525 1464 2544; x_wconf 92' lang='lat' dir='ltr'>xv.</span> <span class='ocrx_word' id='word_1_438' title='bbox 1481 2515 1520 2553; x_wconf 88' lang='lat'>4;</span> <span class='ocrx_word' id='word_1_439' title='bbox 1543 2520 1576 2545; x_wconf 88' lang='lat' dir='ltr'>et</span> 
     </span>
     <span class='ocr_line' id='line_1_79' title="bbox 912 2563 1571 2595; baseline 0 -1"><span class='ocrx_word' id='word_1_440' title='bbox 912 2564 1041 2594; x_wconf 74' lang='lat' dir='ltr'>Creecli.</span> <span class='ocrx_word' id='word_1_441' title='bbox 1055 2564 1093 2595; x_wconf 85' lang='lat' dir='ltr'>ad</span> <span class='ocrx_word' id='word_1_442' title='bbox 1111 2565 1234 2595; x_wconf 88' lang='lat' dir='ltr'>Lucret.</span> <span class='ocrx_word' id='word_1_443' title='bbox 1250 2564 1271 2595; x_wconf 91' lang='lat' dir='ltr'>i.</span> <span class='ocrx_word' id='word_1_444' title='bbox 1290 2565 1338 2594; x_wconf 90' lang='lat'>11.</span> <span class='ocrx_word' id='word_1_445' title='bbox 1367 2564 1422 2594; x_wconf 88' lang='lat' dir='ltr'>Sin</span> <span class='ocrx_word' id='word_1_446' title='bbox 1436 2563 1571 2595; x_wconf 86' lang='lat' dir='ltr'>activam</span> 
     </span>
     <span class='ocr_line' id='line_1_80' title="bbox 913 2612 1572 2655; baseline 0.005 -13"><span class='ocrx_word' id='word_1_447' title='bbox 913 2612 972 2643; x_wconf 75' lang='lat' dir='ltr'>rim</span> <span class='ocrx_word' id='word_1_448' title='bbox 1000 2619 1030 2644; x_wconf 85' lang='lat' dir='ltr'>et</span> <span class='ocrx_word' id='word_1_449' title='bbox 1055 2613 1104 2644; x_wconf 81' lang='lat' dir='ltr'>hic</span> <span class='ocrx_word' id='word_1_450' title='bbox 1131 2615 1285 2655; x_wconf 75' lang='lat' dir='ltr'>praeferas,</span> <span class='ocrx_word' id='word_1_451' title='bbox 1312 2615 1457 2645; x_wconf 76' lang='lat' dir='ltr'>instabilis</span> <span class='ocrx_word' id='word_1_452' title='bbox 1482 2614 1572 2645; x_wconf 75' lang='lat' dir='ltr'>tellus</span> 
     </span>
     <span class='ocr_line' id='line_1_81' title="bbox 910 2661 1572 2703; baseline 0.003 -12"><span class='ocrx_word' id='word_1_453' title='bbox 910 2661 978 2697; x_wconf 77' lang='lat' dir='ltr'>erit,</span> <span class='ocrx_word' id='word_1_454' title='bbox 993 2673 1062 2703; x_wconf 75' lang='lat' dir='ltr'>quae</span> <span class='ocrx_word' id='word_1_455' title='bbox 1080 2662 1214 2693; x_wconf 84' lang='lat' dir='ltr'>nondum</span> <span class='ocrx_word' id='word_1_456' title='bbox 1231 2663 1351 2693; x_wconf 81' lang='lat' dir='ltr'>firmum</span> <span class='ocrx_word' id='word_1_457' title='bbox 1365 2669 1395 2693; x_wconf 86' lang='lat' dir='ltr'>et</span> <span class='ocrx_word' id='word_1_458' title='bbox 1411 2663 1572 2693; x_wconf 77' lang='lat' dir='ltr'>immotum</span> 
     </span>
     <span class='ocr_line' id='line_1_82' title="bbox 910 2712 1569 2747; baseline 0.002 -6"><span class='ocrx_word' id='word_1_459' title='bbox 910 2712 1010 2742; x_wconf 85' lang='lat' dir='ltr'>locum</span> <span class='ocrx_word' id='word_1_460' title='bbox 1051 2713 1188 2747; x_wconf 79' lang='lat' dir='ltr'>tenebat,</span> <span class='ocrx_word' id='word_1_461' title='bbox 1220 2712 1353 2742; x_wconf 85' lang='lat' dir='ltr'>nondum</span> <span class='ocrx_word' id='word_1_462' title='bbox 1391 2718 1457 2742; x_wconf 83' lang='lat' dir='ltr'>crat</span> <span class='ocrx_word' id='word_1_463' title='bbox 1489 2719 1569 2742; x_wconf 79' lang='lat' dir='ltr'>ter-ro</span> 
     </span>
    </p>
   </div>
   <div class='ocr_carea' id='block_1_5' title="bbox 909 2761 1569 2802">
    <p class='ocr_par' dir='ltr' id='par_1_11' title="bbox 909 2761 1569 2802">
     <span class='ocr_line' id='line_1_83' title="bbox 909 2761 1569 2802; baseline 0.003 -13"><span class='ocrx_word' id='word_1_464' title='bbox 909 2762 1069 2791; x_wconf 65' lang='lat' dir='ltr'>mutinam.</span> <span class='ocrx_word' id='word_1_465' title='bbox 1120 2761 1206 2791; x_wconf 70' lang='lat' dir='ltr'>Nulli</span> <span class='ocrx_word' id='word_1_466' title='bbox 1229 2773 1281 2790; x_wconf 77' lang='lat' dir='ltr'>sna</span> <span class='ocrx_word' id='word_1_467' title='bbox 1296 2761 1399 2802; x_wconf 67' lang='lat' dir='ltr'>jurum</span> <span class='ocrx_word' id='word_1_468' title='bbox 1422 2762 1569 2795; x_wconf 77' lang='lat' dir='ltr'>manebat,</span> 
     </span>
    </p>
   </div>
  </div>
 </body>
</html>
