1763 3181
206 181 291 223 292

598 182 648 222 Ρ.
682 181 896 224 OVIDII
928 182 1207 225 NASONIS

210 296 398 344 Naides
426 295 573 343 Idaeis
600 297 873 345 enutrivere
900 298 992 344 sub
1019 298 1201 355 antris3

209 375 367 436 Cujus
393 381 499 420 erat
520 373 686 430 facies,
714 374 762 420 in
789 390 888 437 qua
912 382 1172 437 materque
1197 382 1438 438 paterque
1496 378 1593 422 290

210 449 458 512 Cognosci
484 456 717 513 possent:
758 466 937 497 nomen
963 467 1164 514 quoque
1190 452 1342 498 traxit
1367 453 1428 499 ab
1454 452 1566 498 illis.

208 526 274 582 Is,
302 527 395 573 tria
420 544 575 590 quum
602 527 813 590 primum
839 528 958 576 fecit
983 529 1339 592 quinquennia,
1367 537 1559 576 montes

207 604 443 652 Deseruit
467 604 679 667 patrios;
722 603 912 668 Idaque
937 605 1110 652 altrice
1136 606 1307 653 relicta

207 682 399 745 Ignotis
424 682 748 736 errare-locis,
775 681 947 744 ignota
969 682 1134 729 videre

207 758 435 806 Flumina
459 759 724 820 gaudebat,
753 758 917 805 studio
943 758 1194 806 minuente
1220 760 1457 807 laborem.
1496 762 1592 807 295

206 836 298 884 Ille
323 835 475 883 etiam
502 835 682 899 Lycias
710 837 873 892 urbeS,
903 835 1173 900 Lyciaeque
1198 836 1504 901 propinquos

208 914 363 961 Caras
390 914 520 961 adit:
560 914 696 961 videt
720 914 799 961 hic
826 921 1057 977 stagnum
1082 913 1292 961 lucentis
1319 914 1382 961 ad
1406 913 1559 959 imum

208 991 384 1055 Usque
409 992 568 1038 solum
594 992 810 1055 lymphae
831 1009 840 1039 :
882 1008 979 1039 non
1005 990 1106 1038 illic
1133 1007 1294 1038 canna
1317 990 1567 1055 palustris,

206 1067 316 1116 Nec
342 1069 535 1116 steriles
561 1069 703 1125 ulvae,
731 1085 823 1115 nec
850 1076 996 1115 acuta
1016 1067 1225 1131 cuspide
1244 1067 1383 1130 junci
1405 1085 1416 1124 3

1496 1068 1592 1113 299

204 1145 507 1209 Perspicuus
532 1145 694 1208 liquor
719 1152 823 1193 est:
865 1145 1027 1208 stagni
1053 1152 1222 1192 tamen
1247 1144 1420 1191 ultima
1443 1143 1552 1190 vivo

207 1223 413 1286 Cespite
439 1222 720 1285 cinguntur,
749 1238 1047 1286 semperque
1071 1221 1345 1268 virentibus
1370 1220 1552 1268 herbis,

205 1300 445 1364 Nympha
465 1299 606 1347 colit:
649 1300 737 1346 sed
763 1316 853 1347 nec
878 1300 1140 1347 venatibus
1173 1306 1305 1362 apta,
1333 1314 1424 1345 nec
1451 1314 1594 1345 arcus

204 1377 432 1425 Flectere
458 1393 570 1440 quae
598 1378 769 1434 soleat,
797 1393 888 1425 nec
915 1394 1025 1441 quae
1052 1377 1352 1424 contendere
1376 1392 1552 1433 cursu;

205 1454 423 1518 Solaque
451 1454 700 1502 Naiadum
726 1456 875 1503 celeri
900 1472 997 1502 non
1023 1462 1141 1502 nota
1166 1454 1358 1501 Dianae.

205 1532 352 1596 Saepe
377 1547 491 1579 suas
517 1531 587 1578 illi
614 1531 744 1580 fama
770 1539 846 1581 est
870 1532 1059 1580 dixisse
1083 1547 1300 1579 sorores:

243 1709 318 1740 292.
354 1709 437 1740 Fecit
465 1711 701 1752 quinquennia]
752 1711 864 1742 Facere

200 1768 304 1793 annos,
320 1757 441 1799 phrasis
461 1758 493 1789 in
516 1758 615 1790 titulis
638 1759 864 1801 sepulcralibus

200 1806 302 1843 obvia,
319 1813 446 1838 notante
461 1808 654 1839 Burmanno.
693 1810 821 1840 Altrices
833 1815 864 1840 et

201 1857 332 1886 nutrices
347 1856 493 1887 dicuntur
507 1862 608 1893 terrae,
620 1857 651 1887 in
664 1858 778 1898 quibus
793 1858 864 1899 quis

201 1904 353 1935 educatus
368 1910 427 1936 est.
474 1906 522 1935 Ex
538 1916 620 1937 more
636 1906 792 1937 Ovidiano
808 1906 861 1938 de-

200 1953 297 1984 bebat
326 1964 404 1989 esse,
428 1957 631 1994 montibusque
656 1957 781 1991 relictis,
808 1956 862 1986 sed

204 2002 334 2034 variavit
350 2003 532 2034 orationem.
581 2004 724 2034 Flumina
750 2004 863 2036 diserte

201 2058 480 2083 commemorantur
492 2057 616 2095 propter
626 2054 689 2084 fab.
701 2064 782 2095 seq.;
798 2061 862 2084 stu-

201 2102 297 2137 dium,
324 2101 480 2143 cupiditas
504 2101 625 2133 visendi
652 2103 720 2133 loca
747 2102 864 2143 ignota,

201 2161 271 2191 quae
301 2149 396 2180 etiam
426 2162 455 2181 v.
489 2152 639 2192 gaudebat
666 2151 860 2192 exprimitur.

202 2199 374 2229 Minuente.
399 2200 468 2229 Hoc
480 2200 609 2230 verbum
624 2199 775 2237 additum,
790 2201 863 2242 quia

200 2258 276 2289 puer
291 2247 343 2278 ille
359 2258 420 2278 non
436 2247 494 2278 nisi
506 2247 685 2289 quindecim
701 2259 861 2280 annorum.

202 2296 356 2332 Laborem,
373 2296 530 2327 molestias
546 2297 704 2329 itinerum.

242 2346 317 2377 297.
346 2346 431 2376 Videt
448 2347 495 2377 hic
512 2353 663 2388 stagnum,
678 2348 757 2388 etc.]
807 2348 862 2379 Vi-

201 2395 332 2431 truvius,
364 2394 449 2426 dicto
479 2395 567 2434 loco;
605 2404 646 2427 est
675 2399 739 2437 ejus
762 2397 864 2438 sontis

197 2450 323 2484 potestas
345 2445 515 2484 perlucida.
566 2445 603 2476 Id
619 2446 781 2477 exornavit
797 2447 862 2477 No-

199 2498 281 2523 ster:
314 2492 357 2523 cf.
379 2504 408 2524 v.
431 2494 517 2532 5883
549 2493 665 2525 Claud.
691 2506 785 2527 xxxv.
804 2496 863 2526 114

201 2552 272 2583 sqq.

244 2592 317 2622 302.
344 2591 483 2631 Nympha
507 2592 598 2622 colit:
621 2594 670 2623 sed
693 2604 757 2629 ozee,
780 2594 859 2634 etc.]

200 2639 347 2681 Sequitur
380 2640 466 2671 locus
503 2641 578 2671 satis
612 2646 771 2678 venustus,
808 2643 863 2683 qui

200 2688 322 2729 egregie
350 2689 451 2730 pingit
478 2689 637 2731 ingenium
665 2696 696 2721 et
725 2691 863 2722 studium

200 2737 313 2778 puellae
342 2737 456 2775 mollis,
484 2737 516 2768 id
545 2749 641 2770 unum
669 2740 799 2781 agentis,
828 2746 863 2772 ut

1497 1533 1592 1577 305

930 1709 1067 1751 placeat.
1113 1708 1267 1740 Contrarii
1283 1717 1382 1737 mores
1399 1706 1560 1748 Daphnes,
1573 1706 1595 1737 i.

932 1759 994 1790 475
1010 1770 1079 1800 sqq.
1095 1763 1127 1789 et
1140 1757 1301 1794 Callistus,
1314 1756 1346 1787 ii.
1359 1757 1417 1786 411
1434 1767 1503 1798 sqq.
1527 1757 1593 1798 Op-

929 1808 1039 1850 positio
1055 1807 1149 1839 estin
1169 1814 1241 1847 apta
1263 1812 1295 1837 et
1315 1817 1377 1846 quae
1398 1807 1499 1841 soleat,
1516 1816 1593 1847 quo-

929 1870 996 1890 rum
1022 1858 1100 1889 illud
1122 1858 1162 1889 ad
1184 1863 1337 1892 naturam,
1361 1856 1419 1887 hoc
1443 1856 1482 1886 ad
1505 1866 1592 1887 exer-

930 1908 1112 1939 citationem
1141 1906 1348 1938 referendum.
1410 1905 1594 1937 contendere

930 1968 1023 1987 cursu
1039 1967 1110 1987 cum
1127 1956 1209 1993 feris,
1226 1955 1309 1997 quod
1333 1960 1364 1986 et
1384 1954 1485 1996 ipsum
1501 1966 1594 1986 vena-

932 2006 1015 2037 tricis
1038 2011 1099 2036 est.
1133 2005 1215 2036 Plin.
1240 2006 1359 2045 Paneg.
1384 2005 1444 2035 81:
1480 2011 1595 2035 certare

933 2056 1186 2097 cuwnfugacibus
1201 2054 1284 2095 seris
1310 2065 1412 2085 εῑιιέιι.
1442 2053 1552 2085 Horat.
1575 2054 1595 2085 i.

933 2105 992 2146 Ep.
1008 2104 1092 2134 xviii.
1108 2106 1145 2135 51
1162 2116 1167 2134 ;
1200 2115 1290 2134 cursu
1313 2115 1453 2143 superare
1476 2115 1590 2140 canem,

935 2154 979 2183 vel
995 2154 1107 2183 viribus
1121 2164 1240 2193 aprum.
1285 2153 1364 2183 Inde
1382 2158 1413 2183 et
1431 2153 1594 2195 subjicitur

928 2205 1016 2234 celeri
1037 2214 1094 2233 non
1116 2210 1187 2233 nota
1204 2203 1325 2233 Dictrzae.
1372 2202 1475 2233 Nimis
1497 2202 1593 2234 ferme

930 2252 1104 2284 cumulavit
1120 2253 1225 2283 verba.

973 2304 1047 2333 305.
1070 2302 1252 2333 Jucundum
1281 2306 1339 2337 est,
1365 2300 1449 2342 quod
1478 2311 1594 2332 sorores

931 2351 1005 2393 ipsae
1034 2351 1198 2393 loquentes
1224 2350 1423 2387 inducuntur,
1451 2356 1482 2381 et
1509 2350 1592 2391 quod

931 2401 1025 2431 verba
1039 2411 1144 2431 earum
1161 2411 1179 2431 a
1193 2405 1285 2442 poeta
1301 2405 1492 2442 repetuntur.
1521 2400 1592 2430 Pic-

931 2455 986 2480 tas.
1022 2449 1103 2481 Vide
1129 2449 1169 2480 ad
1196 2449 1230 2480 ii.
1257 2450 1332 2479 421.
1390 2449 1508 2484 Durus,
1537 2449 1591 2490 qui

931 2499 1069 2530 membra
1097 2498 1174 2529 dura
1203 2498 1316 2534 reddit,
1344 2498 1528 2534 corroborat,
1558 2505 1592 2529 ut

931 2549 1041 2578 durum
1065 2559 1136 2587 opus
1157 2550 1346 2578 rusticorum.
1362 2547 1434 2577 11.l.
1451 2558 1522 2578 curn
1545 2558 1590 2579 re-

930 2602 1039 2638 spectu
1064 2596 1167 2627 mollis
1192 2595 1275 2632 vitae,
1297 2596 1348 2627 cui
1370 2596 1519 2638 Nympha
1543 2596 1590 2627 in-

930 2644 1092 2686 dulgebat.
1138 2646 1296 2676 Miscemus
1321 2656 1370 2681 ea,
1397 2656 1466 2686 quae
1497 2645 1590 2676 inter·-

930 2695 1101 2737 rumpimus
1117 2695 1185 2726 aliis
1199 2695 1301 2726 rebus.
1326 2695 1406 2726 Ptin.
1421 2695 1519 2726 VIII.
1533 2696 1589 2737 Ep.

931 2744 994 2776 xxi.
1009 2746 1029 2775 2
1043 2756 1050 2775 x
1076 2746 1229 2786 distinguo
1242 2746 1383 2786 graviora
1400 2745 1523 2774 lusibus.
