1763 3181
429 175 1049 220 METAMORPHOSEON
1080 174 1199 217 LIB.
1232 175 1287 216 V.

1458 172 1543 217 375

164 293 376 350 Additis,
402 299 452 341 et
475 309 572 340 non
595 299 673 340 est
695 290 936 356 patientia
957 290 1112 338 libera
1134 289 1275 337 nobis
1294 309 1304 347 ;

164 371 352 418 Ibimus
377 370 427 417 in
452 385 651 434 poenas3
691 376 741 416 et
764 385 863 432 quo
887 375 1031 415 vocat
1055 369 1141 423 ira,
1169 367 1486 430 sequemur.''

163 447 351 495 Rident
369 446 676 502 EmathideS,
704 452 1047 510 spernuntque
1074 445 1285 491 minacia
1309 446 1483 501 verba3

165 524 472 588 Conataeque
493 523 646 587 loqui,
663 529 713 570 et
732 538 910 585 magno
926 523 1140 569 clamore
1156 529 1407 585 protervas
1445 525 1541 568 670

163 600 418 648 Intentare
442 616 634 656 manus,
661 616 849 663 pennas
875 598 1021 663 exire
1036 614 1123 661 per
1146 614 1337 660 ungues

162 676 420 741 Aspexere
441 693 571 732 suos,
598 676 777 740 operiri
801 675 1004 722 brachia
1027 674 1236 738 plumis3

162 753 432 816 Alteraque
451 752 653 800 alterius
677 752 835 815 rigido
861 767 1181 798 concrescere
1206 757 1364 797 rostro

166 830 269 877 Ora
290 830 440 887 videt,
466 830 790 892 volucresque
815 845 963 875 novas
989 828 1225 875 accedere
1251 827 1400 874 silvis.

165 906 401 970 Dumque
423 907 593 954 volunt
616 906 800 970 plangi,
824 922 912 969 per
935 905 1136 952 brachia
1159 911 1294 951 mota
1317 905 1507 959 levatae,

162 983 292 1032 Aere
316 984 617 1047 pendebant,
645 1000 901 1031 nemorum
926 981 1162 1037 convicia,
1190 981 1330 1044 picae.

1447 984 1542 1028 676

164 1059 212 1106 N
216 1077 311 1108 unc
331 1077 530 1124 quoque
555 1060 604 1107 in
631 1060 828 1108 alitibus
853 1059 1084 1106 facundia
1102 1058 1266 1121 prisca
1289 1058 1540 1115 remansit,

164 1135 437 1201 Raucaque
498 1137 774 1200 garrulitas,
826 1137 1145 1199 studiumque
1203 1136 1418 1183 immane
1470 1136 1539 1183 lo-

362 1214 596 1278 quendi.''

207 1348 280 1378 668.
303 1347 354 1378 Ire
368 1350 401 1378 in
420 1358 531 1387 peenas,
548 1346 696 1378 accedere
712 1345 752 1377 ad
766 1357 823 1388 pu-

162 1396 322 1434 niendum,
352 1396 475 1439 punire.
519 1396 603 1427 Huic
634 1395 823 1427 conveniunt

163 1451 196 1476 et
206 1445 303 1477 verba
317 1456 419 1476 vocare
439 1450 471 1476 et
491 1447 581 1486 sequi.
629 1444 821 1481 Emathides;

163 1494 228 1526 vid.
249 1494 301 1525 ad.
326 1506 390 1526 ver.
412 1495 486 1526 313.
529 1495 691 1525 Debemus
718 1499 822 1524 autem

163 1544 221 1575 hoc
246 1554 358 1575 nomen
379 1543 504 1585 ingenio
520 1542 663 1579 Heinsii3
686 1553 821 1584 namque

166 1594 304 1626 Pierides
320 1594 414 1625 etiam
434 1595 473 1624 ab
489 1593 608 1624 Anton.
623 1592 692 1624 Lib.
706 1592 751 1622 ita
765 1603 817 1622 vo-

165 1649 287 1674 cantur.
331 1642 416 1674 Olim
434 1643 585 1673 edebatur
602 1642 771 1681 Evippides,
788 1640 820 1671 id

167 1697 226 1728 est,
241 1691 377 1734 Evippes
387 1691 470 1722 filiae.

210 1741 283 1772 676.
298 1742 374 1771 Aere
391 1742 520 1780 pendere
541 1739 580 1770 de
599 1739 724 1770 volante
743 1737 821 1768 dici-

168 1795 229 1822 tur.
276 1790 437 1821 Nemorum
452 1791 596 1826 convicia,
611 1798 683 1819 aves
698 1798 752 1830 per
768 1797 822 1818 ne-

890 1355 976 1376 mora
990 1345 1160 1386 garrientes
1176 1351 1207 1376 et
1222 1345 1456 1376 maledicentes.
1484 1346 1545 1377 Fa-

888 1397 1012 1431 cundia,
1026 1394 1135 1426 eadem
1152 1406 1221 1436 quae
1241 1396 1420 1436 garrulitas.
1456 1395 1546 1426 Idem

888 1449 934 1475 ter
949 1444 1038 1475 dixit.
1076 1444 1133 1475 Vir
1149 1444 1278 1485 quidam
1297 1444 1407 1475 doctus
1425 1445 1546 1486 conjec-

889 1498 972 1524 turat
996 1493 1082 1523 Tunc
1102 1504 1222 1533 quoque,
1244 1494 1318 1534 quia
1340 1492 1479 1534 sequitur
1496 1505 1545 1524 re-

888 1544 1007 1573 mansit.
1043 1542 1106 1572 Sed
1129 1542 1280 1573 refellitur
1305 1553 1324 1573 a
1353 1542 1478 1573 Clarkio
1505 1543 1545 1574 ad

888 1592 1014 1622 Homer.
1043 1591 1082 1621 Il.
1106 1595 1147 1622 A.
1173 1593 1225 1622 37.
1246 1591 1317 1632 quia
1338 1593 1478 1621 remansit
1500 1597 1548 1622 est

887 1645 1010 1682 tempus
1026 1650 1160 1681 praesens
1175 1639 1218 1670 rei
1243 1640 1399 1681 perfectae.
1444 1639 1546 1671 Caete·

888 1700 954 1719 rum
981 1689 1140 1719 Nicandro
1165 1694 1291 1720 auclore
1315 1688 1398 1731 apud
1424 1688 1544 1720 Anton-

892 1737 1031 1768 Pierides
1049 1738 1081 1768 in
1103 1738 1193 1780 plura
1215 1738 1318 1769 avium
1337 1748 1452 1779 genera
1477 1748 1545 1769 mu-

890 1792 962 1817 tatae
978 1792 1063 1818 sunt.
