1729 3207
226 214 339 255 xlviii
749 210 1089 253 PRAEFATIO

224 342 447 376 exornare,
478 326 620 367 multae
652 333 748 366 sunt
775 325 1022 379 probanclae,
1052 338 1129 365 nec
1160 324 1332 379 ingenio
1363 339 1516 379 magno
1547 326 1608 365 in-

226 405 496 460 dignae.—-iii.
528 405 627 444 lll:
661 404 735 444 Sic
766 403 836 443 ubi
867 404 1064 443 tolluntur
1083 403 1218 457 festis
1249 403 1386 443 aulaea
1418 404 1608 452 theatris,

225 492 305 526 etc.
368 483 471 525 Ver.
493 483 597 523 568:
631 483 704 523 Sic
724 497 803 538 ego
824 487 1058 529 torrentem,
1081 487 1161 522 etc.
1186 481 1341 535 quibus
1369 480 1605 522 illustratur

226 562 491 604 vehementia
507 563 580 602 irae
600 561 917 602 in11ibitae.—iv.
937 561 1035 610 354,
1058 560 1448 615 Hermaphroditus
1469 561 1609 602 nudus

225 641 269 681 in
292 655 416 695 aqua,
438 638 684 687 translucet,
714 645 757 678 at
779 639 958 679 eburnea
988 638 1025 678 si
1054 639 1147 692 quis
1174 638 1310 694 ›S'igna
1338 645 1456 694 tegat
1479 640 1608 688 claro,

226 719 292 759 rel
317 718 495 759 candida
523 717 627 765 lilia,
659 717 775 757 citro.
839 715 1046 757 Daedalus
1079 716 1325 758 antevolans
1353 726 1451 758 nato
1476 719 1610 768 timet,

227 797 336 837 velut
364 796 465 844 ales,
488 795 542 835 ab
573 795 658 835 alto
690 793 795 840 Quae
824 800 1005 835 teneram
1025 796 1189 850 prolem
1210 796 1419 850 prodnoeit
1441 796 1482 836 in
1508 811 1611 838 aera

226 875 336 915 nido.
399 873 654 914 Suavissima
682 881 760 922 est,
793 887 834 914 x.
872 873 964 922 190,
999 888 1127 927 quam
1158 881 1299 915 tamen
1322 873 1505 929 Virgilio
1538 875 1612 916 de-

226 954 313 994 bet.
366 952 433 993 Ibi
460 951 730 1005 Hyacinthus
751 952 881 1006 jacet,
913 951 969 991 Ut
991 952 1028 992 si
1055 952 1148 1006 quis
1176 952 1320 1001 violas,
1338 953 1512 1008 riguoce
1527 968 1611 1008 pa-

218 1045 356 1086 paver
390 1031 432 1071 in
466 1030 600 1078 horto,
632 1029 830 1084 Liliaqzte
869 1029 1092 1085 infringat,
1125 1036 1206 1071 etc.
1270 1029 1534 1072 Laudandus
1569 1039 1611 1072 et

226 1109 359 1159 locus,
389 1110 444 1150 xi.
480 1109 652 1157 508-36,
685 1122 769 1162 quo
799 1107 916 1148 navis
947 1106 1147 1148 fluctibus
1174 1108 1338 1162 jactata
1377 1123 1472 1150 cum
1503 1110 1610 1151 urbe

228 1196 477 1243 oppugnata
507 1193 790 1241 comparatur.
854 1185 942 1226 Sed
973 1201 1086 1240 saepe
1117 1187 1159 1226 in
1190 1185 1271 1227 hoc
1302 1201 1459 1241 genere
1490 1202 1612 1228 orna-

226 1273 464 1308 mentorum
483 1265 735 1306 inveniendo
756 1271 799 1305 et
820 1264 1065 1305 adhibendo
1092 1264 1171 1305 fuit
1192 1264 1351 1306 infelix.
1413 1265 1612 1320 Ineptum

228 1353 292 1387 est
313 1345 431 1395 illud,
453 1346 508 1385 iii.
532 1345 611 1385 44:
646 1344 796 1385 Cadmi
817 1359 990 1398 serpens
1007 1351 1125 1384 tanto
1142 1350 1205 1384 est
1227 1357 1419 1398 corpore,
1442 1350 1611 1398 quanto,

230 1425 279 1465 Si
310 1431 437 1465 totam
463 1430 638 1479 spectes,
662 1424 853 1479 geminas
885 1424 956 1478 qui
982 1429 1157 1478 separat
1184 1423 1350 1464 Arctos.
1413 1422 1546 1472 Male,
1568 1424 1610 1464 ii.

228 1504 326 1552 8525,
348 1503 525 1544 mutatio
545 1501 730 1543 mulieris
751 1502 795 1543 in
815 1517 964 1543 saxum
985 1517 1080 1543 cum
1101 1517 1266 1550 cancro,
1289 1502 1479 1557 corporis
1504 1502 1613 1543 malo

228 1581 313 1621 late
350 1586 553 1635 serpente,
588 1587 882 1634 comparatum
924 1595 1003 1621 nec
1039 1581 1163 1630 bene,
1197 1580 1250 1620 vi.
1284 1580 1353 1630 48,
1396 1579 1612 1622 Arachnae

229 1661 374 1708 rubor,
396 1659 575 1700 vicissim
597 1673 807 1713 apparens
828 1666 870 1700 et
894 1673 1164 1707 evanescens,
1187 1673 1282 1699 cum
1304 1673 1400 1699 aere
1421 1659 1501 1700 sub
1522 1658 1614 1700 Au-

227 1753 336 1779 rorae
357 1745 495 1778 ortum
511 1737 859 1792 purpurea—ix.
882 1737 977 1786 170,
995 1736 1197 1778 Herculis
1218 1751 1344 1778 cruor
1362 1737 1518 1785 stridit,
1540 1751 1614 1778 cen

227 1817 382 1857 lcmzina
414 1818 592 1857 candens
626 1817 776 1857 Tincta
804 1818 910 1857 lacu.
973 1815 1172 1865 Temere,
1194 1815 1247 1855 iv.
1269 1815 1442 1863 362-67,
1473 1814 1614 1855 simili-

229 1895 398 1936 tudines
420 1894 646 1936 cumulavit
677 1903 720 1936 et
748 1896 837 1936 sine
863 1894 1034 1936 delectu
1060 1894 1215 1949 posuit.
1279 1892 1397 1933 Idem
1419 1893 1614 1947 judican-

229 1973 331 2014 dum
358 1981 422 2014 est
447 1973 500 2014 de
527 1973 739 2013 sententiis
766 1973 951 2022 incertis,
980 1986 1160 2026 quarum
1188 1970 1280 2011 aliae
1308 1969 1491 2025 placent,
1521 1970 1613 2011 aliae

227 2051 518 2105 improbandae
542 2057 652 2091 sunt.
707 2050 836 2099 Vere,
857 2050 898 2090 ii.
923 2050 1020 2099 447,
1043 2056 1199 2098 monet,
1223 2048 1338 2097 Heu,
1361 2064 1485 2103 quam
1505 2048 1614 2104 dff·

229 2130 307 2170 cile
327 2135 401 2177 est,
425 2129 576 2169 crimen
592 2144 668 2169 non
682 2130 867 2183 prodere
884 2129 1025 2169 cultu!
1050 2128 1166 2169 Vere
1189 2129 1331 2176 etiam,
1345 2128 1398 2168 iv.
1414 2128 1492 2168 64:
1521 2127 1613 2173 Quo

228 2207 366 2263 magis
395 2207 564 2261 tegitur,
597 2212 727 2247 tectas
759 2207 897 2262 magis
927 2212 1077 2247 aestuat
1102 2206 1227 2262 ignis,
1262 2220 1412 2260 nempe
1444 2205 1610 2246 amoris.

230 2285 357 2339 Saepe
391 2285 528 2339 repeti
563 2285 765 2335 videmus,
797 2292 844 2325 ut
876 2285 1151 2334 verissimum,
1181 2299 1235 2325 ex
1265 2284 1332 2325 vii.
1365 2285 1442 2324 21:
1487 2283 1612 2324 Video

229 2363 399 2403 meliora
411 2363 630 2417 proboque
640 2381 654 2410 ,·
685 2363 916 2404 Deteriora
935 2377 1098 2416 sequor.
1148 2361 1314 2402 Graecis
1335 2361 1479 2409 debet,
1501 2375 1612 2415 quae,

230 2440 286 2480 iii.
315 2441 406 2490 135,
429 2440 483 2481 ad
506 2439 713 2482 Cadmum
732 2440 959 2490 transtulit,
983 2440 1158 2489 scilicet,
1180 2440 1323 2481 ultima
1343 2453 1504 2494 semper
1519 2438 1614 2479 Ex-

227 2519 457 2572 spectanda
488 2519 576 2559 dies
606 2519 772 2568 homini,
801 2519 964 2573 dicique
996 2519 1141 2559 beatas
1167 2517 1279 2558 Ante
1313 2517 1467 2558 obitum
1498 2530 1612 2557 nemo

229 2611 503 2651 supremaque
508 2597 670 2652 funera
691 2598 822 2638 debet.

287 2674 606 2716 Anac-hronismi
627 2691 670 2717 se
692 2691 804 2731 saepe
825 2691 942 2718 reum
963 2676 1083 2718 fecit:
1116 2677 1143 2716 i.
1167 2676 1265 2725 218,
1288 2675 1480 2716 Arcades
1501 2688 1613 2715 com-

229 2761 528 2802 memorantur,
545 2754 617 2808 qui
634 2754 766 2795 serius
788 2755 842 2795 ab
863 2753 1035 2795 Arcade
1052 2768 1205 2795 nomen
1225 2754 1445 2802 invenere3
1466 2752 1493 2792 i.
1512 2751 1610 2800 373,
