<?xml version="1.0" encoding="UTF-8"?>
<!DOCTYPE html PUBLIC "-//W3C//DTD XHTML 1.0 Transitional//EN"
    "http://www.w3.org/TR/xhtml1/DTD/xhtml1-transitional.dtd">
<html xmlns="http://www.w3.org/1999/xhtml" xml:lang="en" lang="en">
 <head>
  <title>
</title>
<meta http-equiv="Content-Type" content="text/html;charset=utf-8" />
  <meta name='ocr-system' content='tesseract 3.04.00' />
  <meta name='ocr-capabilities' content='ocr_page ocr_carea ocr_par ocr_line ocrx_word'/>
</head>
<body>
  <div class='ocr_page' id='page_1' title='image "./povidiinasonisop03oviduoft_0144.png"; bbox 0 0 1729 3207; ppageno 0'>
   <div class='ocr_carea' id='block_1_1' title="bbox 231 218 315 261">
    <p class='ocr_par' dir='ltr' id='par_1_1' title="bbox 231 218 315 261">
     <span class='ocr_line' id='line_1_1' title="bbox 231 218 315 261; baseline 0.012 -1"><span class='ocrx_word' id='word_1_1' title='bbox 231 218 315 261; x_wconf 80' lang='lat'>134</span> 
     </span>
    </p>
   </div>
   <div class='ocr_carea' id='block_1_2' title="bbox 616 216 1224 259">
    <p class='ocr_par' dir='ltr' id='par_1_2' title="bbox 616 216 1224 259">
     <span class='ocr_line' id='line_1_2' title="bbox 616 216 1224 259; baseline -0.002 -1"><span class='ocrx_word' id='word_1_2' title='bbox 616 218 667 259; x_wconf 92' lang='lat' dir='ltr'>P.</span> <span class='ocrx_word' id='word_1_3' title='bbox 701 216 910 259; x_wconf 92' lang='lat' dir='ltr'><strong>OVIDII</strong></span> <span class='ocrx_word' id='word_1_4' title='bbox 946 216 1224 259; x_wconf 91' lang='lat' dir='ltr'><strong>NASONIS</strong></span> 
     </span>
    </p>
   </div>
   <div class='ocr_carea' id='block_1_3' title="bbox 228 331 1610 473">
    <p class='ocr_par' dir='ltr' id='par_1_3' title="bbox 228 331 1610 473">
     <span class='ocr_line' id='line_1_3' title="bbox 231 331 1595 397; baseline -0.003 -16"><span class='ocrx_word' id='word_1_5' title='bbox 231 333 444 397; x_wconf 89' lang='lat' dir='ltr'>Dejicit;</span> <span class='ocrx_word' id='word_1_6' title='bbox 476 339 526 380; x_wconf 91' lang='lat' dir='ltr'>et</span> <span class='ocrx_word' id='word_1_7' title='bbox 551 333 768 380; x_wconf 83' lang='lat' dir='ltr'>maculat</span> <span class='ocrx_word' id='word_1_8' title='bbox 792 339 1091 396; x_wconf 79' lang='lat' dir='ltr'>praeruptam</span> <span class='ocrx_word' id='word_1_9' title='bbox 1117 331 1356 394; x_wconf 87' lang='lat' dir='ltr'>sanguine</span> <span class='ocrx_word' id='word_1_10' title='bbox 1381 337 1595 378; x_wconf 90' lang='lat' dir='ltr'>cautem.</span> 
     </span>
     <span class='ocr_line' id='line_1_4' title="bbox 228 407 1610 473; baseline -0.002 -16"><span class='ocrx_word' id='word_1_11' title='bbox 228 410 378 473; x_wconf 83' lang='lat' dir='ltr'>Arge,</span> <span class='ocrx_word' id='word_1_12' title='bbox 399 411 566 473; x_wconf 90' lang='lat' dir='ltr'>jaces:</span> <span class='ocrx_word' id='word_1_13' title='bbox 597 409 833 472; x_wconf 88' lang='lat' dir='ltr'>quodque</span> <span class='ocrx_word' id='word_1_14' title='bbox 866 408 914 455; x_wconf 90' lang='lat' dir='ltr'>in</span> <span class='ocrx_word' id='word_1_15' title='bbox 945 415 1020 456; x_wconf 91' lang='lat' dir='ltr'>tot</span> <span class='ocrx_word' id='word_1_16' title='bbox 1043 408 1231 456; x_wconf 87' lang='lat' dir='ltr'>lumina</span> <span class='ocrx_word' id='word_1_17' title='bbox 1262 408 1428 454; x_wconf 90' lang='lat' dir='ltr'>lumen</span> <span class='ocrx_word' id='word_1_18' title='bbox 1459 407 1610 454; x_wconf 88' lang='lat' dir='ltr'>habe-</span> 
     </span>
    </p>
   </div>
   <div class='ocr_carea' id='block_1_4' title="bbox 428 487 516 533">
    <p class='ocr_par' dir='ltr' id='par_1_4' title="bbox 428 487 516 533">
     <span class='ocr_line' id='line_1_5' title="bbox 428 487 516 533; baseline -0.011 0"><span class='ocrx_word' id='word_1_19' title='bbox 428 487 516 533; x_wconf 86' lang='lat' dir='ltr'>bas</span> 
     </span>
    </p>
   </div>
   <div class='ocr_carea' id='block_1_5' title="bbox 1520 487 1616 531">
    <p class='ocr_par' dir='ltr' id='par_1_5' title="bbox 1520 487 1616 531">
     <span class='ocr_line' id='line_1_6' title="bbox 1520 487 1616 531; baseline 0 0"><span class='ocrx_word' id='word_1_20' title='bbox 1520 487 1616 531; x_wconf 88' lang='lat'>720</span> 
     </span>
    </p>
   </div>
   <div class='ocr_carea' id='block_1_6' title="bbox 230 560 1615 935">
    <p class='ocr_par' dir='ltr' id='par_1_6' title="bbox 230 560 1615 935">
     <span class='ocr_line' id='line_1_7' title="bbox 230 560 1615 626; baseline -0.001 -16"><span class='ocrx_word' id='word_1_21' title='bbox 230 561 547 610; x_wconf 90' lang='lat' dir='ltr'>Exstinctum</span> <span class='ocrx_word' id='word_1_22' title='bbox 584 569 688 620; x_wconf 91' lang='lat' dir='ltr'>est;</span> <span class='ocrx_word' id='word_1_23' title='bbox 726 570 1030 626; x_wconf 82' lang='lat' dir='ltr'>centumque</span> <span class='ocrx_word' id='word_1_24' title='bbox 1065 560 1247 609; x_wconf 55' lang='lat' dir='ltr'>oculos‘</span> <span class='ocrx_word' id='word_1_25' title='bbox 1267 577 1367 609; x_wconf 86' lang='lat' dir='ltr'>nox</span> <span class='ocrx_word' id='word_1_26' title='bbox 1403 567 1615 625; x_wconf 89' lang='lat' dir='ltr'>occupat</span> 
     </span>
     <span class='ocr_line' id='line_1_8' title="bbox 230 638 1611 704; baseline -0.001 -18"><span class='ocrx_word' id='word_1_27' title='bbox 230 638 434 704; x_wconf 84' lang='lat' dir='ltr'>Excipit</span> <span class='ocrx_word' id='word_1_28' title='bbox 448 640 554 695; x_wconf 91' lang='lat' dir='ltr'>hos,</span> <span class='ocrx_word' id='word_1_29' title='bbox 571 639 882 702; x_wconf 90' lang='lat' dir='ltr'>volucrisque</span> <span class='ocrx_word' id='word_1_30' title='bbox 906 655 1007 686; x_wconf 87' lang='lat' dir='ltr'>suae</span> <span class='ocrx_word' id='word_1_31' title='bbox 1027 638 1259 686; x_wconf 87' lang='lat' dir='ltr'>Saturnia</span> <span class='ocrx_word' id='word_1_32' title='bbox 1276 638 1452 702; x_wconf 87' lang='lat' dir='ltr'>pennis</span> <span class='ocrx_word' id='word_1_33' title='bbox 1474 640 1611 700; x_wconf 90' lang='lat' dir='ltr'>[una.</span> 
     </span>
     <span class='ocr_line' id='line_1_9' title="bbox 231 715 1589 779; baseline -0.001 -15"><span class='ocrx_word' id='word_1_34' title='bbox 231 716 487 774; x_wconf 84' lang='lat' dir='ltr'>Collocat3</span> <span class='ocrx_word' id='word_1_35' title='bbox 517 723 567 764; x_wconf 91' lang='lat' dir='ltr'>et</span> <span class='ocrx_word' id='word_1_36' title='bbox 591 717 800 779; x_wconf 85' lang='lat' dir='ltr'>gemmis</span> <span class='ocrx_word' id='word_1_37' title='bbox 826 717 1038 764; x_wconf 89' lang='lat' dir='ltr'>caudam</span> <span class='ocrx_word' id='word_1_38' title='bbox 1062 716 1375 764; x_wconf 82' lang='lat' dir='ltr'>stellantibus</span> <span class='ocrx_word' id='word_1_39' title='bbox 1401 715 1589 779; x_wconf 88' lang='lat' dir='ltr'>implet.</span> 
     </span>
     <span class='ocr_line' id='line_1_10' title="bbox 296 792 1612 858; baseline -0.002 -18"><span class='ocrx_word' id='word_1_40' title='bbox 296 794 532 841; x_wconf 85' lang='lat' dir='ltr'>Protinus</span> <span class='ocrx_word' id='word_1_41' title='bbox 558 795 759 851; x_wconf 86' lang='lat' dir='ltr'>exarsit,</span> <span class='ocrx_word' id='word_1_42' title='bbox 787 811 878 843; x_wconf 91' lang='lat' dir='ltr'>nec</span> <span class='ocrx_word' id='word_1_43' title='bbox 905 801 1131 858; x_wconf 88' lang='lat' dir='ltr'>tempora</span> <span class='ocrx_word' id='word_1_44' title='bbox 1154 793 1347 840; x_wconf 90' lang='lat' dir='ltr'>distulit</span> <span class='ocrx_word' id='word_1_45' title='bbox 1370 792 1471 849; x_wconf 87' lang='lat' dir='ltr'>irae,</span> <span class='ocrx_word' id='word_1_46' title='bbox 1518 794 1612 839; x_wconf 87' lang='grc'>724</span> 
     </span>
     <span class='ocr_line' id='line_1_11' title="bbox 230 869 1569 935; baseline 0 -19"><span class='ocrx_word' id='word_1_47' title='bbox 230 869 635 935; x_wconf 86' lang='lat' dir='ltr'>Horriferamque</span> <span class='ocrx_word' id='word_1_48' title='bbox 660 872 815 920; x_wconf 92' lang='lat' dir='ltr'>oculis</span> <span class='ocrx_word' id='word_1_49' title='bbox 841 872 1107 934; x_wconf 91' lang='lat' dir='ltr'>animoque</span> <span class='ocrx_word' id='word_1_50' title='bbox 1133 871 1318 934; x_wconf 90' lang='lat' dir='ltr'>objecit</span> <span class='ocrx_word' id='word_1_51' title='bbox 1343 869 1569 933; x_wconf 87' lang='lat' dir='ltr'>Erinnyn</span> 
     </span>
    </p>
   </div>
   <div class='ocr_carea' id='block_1_7' title="bbox 224 1041 894 2809">
    <p class='ocr_par' dir='ltr' id='par_1_7' title="bbox 224 1041 890 1817">
     <span class='ocr_line' id='line_1_12' title="bbox 271 1041 885 1084; baseline 0.008 -13"><span class='ocrx_word' id='word_1_52' title='bbox 271 1041 344 1072; x_wconf 88' lang='grc'>719.</span> <span class='ocrx_word' id='word_1_53' title='bbox 380 1042 419 1072; x_wconf 83' lang='lat' dir='ltr'>Et</span> <span class='ocrx_word' id='word_1_54' title='bbox 447 1044 767 1084; x_wconf 61' lang='lat' dir='ltr'>maculat—cautem]</span> <span class='ocrx_word' id='word_1_55' title='bbox 810 1044 885 1076; x_wconf 85' lang='lat' dir='ltr'>Haec</span> 
     </span>
     <span class='ocr_line' id='line_1_13' title="bbox 226 1090 886 1135; baseline 0.005 -14"><span class='ocrx_word' id='word_1_56' title='bbox 226 1090 320 1121; x_wconf 89' lang='lat' dir='ltr'>verba</span> <span class='ocrx_word' id='word_1_57' title='bbox 335 1097 479 1133; x_wconf 88' lang='lat' dir='ltr'>poterant</span> <span class='ocrx_word' id='word_1_58' title='bbox 493 1091 603 1128; x_wconf 87' lang='lat' dir='ltr'>omitti,</span> <span class='ocrx_word' id='word_1_59' title='bbox 620 1092 694 1134; x_wconf 90' lang='lat' dir='ltr'>quia</span> <span class='ocrx_word' id='word_1_60' title='bbox 709 1103 756 1124; x_wconf 83' lang='lat' dir='ltr'>res</span> <span class='ocrx_word' id='word_1_61' title='bbox 778 1099 886 1135; x_wconf 88' lang='lat' dir='ltr'>sponte</span> 
     </span>
     <span class='ocr_line' id='line_1_14' title="bbox 224 1137 887 1180; baseline 0.009 -12"><span class='ocrx_word' id='word_1_62' title='bbox 224 1137 419 1180; x_wconf 88' lang='lat' dir='ltr'>intelligitur.</span> <span class='ocrx_word' id='word_1_63' title='bbox 453 1140 571 1171; x_wconf 78' lang='lat' dir='ltr'>Verum</span> <span class='ocrx_word' id='word_1_64' title='bbox 585 1141 605 1172; x_wconf 87' lang='lat' dir='ltr'>J</span> <span class='ocrx_word' id='word_1_65' title='bbox 608 1141 808 1173; x_wconf 83' lang='lat' dir='ltr'>ac.-a-Cruce</span> <span class='ocrx_word' id='word_1_66' title='bbox 824 1153 887 1173; x_wconf 88' lang='lat' dir='ltr'>sar-</span> 
     </span>
     <span class='ocr_line' id='line_1_15' title="bbox 227 1189 888 1232; baseline 0.008 -14"><span class='ocrx_word' id='word_1_67' title='bbox 227 1198 365 1220; x_wconf 90' lang='lat' dir='ltr'>casmum</span> <span class='ocrx_word' id='word_1_68' title='bbox 383 1189 472 1220; x_wconf 91' lang='lat' dir='ltr'>illum</span> <span class='ocrx_word' id='word_1_69' title='bbox 491 1196 603 1231; x_wconf 88' lang='lat' dir='ltr'>poetae,</span> <span class='ocrx_word' id='word_1_70' title='bbox 620 1192 643 1220; x_wconf 77' lang='lat' dir='ltr'>A</span> <span class='ocrx_word' id='word_1_71' title='bbox 651 1194 815 1232; x_wconf 77' lang='lat' dir='ltr'>rge,jaces,</span> <span class='ocrx_word' id='word_1_72' title='bbox 828 1198 888 1223; x_wconf 83' lang='lat' dir='ltr'>etc.</span> 
     </span>
     <span class='ocr_line' id='line_1_16' title="bbox 225 1237 888 1282; baseline 0.008 -14"><span class='ocrx_word' id='word_1_73' title='bbox 225 1247 291 1269; x_wconf 86' lang='lat' dir='ltr'>esse</span> <span class='ocrx_word' id='word_1_74' title='bbox 313 1237 506 1281; x_wconf 84' lang='lat' dir='ltr'>epitaphium</span> <span class='ocrx_word' id='word_1_75' title='bbox 528 1241 670 1282; x_wconf 86' lang='lat' dir='ltr'>putabat,</span> <span class='ocrx_word' id='word_1_76' title='bbox 694 1252 766 1282; x_wconf 86' lang='lat' dir='ltr'>quo,</span> <span class='ocrx_word' id='word_1_77' title='bbox 788 1242 888 1273; x_wconf 88' lang='lat' dir='ltr'>subito</span> 
     </span>
     <span class='ocr_line' id='line_1_17' title="bbox 225 1288 889 1332; baseline 0.006 -14"><span class='ocrx_word' id='word_1_78' title='bbox 225 1294 387 1330; x_wconf 87' lang='lat' dir='ltr'>concepto,</span> <span class='ocrx_word' id='word_1_79' title='bbox 407 1288 584 1320; x_wconf 87' lang='lat' dir='ltr'>Mercurius</span> <span class='ocrx_word' id='word_1_80' title='bbox 607 1291 802 1321; x_wconf 75' lang='lat' dir='ltr'>maculaverit</span> <span class='ocrx_word' id='word_1_81' title='bbox 825 1292 889 1332; x_wconf 90' lang='lat' dir='ltr'>(in-</span> 
     </span>
     <span class='ocr_line' id='line_1_18' title="bbox 224 1335 888 1378; baseline 0.008 -12"><span class='ocrx_word' id='word_1_82' title='bbox 224 1335 397 1378; x_wconf 81' lang='lat' dir='ltr'>scripserit)</span> <span class='ocrx_word' id='word_1_83' title='bbox 426 1337 605 1378; x_wconf 84' lang='lat' dir='ltr'>sanguineis</span> <span class='ocrx_word' id='word_1_84' title='bbox 629 1338 726 1370; x_wconf 88' lang='lat' dir='ltr'>literis</span> <span class='ocrx_word' id='word_1_85' title='bbox 754 1346 888 1371; x_wconf 87' lang='lat' dir='ltr'>cautem.</span> 
     </span>
     <span class='ocr_line' id='line_1_19' title="bbox 225 1384 887 1431; baseline 0.009 -16"><span class='ocrx_word' id='word_1_86' title='bbox 225 1384 376 1427; x_wconf 88' lang='lat' dir='ltr'>Autiquis</span> <span class='ocrx_word' id='word_1_87' title='bbox 396 1387 495 1417; x_wconf 77' lang='lat' dir='ltr'>lumen</span> <span class='ocrx_word' id='word_1_88' title='bbox 517 1399 647 1424; x_wconf 80' lang='lat' dir='ltr'>cernere,</span> <span class='ocrx_word' id='word_1_89' title='bbox 665 1387 747 1430; x_wconf 73' lang='grc' dir='ltr'>φάος</span> <span class='ocrx_word' id='word_1_90' title='bbox 767 1388 887 1431; x_wconf 77' lang='grc' dir='ltr'>δέρκεσ-</span> 
     </span>
     <span class='ocr_line' id='line_1_20' title="bbox 227 1434 889 1481; baseline 0.006 -16"><span class='ocrx_word' id='word_1_91' title='bbox 227 1434 290 1471; x_wconf 86' lang='grc' dir='ltr'>Θαι,</span> <span class='ocrx_word' id='word_1_92' title='bbox 314 1440 382 1481; x_wconf 83' lang='lat' dir='ltr'>erat</span> <span class='ocrx_word' id='word_1_93' title='bbox 405 1435 521 1467; x_wconf 89' lang='lat' dir='ltr'>vivere.</span> <span class='ocrx_word' id='word_1_94' title='bbox 566 1437 644 1468; x_wconf 85' lang='lat' dir='ltr'>Inde</span> <span class='ocrx_word' id='word_1_95' title='bbox 668 1438 784 1479; x_wconf 84' lang='lat' dir='ltr'>pendet</span> <span class='ocrx_word' id='word_1_96' title='bbox 806 1438 889 1481; x_wconf 88' lang='lat' dir='ltr'>prius</span> 
     </span>
     <span class='ocr_line' id='line_1_21' title="bbox 225 1485 888 1527; baseline 0.008 -13"><span class='ocrx_word' id='word_1_97' title='bbox 225 1485 373 1515; x_wconf 80' lang='lat' dir='ltr'>sarcasmi</span> <span class='ocrx_word' id='word_1_98' title='bbox 392 1495 534 1521; x_wconf 86' lang='lat' dir='ltr'>acumen,</span> <span class='ocrx_word' id='word_1_99' title='bbox 551 1488 694 1527; x_wconf 76' lang='lat' dir='ltr'>quodque,</span> <span class='ocrx_word' id='word_1_100' title='bbox 710 1494 770 1518; x_wconf 91' lang='lat' dir='ltr'>etc.</span> <span class='ocrx_word' id='word_1_101' title='bbox 783 1487 888 1519; x_wconf 87' lang='lat' dir='ltr'>lumen</span> 
     </span>
     <span class='ocr_line' id='line_1_22' title="bbox 228 1533 890 1578; baseline 0.008 -15"><span class='ocrx_word' id='word_1_102' title='bbox 228 1542 287 1564; x_wconf 92' lang='lat' dir='ltr'>non</span> <span class='ocrx_word' id='word_1_103' title='bbox 304 1533 437 1576; x_wconf 87' lang='lat' dir='ltr'>amplius</span> <span class='ocrx_word' id='word_1_104' title='bbox 452 1534 562 1570; x_wconf 87' lang='lat' dir='ltr'>cernis,</span> <span class='ocrx_word' id='word_1_105' title='bbox 575 1546 638 1576; x_wconf 91' lang='lat' dir='ltr'>quo</span> <span class='ocrx_word' id='word_1_106' title='bbox 652 1547 708 1578; x_wconf 87' lang='lat' dir='ltr'>per</span> <span class='ocrx_word' id='word_1_107' title='bbox 724 1542 768 1567; x_wconf 90' lang='lat' dir='ltr'>tot</span> <span class='ocrx_word' id='word_1_108' title='bbox 784 1537 890 1568; x_wconf 89' lang='lat' dir='ltr'>oculos</span> 
     </span>
     <span class='ocr_line' id='line_1_23' title="bbox 227 1581 889 1628; baseline 0.006 -15"><span class='ocrx_word' id='word_1_109' title='bbox 227 1581 387 1614; x_wconf 84' lang='lat' dir='ltr'>fruebaris.</span> <span class='ocrx_word' id='word_1_110' title='bbox 434 1584 477 1615; x_wconf 89' lang='lat' dir='ltr'>Ut</span> <span class='ocrx_word' id='word_1_111' title='bbox 506 1584 581 1615; x_wconf 89' lang='lat' dir='ltr'>alibi</span> <span class='ocrx_word' id='word_1_112' title='bbox 610 1586 826 1628; x_wconf 87' lang='lat' dir='ltr'>Epiphonema</span> <span class='ocrx_word' id='word_1_113' title='bbox 857 1587 889 1617; x_wconf 89' lang='lat' dir='ltr'>in</span> 
     </span>
     <span class='ocr_line' id='line_1_24' title="bbox 228 1631 890 1676; baseline 0.008 -14"><span class='ocrx_word' id='word_1_114' title='bbox 228 1631 391 1663; x_wconf 85' lang='lat' dir='ltr'>defunctos</span> <span class='ocrx_word' id='word_1_115' title='bbox 407 1633 543 1670; x_wconf 86' lang='lat' dir='ltr'>additur,</span> <span class='ocrx_word' id='word_1_116' title='bbox 555 1646 584 1665; x_wconf 95' lang='lat' dir='ltr'>v.</span> <span class='ocrx_word' id='word_1_117' title='bbox 597 1645 625 1666; x_wconf 84' lang='lat' dir='ltr'>c.</span> <span class='ocrx_word' id='word_1_118' title='bbox 638 1635 751 1676; x_wconf 72' lang='lat' dir='ltr'>Virgil.</span> <span class='ocrx_word' id='word_1_119' title='bbox 763 1636 890 1667; x_wconf 83' lang='lat' dir='ltr'>AEneid.</span> 
     </span>
     <span class='ocr_line' id='line_1_25' title="bbox 225 1681 890 1721; baseline 0.009 -10"><span class='ocrx_word' id='word_1_120' title='bbox 225 1681 268 1713; x_wconf 84' lang='lat' dir='ltr'>ix.</span> <span class='ocrx_word' id='word_1_121' title='bbox 298 1682 379 1721; x_wconf 81' lang='lat'>446;</span> <span class='ocrx_word' id='word_1_122' title='bbox 412 1682 457 1714; x_wconf 85' lang='lat' dir='ltr'>sic</span> <span class='ocrx_word' id='word_1_123' title='bbox 486 1683 516 1715; x_wconf 93' lang='lat' dir='ltr'>h.</span> <span class='ocrx_word' id='word_1_124' title='bbox 539 1685 561 1715; x_wconf 94' lang='lat' dir='ltr'>l.</span> <span class='ocrx_word' id='word_1_125' title='bbox 586 1695 771 1716; x_wconf 86' lang='lat' dir='ltr'>sarcasmus.</span> <span class='ocrx_word' id='word_1_126' title='bbox 818 1686 890 1717; x_wconf 86' lang='lat' dir='ltr'>Jam</span> 
     </span>
     <span class='ocr_line' id='line_1_26' title="bbox 226 1730 890 1775; baseline 0.008 -15"><span class='ocrx_word' id='word_1_127' title='bbox 226 1735 321 1772; x_wconf 83' lang='lat' dir='ltr'>poeta</span> <span class='ocrx_word' id='word_1_128' title='bbox 343 1730 495 1762; x_wconf 86' lang='lat' dir='ltr'>convertit</span> <span class='ocrx_word' id='word_1_129' title='bbox 515 1732 685 1764; x_wconf 88' lang='lat' dir='ltr'>orationem</span> <span class='ocrx_word' id='word_1_130' title='bbox 702 1733 742 1764; x_wconf 87' lang='lat' dir='ltr'>ad</span> <span class='ocrx_word' id='word_1_131' title='bbox 758 1734 890 1775; x_wconf 87' lang='lat' dir='ltr'>Argum.</span> 
     </span>
     <span class='ocr_line' id='line_1_27' title="bbox 227 1779 773 1817; baseline 0.011 -9"><span class='ocrx_word' id='word_1_132' title='bbox 227 1779 344 1816; x_wconf 81' lang='lat' dir='ltr'>Jacere,</span> <span class='ocrx_word' id='word_1_133' title='bbox 359 1780 472 1817; x_wconf 85' lang='grc' dir='ltr'>κεῒθαι,</span> <span class='ocrx_word' id='word_1_134' title='bbox 488 1781 636 1813; x_wconf 86' lang='lat' dir='ltr'>dicuntur</span> <span class='ocrx_word' id='word_1_135' title='bbox 651 1783 773 1814; x_wconf 88' lang='lat' dir='ltr'>mortui.</span> 
     </span>
    </p>

    <p class='ocr_par' dir='ltr' id='par_1_8' title="bbox 226 1828 892 2264">
     <span class='ocr_line' id='line_1_28' title="bbox 271 1828 890 1873; baseline 0.006 -14"><span class='ocrx_word' id='word_1_136' title='bbox 271 1828 346 1860; x_wconf 89' lang='grc'><strong>720.</strong></span> <span class='ocrx_word' id='word_1_137' title='bbox 382 1830 474 1871; x_wconf 82' lang='lat' dir='ltr'>Arge,</span> <span class='ocrx_word' id='word_1_138' title='bbox 490 1831 604 1872; x_wconf 62' lang='lat' dir='ltr'>jures]</span> <span class='ocrx_word' id='word_1_139' title='bbox 645 1831 734 1873; x_wconf 90' lang='lat' dir='ltr'>Virg.</span> <span class='ocrx_word' id='word_1_140' title='bbox 757 1833 831 1863; x_wconf 81' lang='lat' dir='ltr'>AEn.</span> <span class='ocrx_word' id='word_1_141' title='bbox 860 1844 890 1864; x_wconf 89' lang='lat' dir='ltr'>x.</span> 
     </span>
     <span class='ocr_line' id='line_1_29' title="bbox 227 1877 888 1921; baseline 0.009 -14"><span class='ocrx_word' id='word_1_142' title='bbox 227 1877 310 1908; x_wconf 84' lang='lat'>557:</span> <span class='ocrx_word' id='word_1_143' title='bbox 337 1878 409 1909; x_wconf 79' lang='lat' dir='ltr'>Istic</span> <span class='ocrx_word' id='word_1_144' title='bbox 426 1891 518 1915; x_wconf 80' lang='lat' dir='ltr'>nunc,</span> <span class='ocrx_word' id='word_1_145' title='bbox 533 1882 788 1921; x_wconf 77' lang='lat' dir='ltr'>metuende,jaoe.</span> <span class='ocrx_word' id='word_1_146' title='bbox 823 1882 888 1913; x_wconf 91' lang='lat' dir='ltr'>Ho-</span> 
     </span>
     <span class='ocr_line' id='line_1_30' title="bbox 226 1927 891 1973; baseline 0.009 -17"><span class='ocrx_word' id='word_1_147' title='bbox 226 1936 303 1958; x_wconf 86' lang='lat' dir='ltr'>mer.</span> <span class='ocrx_word' id='word_1_148' title='bbox 325 1927 416 1958; x_wconf 84' lang='lat' dir='ltr'>niad.</span> <span class='ocrx_word' id='word_1_149' title='bbox 442 1940 472 1960; x_wconf 84' lang='lat' dir='ltr'>x.</span> <span class='ocrx_word' id='word_1_150' title='bbox 491 1939 554 1959; x_wconf 90' lang='lat' dir='ltr'>ver.</span> <span class='ocrx_word' id='word_1_151' title='bbox 577 1930 658 1960; x_wconf 90' lang='lat'>386:</span> <span class='ocrx_word' id='word_1_152' title='bbox 686 1932 800 1962; x_wconf 79' lang='grc' dir='ltr'>Κεῖται</span> <span class='ocrx_word' id='word_1_153' title='bbox 826 1932 891 1973; x_wconf 76' lang='grc' dir='ltr'>πὰρ</span> 
     </span>
     <span class='ocr_line' id='line_1_31' title="bbox 228 1974 890 2018; baseline 0.009 -12"><span class='ocrx_word' id='word_1_154' title='bbox 228 1974 341 2014; x_wconf 72' lang='grc' dir='ltr'>νήεσσι</span> <span class='ocrx_word' id='word_1_155' title='bbox 355 1975 449 2015; x_wconf 84' lang='grc' dir='ltr'>νέκυς</span> <span class='ocrx_word' id='word_1_156' title='bbox 461 1978 647 2016; x_wconf 75' lang='grc' dir='ltr'>ἄκλαυστος</span> <span class='ocrx_word' id='word_1_157' title='bbox 659 1979 809 2018; x_wconf 83' lang='grc' dir='ltr'>ἄθαπτος</span> <span class='ocrx_word' id='word_1_158' title='bbox 824 1980 890 2012; x_wconf 82' lang='grc' dir='ltr'>Πά-</span> 
     </span>
     <span class='ocr_line' id='line_1_32' title="bbox 227 2025 892 2071; baseline 0.008 -15"><span class='ocrx_word' id='word_1_159' title='bbox 227 2025 383 2066; x_wconf 83' lang='grc' dir='ltr'>τροκλος;</span> <span class='ocrx_word' id='word_1_160' title='bbox 412 2032 443 2057; x_wconf 88' lang='lat' dir='ltr'>et</span> <span class='ocrx_word' id='word_1_161' title='bbox 467 2027 552 2058; x_wconf 87' lang='lat' dir='ltr'>alibi.</span> <span class='ocrx_word' id='word_1_162' title='bbox 598 2029 648 2060; x_wconf 90' lang='lat' dir='ltr'>De</span> <span class='ocrx_word' id='word_1_163' title='bbox 673 2028 710 2060; x_wconf 89' lang='lat' dir='ltr'>iis</span> <span class='ocrx_word' id='word_1_164' title='bbox 733 2029 787 2071; x_wconf 90' lang='lat' dir='ltr'>qui</span> <span class='ocrx_word' id='word_1_165' title='bbox 813 2031 892 2062; x_wconf 86' lang='lat' dir='ltr'>ferro</span> 
     </span>
     <span class='ocr_line' id='line_1_33' title="bbox 227 2075 890 2121; baseline 0.011 -17"><span class='ocrx_word' id='word_1_166' title='bbox 227 2080 371 2116; x_wconf 89' lang='lat' dir='ltr'>pereunt,</span> <span class='ocrx_word' id='word_1_167' title='bbox 383 2075 437 2117; x_wconf 90' lang='lat' dir='ltr'>qui</span> <span class='ocrx_word' id='word_1_168' title='bbox 453 2087 514 2107; x_wconf 91' lang='lat' dir='ltr'>non</span> <span class='ocrx_word' id='word_1_169' title='bbox 529 2087 586 2108; x_wconf 86' lang='lat' dir='ltr'>sua</span> <span class='ocrx_word' id='word_1_170' title='bbox 601 2084 698 2109; x_wconf 88' lang='lat' dir='ltr'>morte</span> <span class='ocrx_word' id='word_1_171' title='bbox 714 2079 890 2121; x_wconf 84' lang='lat' dir='ltr'>defungun-</span> 
     </span>
     <span class='ocr_line' id='line_1_34' title="bbox 227 2124 891 2163; baseline 0.011 -10"><span class='ocrx_word' id='word_1_172' title='bbox 227 2129 297 2162; x_wconf 87' lang='lat' dir='ltr'>tur;</span> <span class='ocrx_word' id='word_1_173' title='bbox 321 2124 372 2155; x_wconf 93' lang='lat' dir='ltr'>cui</span> <span class='ocrx_word' id='word_1_174' title='bbox 388 2126 576 2157; x_wconf 87' lang='lat' dir='ltr'>contrarium</span> <span class='ocrx_word' id='word_1_175' title='bbox 592 2133 688 2163; x_wconf 87' lang='lat' dir='ltr'>stare,</span> <span class='ocrx_word' id='word_1_176' title='bbox 704 2127 891 2160; x_wconf 89' lang='lat' dir='ltr'>incolumem</span> 
     </span>
     <span class='ocr_line' id='line_1_35' title="bbox 230 2174 892 2215; baseline 0.011 -12"><span class='ocrx_word' id='word_1_177' title='bbox 230 2182 320 2211; x_wconf 88' lang='lat' dir='ltr'>esse;</span> <span class='ocrx_word' id='word_1_178' title='bbox 343 2174 429 2215; x_wconf 81' lang='lat' dir='ltr'>Virg.</span> <span class='ocrx_word' id='word_1_179' title='bbox 444 2175 574 2208; x_wconf 85' lang='lat' dir='ltr'>AEneid.</span> <span class='ocrx_word' id='word_1_180' title='bbox 593 2176 625 2208; x_wconf 90' lang='lat' dir='ltr'>ii.</span> <span class='ocrx_word' id='word_1_181' title='bbox 643 2178 682 2208; x_wconf 88' lang='lat'>88</span> <span class='ocrx_word' id='word_1_182' title='bbox 698 2190 704 2206; x_wconf 91' lang='lat'><strong>:</strong></span> <span class='ocrx_word' id='word_1_183' title='bbox 731 2178 811 2209; x_wconf 77' lang='lat' dir='ltr'>Dum</span> <span class='ocrx_word' id='word_1_184' title='bbox 832 2186 892 2209; x_wconf 80' lang='lat' dir='ltr'>sm-</span> 
     </span>
     <span class='ocr_line' id='line_1_36' title="bbox 230 2223 569 2264; baseline 0.015 -13"><span class='ocrx_word' id='word_1_185' title='bbox 230 2223 278 2252; x_wconf 80' lang='lat' dir='ltr'>bat</span> <span class='ocrx_word' id='word_1_186' title='bbox 295 2234 386 2264; x_wconf 83' lang='lat' dir='ltr'>regno</span> <span class='ocrx_word' id='word_1_187' title='bbox 402 2225 569 2257; x_wconf 82' lang='lat' dir='ltr'>incolumis.</span> 
     </span>
    </p>

    <p class='ocr_par' dir='ltr' id='par_1_9' title="bbox 229 2272 894 2809">
     <span class='ocr_line' id='line_1_37' title="bbox 272 2272 890 2316; baseline 0.008 -14"><span class='ocrx_word' id='word_1_188' title='bbox 272 2272 346 2303; x_wconf 82' lang='lat'>723.</span> <span class='ocrx_word' id='word_1_189' title='bbox 370 2272 499 2304; x_wconf 79' lang='lat' dir='ltr'>Gemmis</span> <span class='ocrx_word' id='word_1_190' title='bbox 509 2275 727 2316; x_wconf 62' lang='lat' dir='ltr'>stellantibus]</span> <span class='ocrx_word' id='word_1_191' title='bbox 755 2275 890 2307; x_wconf 84' lang='lat' dir='ltr'>Maculae</span> 
     </span>
     <span class='ocr_line' id='line_1_38' title="bbox 229 2321 890 2363; baseline 0.008 -12"><span class='ocrx_word' id='word_1_192' title='bbox 229 2321 261 2351; x_wconf 92' lang='lat' dir='ltr'>in</span> <span class='ocrx_word' id='word_1_193' title='bbox 281 2321 383 2352; x_wconf 89' lang='lat' dir='ltr'>cauda</span> <span class='ocrx_word' id='word_1_194' title='bbox 401 2321 529 2363; x_wconf 87' lang='lat' dir='ltr'>pavonis</span> <span class='ocrx_word' id='word_1_195' title='bbox 552 2323 590 2354; x_wconf 96' lang='lat' dir='ltr'>ob</span> <span class='ocrx_word' id='word_1_196' title='bbox 606 2323 790 2355; x_wconf 84' lang='lat' dir='ltr'>varietatem</span> <span class='ocrx_word' id='word_1_197' title='bbox 807 2325 890 2356; x_wconf 92' lang='lat' dir='ltr'>colo-</span> 
     </span>
     <span class='ocr_line' id='line_1_39' title="bbox 229 2370 890 2413; baseline 0.008 -14"><span class='ocrx_word' id='word_1_198' title='bbox 229 2379 298 2400; x_wconf 86' lang='lat' dir='ltr'>rum</span> <span class='ocrx_word' id='word_1_199' title='bbox 319 2376 350 2400; x_wconf 90' lang='lat' dir='ltr'>et</span> <span class='ocrx_word' id='word_1_200' title='bbox 371 2370 580 2412; x_wconf 82' lang='lat' dir='ltr'>splendorem,</span> <span class='ocrx_word' id='word_1_201' title='bbox 601 2373 760 2413; x_wconf 86' lang='lat' dir='ltr'>eleganter</span> <span class='ocrx_word' id='word_1_202' title='bbox 780 2384 890 2404; x_wconf 89' lang='lat' dir='ltr'>vocan-</span> 
     </span>
     <span class='ocr_line' id='line_1_40' title="bbox 231 2422 890 2461; baseline 0.009 -12"><span class='ocrx_word' id='word_1_203' title='bbox 231 2424 280 2450; x_wconf 80' lang='lat' dir='ltr'>tur</span> <span class='ocrx_word' id='word_1_204' title='bbox 292 2430 412 2461; x_wconf 84' lang='lat' dir='ltr'>gemmae</span> <span class='ocrx_word' id='word_1_205' title='bbox 425 2422 587 2453; x_wconf 74' lang='lat' dir='ltr'>stellantes.</span> <span class='ocrx_word' id='word_1_206' title='bbox 633 2422 730 2459; x_wconf 84' lang='lat' dir='ltr'>Infra,</span> <span class='ocrx_word' id='word_1_207' title='bbox 745 2433 797 2454; x_wconf 81' lang='lat' dir='ltr'>xv.</span> <span class='ocrx_word' id='word_1_208' title='bbox 810 2424 890 2455; x_wconf 86' lang='lat'>385:</span> 
     </span>
     <span class='ocr_line' id='line_1_41' title="bbox 233 2468 892 2511; baseline 0.008 -13"><span class='ocrx_word' id='word_1_209' title='bbox 233 2468 306 2503; x_wconf 78' lang='lat' dir='ltr'>Quae</span> <span class='ocrx_word' id='word_1_210' title='bbox 320 2470 418 2500; x_wconf 72' lang='lat' dir='ltr'>cauda</span> <span class='ocrx_word' id='word_1_211' title='bbox 431 2471 529 2501; x_wconf 82' lang='lat' dir='ltr'>sidera</span> <span class='ocrx_word' id='word_1_212' title='bbox 543 2478 657 2511; x_wconf 80' lang='lat' dir='ltr'>portat.</span> <span class='ocrx_word' id='word_1_213' title='bbox 698 2471 780 2503; x_wconf 89' lang='lat' dir='ltr'>Plin.</span> <span class='ocrx_word' id='word_1_214' title='bbox 796 2472 838 2503; x_wconf 90' lang='lat' dir='ltr'>H.</span> <span class='ocrx_word' id='word_1_215' title='bbox 851 2473 892 2504; x_wconf 90' lang='lat' dir='ltr'>N.</span> 
     </span>
     <span class='ocr_line' id='line_1_42' title="bbox 231 2518 894 2563; baseline 0.006 -15"><span class='ocrx_word' id='word_1_216' title='bbox 231 2529 262 2549; x_wconf 87' lang='lat' dir='ltr'>x.</span> <span class='ocrx_word' id='word_1_217' title='bbox 291 2518 344 2548; x_wconf 85' lang='lat'>20.</span> <span class='ocrx_word' id='word_1_218' title='bbox 371 2518 547 2560; x_wconf 83' lang='lat' dir='ltr'>pavonibus</span> <span class='ocrx_word' id='word_1_219' title='bbox 580 2521 687 2551; x_wconf 85' lang='lat' dir='ltr'>tribuit</span> <span class='ocrx_word' id='word_1_220' title='bbox 712 2528 894 2563; x_wconf 81' lang='lat' dir='ltr'>gemmantes</span> 
     </span>
     <span class='ocr_line' id='line_1_43' title="bbox 229 2568 893 2608; baseline 0.006 -11"><span class='ocrx_word' id='word_1_221' title='bbox 229 2568 349 2603; x_wconf 86' lang='lat' dir='ltr'>colores,</span> <span class='ocrx_word' id='word_1_222' title='bbox 361 2573 392 2598; x_wconf 87' lang='lat' dir='ltr'>et</span> <span class='ocrx_word' id='word_1_223' title='bbox 402 2573 506 2608; x_wconf 81' lang='lat' dir='ltr'>guttas</span> <span class='ocrx_word' id='word_1_224' title='bbox 518 2568 550 2598; x_wconf 92' lang='lat' dir='ltr'>in</span> <span class='ocrx_word' id='word_1_225' title='bbox 565 2568 671 2600; x_wconf 84' lang='lat' dir='ltr'>cauda</span> <span class='ocrx_word' id='word_1_226' title='bbox 682 2576 773 2600; x_wconf 88' lang='lat' dir='ltr'>vocat</span> <span class='ocrx_word' id='word_1_227' title='bbox 786 2572 893 2601; x_wconf 61' lang='lat' dir='ltr'>amalos.</span> 
     </span>
     <span class='ocr_line' id='line_1_44' title="bbox 232 2615 892 2659; baseline 0.006 -13"><span class='ocrx_word' id='word_1_228' title='bbox 232 2615 357 2647; x_wconf 86' lang='lat' dir='ltr'>Phaedr.</span> <span class='ocrx_word' id='word_1_229' title='bbox 372 2617 436 2648; x_wconf 89' lang='lat' dir='ltr'>III.</span> <span class='ocrx_word' id='word_1_230' title='bbox 452 2617 528 2648; x_wconf 86' lang='lat' dir='ltr'>Fab.</span> <span class='ocrx_word' id='word_1_231' title='bbox 545 2617 628 2650; x_wconf 86' lang='lat' dir='ltr'>xviii.</span> <span class='ocrx_word' id='word_1_232' title='bbox 644 2620 662 2649; x_wconf 89' lang='lat'><em>8</em></span> <span class='ocrx_word' id='word_1_233' title='bbox 677 2631 682 2648; x_wconf 94' lang='lat'>:</span> <span class='ocrx_word' id='word_1_234' title='bbox 711 2619 806 2650; x_wconf 77' lang='lat' dir='ltr'>Pictis</span> <span class='ocrx_word' id='word_1_235' title='bbox 822 2621 892 2659; x_wconf 85' lang='lat' dir='ltr'>plu-</span> 
     </span>
     <span class='ocr_line' id='line_1_45' title="bbox 232 2667 892 2710; baseline 0.008 -15"><span class='ocrx_word' id='word_1_236' title='bbox 232 2668 286 2696; x_wconf 84' lang='lat' dir='ltr'>mis</span> <span class='ocrx_word' id='word_1_237' title='bbox 297 2677 426 2707; x_wconf 84' lang='lat' dir='ltr'>gemmea</span> <span class='ocrx_word' id='word_1_238' title='bbox 442 2669 549 2698; x_wconf 78' lang='lat' dir='ltr'>cauda.</span> <span class='ocrx_word' id='word_1_239' title='bbox 593 2667 631 2699; x_wconf 91' lang='lat' dir='ltr'>In</span> <span class='ocrx_word' id='word_1_240' title='bbox 646 2668 780 2710; x_wconf 84' lang='lat' dir='ltr'>Argum.</span> <span class='ocrx_word' id='word_1_241' title='bbox 815 2669 892 2700; x_wconf 90' lang='lat' dir='ltr'>Lac-</span> 
     </span>
     <span class='ocr_line' id='line_1_46' title="bbox 231 2715 893 2758; baseline 0.003 -12"><span class='ocrx_word' id='word_1_242' title='bbox 231 2720 311 2746; x_wconf 84' lang='lat' dir='ltr'>tant.</span> <span class='ocrx_word' id='word_1_243' title='bbox 332 2715 416 2746; x_wconf 86' lang='lat' dir='ltr'>Juno</span> <span class='ocrx_word' id='word_1_244' title='bbox 439 2716 558 2758; x_wconf 86' lang='lat' dir='ltr'>Argum</span> <span class='ocrx_word' id='word_1_245' title='bbox 582 2719 613 2747; x_wconf 83' lang='lat' dir='ltr'>in</span> <span class='ocrx_word' id='word_1_246' title='bbox 636 2718 783 2748; x_wconf 81' lang='lat' dir='ltr'>volucrem</span> <span class='ocrx_word' id='word_1_247' title='bbox 806 2729 893 2758; x_wconf 83' lang='lat' dir='ltr'>pavo-</span> 
     </span>
     <span class='ocr_line' id='line_1_47' title="bbox 234 2765 893 2809; baseline 0.008 -16"><span class='ocrx_word' id='word_1_248' title='bbox 234 2775 298 2794; x_wconf 79' lang='lat' dir='ltr'>nem</span> <span class='ocrx_word' id='word_1_249' title='bbox 311 2765 549 2805; x_wconf 57' lang='lat' dir='ltr'>trarny‘brmavit,</span> <span class='ocrx_word' id='word_1_250' title='bbox 562 2773 590 2796; x_wconf 82' lang='lat' dir='ltr'>et</span> <span class='ocrx_word' id='word_1_251' title='bbox 599 2769 703 2806; x_wconf 83' lang='lat' dir='ltr'>pennis</span> <span class='ocrx_word' id='word_1_252' title='bbox 718 2768 893 2809; x_wconf 78' lang='lat' dir='ltr'>insignibus,</span> 
     </span>
    </p>
   </div>
   <div class='ocr_carea' id='block_1_8' title="bbox 950 1042 1622 2811">
    <p class='ocr_par' dir='ltr' id='par_1_10' title="bbox 954 1042 1617 1132">
     <span class='ocr_line' id='line_1_48' title="bbox 954 1042 1617 1084; baseline -0.003 -10"><span class='ocrx_word' id='word_1_253' title='bbox 954 1045 1058 1084; x_wconf 77' lang='lat' dir='ltr'>quibus</span> <span class='ocrx_word' id='word_1_254' title='bbox 1079 1044 1183 1073; x_wconf 81' lang='lat' dir='ltr'>amissa</span> <span class='ocrx_word' id='word_1_255' title='bbox 1207 1042 1321 1072; x_wconf 76' lang='lat' dir='ltr'>lumina</span> <span class='ocrx_word' id='word_1_256' title='bbox 1347 1043 1508 1078; x_wconf 80' lang='lat' dir='ltr'>indicaret,</span> <span class='ocrx_word' id='word_1_257' title='bbox 1528 1053 1617 1072; x_wconf 83' lang='lat' dir='ltr'>orna-</span> 
     </span>
     <span class='ocr_line' id='line_1_49' title="bbox 956 1090 1525 1132; baseline -0.004 -8"><span class='ocrx_word' id='word_1_258' title='bbox 956 1095 1009 1124; x_wconf 79' lang='lat' dir='ltr'>rit.</span> <span class='ocrx_word' id='word_1_259' title='bbox 1053 1092 1103 1123; x_wconf 87' lang='lat' dir='ltr'>Cf.</span> <span class='ocrx_word' id='word_1_260' title='bbox 1118 1090 1259 1122; x_wconf 75' lang='lat' dir='ltr'>ManiaJ.</span> <span class='ocrx_word' id='word_1_261' title='bbox 1274 1090 1336 1121; x_wconf 83' lang='lat' dir='ltr'>xiv.</span> <span class='ocrx_word' id='word_1_262' title='bbox 1351 1091 1458 1132; x_wconf 86' lang='lat' dir='ltr'>Epigr.</span> <span class='ocrx_word' id='word_1_263' title='bbox 1474 1092 1525 1122; x_wconf 90' lang='lat'>85.</span> 
     </span>
    </p>

    <p class='ocr_par' dir='ltr' id='par_1_11' title="bbox 955 1140 1619 1328">
     <span class='ocr_line' id='line_1_50' title="bbox 999 1140 1616 1181; baseline 0 -9"><span class='ocrx_word' id='word_1_264' title='bbox 999 1141 1178 1172; x_wconf 78' lang='grc'>724-750,</span> <span class='ocrx_word' id='word_1_265' title='bbox 1214 1141 1361 1170; x_wconf 80' lang='lat' dir='ltr'>Protinus</span> <span class='ocrx_word' id='word_1_266' title='bbox 1387 1143 1508 1177; x_wconf 71' lang='lat' dir='ltr'>exarsit,</span> <span class='ocrx_word' id='word_1_267' title='bbox 1536 1140 1616 1181; x_wconf 78' lang='lat' dir='ltr'>etc-J</span> 
     </span>
     <span class='ocr_line' id='line_1_51' title="bbox 956 1189 1618 1233; baseline -0.003 -11"><span class='ocrx_word' id='word_1_268' title='bbox 956 1191 1028 1222; x_wconf 93' lang='lat' dir='ltr'>Duo</span> <span class='ocrx_word' id='word_1_269' title='bbox 1052 1189 1198 1233; x_wconf 87' lang='lat' dir='ltr'>postremi</span> <span class='ocrx_word' id='word_1_270' title='bbox 1225 1189 1338 1220; x_wconf 85' lang='lat' dir='ltr'>fabulae</span> <span class='ocrx_word' id='word_1_271' title='bbox 1360 1194 1460 1225; x_wconf 87' lang='lat' dir='ltr'>actus,</span> <span class='ocrx_word' id='word_1_272' title='bbox 1485 1200 1618 1231; x_wconf 89' lang='lat' dir='ltr'>quorum</span> 
     </span>
     <span class='ocr_line' id='line_1_52' title="bbox 955 1238 1619 1281; baseline -0.002 -10"><span class='ocrx_word' id='word_1_273' title='bbox 955 1240 1034 1271; x_wconf 85' lang='lat' dir='ltr'>alter</span> <span class='ocrx_word' id='word_1_274' title='bbox 1057 1240 1096 1270; x_wconf 89' lang='lat' dir='ltr'>de</span> <span class='ocrx_word' id='word_1_275' title='bbox 1126 1240 1284 1274; x_wconf 77' lang='lat' dir='ltr'>erroribus,</span> <span class='ocrx_word' id='word_1_276' title='bbox 1311 1248 1389 1280; x_wconf 89' lang='lat' dir='ltr'>quos</span> <span class='ocrx_word' id='word_1_277' title='bbox 1417 1238 1539 1281; x_wconf 87' lang='lat' dir='ltr'>copiose</span> <span class='ocrx_word' id='word_1_278' title='bbox 1565 1239 1619 1270; x_wconf 88' lang='lat' dir='ltr'>alii</span> 
     </span>
     <span class='ocr_line' id='line_1_53' title="bbox 955 1287 1424 1328; baseline -0.002 -8"><span class='ocrx_word' id='word_1_279' title='bbox 955 1294 1126 1325; x_wconf 88' lang='lat' dir='ltr'>recensent,</span> <span class='ocrx_word' id='word_1_280' title='bbox 1145 1289 1237 1319; x_wconf 90' lang='lat' dir='ltr'>verbo</span> <span class='ocrx_word' id='word_1_281' title='bbox 1252 1287 1424 1328; x_wconf 84' lang='lat' dir='ltr'>attingitur.</span> 
     </span>
    </p>

    <p class='ocr_par' dir='ltr' id='par_1_12' title="bbox 950 1331 1622 2811">
     <span class='ocr_line' id='line_1_54' title="bbox 999 1331 1618 1378; baseline -0.002 -8"><span class='ocrx_word' id='word_1_282' title='bbox 999 1341 1072 1370; x_wconf 79' lang='lat'>725.</span> <span class='ocrx_word' id='word_1_283' title='bbox 1097 1331 1240 1378; x_wconf 72' lang='lat' dir='ltr'>Erinnyn</span> <span class='ocrx_word' id='word_1_284' title='bbox 1261 1338 1346 1369; x_wconf 91' lang='lat' dir='ltr'>Juno</span> <span class='ocrx_word' id='word_1_285' title='bbox 1360 1337 1501 1368; x_wconf 87' lang='lat' dir='ltr'>immittit</span> <span class='ocrx_word' id='word_1_286' title='bbox 1523 1337 1618 1369; x_wconf 83' lang='lat' dir='ltr'>etiam</span> 
     </span>
     <span class='ocr_line' id='line_1_55' title="bbox 957 1387 1619 1431; baseline 0 -12"><span class='ocrx_word' id='word_1_287' title='bbox 957 1388 1040 1431; x_wconf 90' lang='lat' dir='ltr'>apud</span> <span class='ocrx_word' id='word_1_288' title='bbox 1056 1388 1163 1419; x_wconf 70' lang='lat' dir='ltr'>Valet.</span> <span class='ocrx_word' id='word_1_289' title='bbox 1179 1387 1226 1418; x_wconf 86' lang='lat' dir='ltr'>Fl.</span> <span class='ocrx_word' id='word_1_290' title='bbox 1252 1387 1326 1417; x_wconf 80' lang='lat' dir='ltr'>Cum</span> <span class='ocrx_word' id='word_1_291' title='bbox 1330 1387 1458 1429; x_wconf 79' lang='lat' dir='ltr'>facibus</span> <span class='ocrx_word' id='word_1_292' title='bbox 1476 1389 1619 1429; x_wconf 73' lang='lat' dir='ltr'>spirisque</span> 
     </span>
     <span class='ocr_line' id='line_1_56' title="bbox 955 1436 1620 1476; baseline -0.002 -7"><span class='ocrx_word' id='word_1_293' title='bbox 955 1446 982 1469; x_wconf 81' lang='lat' dir='ltr'>et</span> <span class='ocrx_word' id='word_1_294' title='bbox 1014 1444 1146 1468; x_wconf 76' lang='lat' dir='ltr'>tartareo</span> <span class='ocrx_word' id='word_1_295' title='bbox 1170 1437 1296 1468; x_wconf 68' lang='lat' dir='ltr'>ululata</span> <span class='ocrx_word' id='word_1_296' title='bbox 1323 1436 1500 1476; x_wconf 85' lang='lat' dir='ltr'>Tisiphonen</span> <span class='ocrx_word' id='word_1_297' title='bbox 1527 1439 1620 1469; x_wconf 82' lang='lat' dir='ltr'>videt.</span> 
     </span>
     <span class='ocr_line' id='line_1_57' title="bbox 955 1485 1619 1528; baseline 0 -10"><span class='ocrx_word' id='word_1_298' title='bbox 955 1488 1034 1519; x_wconf 93' lang='lat' dir='ltr'>Tum</span> <span class='ocrx_word' id='word_1_299' title='bbox 1054 1487 1186 1517; x_wconf 84' lang='lat' dir='ltr'>stimulos</span> <span class='ocrx_word' id='word_1_300' title='bbox 1204 1492 1236 1517; x_wconf 91' lang='lat' dir='ltr'>et</span> <span class='ocrx_word' id='word_1_301' title='bbox 1254 1485 1400 1528; x_wconf 81' lang='lat' dir='ltr'>AEschyl.</span> <span class='ocrx_word' id='word_1_302' title='bbox 1414 1486 1488 1518; x_wconf 87' lang='lat'>603.</span> <span class='ocrx_word' id='word_1_303' title='bbox 1503 1497 1619 1518; x_wconf 89' lang='lat' dir='ltr'>memo-</span> 
     </span>
     <span class='ocr_line' id='line_1_58' title="bbox 955 1535 1619 1578; baseline 0.002 -12"><span class='ocrx_word' id='word_1_304' title='bbox 955 1541 1013 1572; x_wconf 83' lang='lat' dir='ltr'>rat,</span> <span class='ocrx_word' id='word_1_305' title='bbox 1027 1535 1171 1578; x_wconf 76' lang='grc' dir='ltr'>κέντροις</span> <span class='ocrx_word' id='word_1_306' title='bbox 1190 1535 1419 1577; x_wconf 78' lang='grc' dir='ltr'>φοιταλέοισιν,</span> <span class='ocrx_word' id='word_1_307' title='bbox 1431 1538 1562 1567; x_wconf 81' lang='lat' dir='ltr'>stimulis</span> <span class='ocrx_word' id='word_1_308' title='bbox 1579 1539 1619 1568; x_wconf 76' lang='lat' dir='ltr'>ad</span> 
     </span>
     <span class='ocr_line' id='line_1_59' title="bbox 955 1585 1619 1617; baseline 0.003 -2"><span class='ocrx_word' id='word_1_309' title='bbox 955 1596 1075 1616; x_wconf 83' lang='lat' dir='ltr'>cursum</span> <span class='ocrx_word' id='word_1_310' title='bbox 1091 1586 1299 1616; x_wconf 66' lang='lat' dir='ltr'>excitantibus.</span> <span class='ocrx_word' id='word_1_311' title='bbox 1324 1585 1375 1615; x_wconf 89' lang='lat' dir='ltr'>Ab</span> <span class='ocrx_word' id='word_1_312' title='bbox 1390 1585 1501 1616; x_wconf 87' lang='lat' dir='ltr'>eodem</span> <span class='ocrx_word' id='word_1_313' title='bbox 1515 1591 1619 1617; x_wconf 88' lang='lat' dir='ltr'>tamen</span> 
     </span>
     <span class='ocr_line' id='line_1_60' title="bbox 957 1634 1618 1676; baseline 0.003 -11"><span class='ocrx_word' id='word_1_314' title='bbox 957 1645 1019 1665; x_wconf 93' lang='lat' dir='ltr'>ver.</span> <span class='ocrx_word' id='word_1_315' title='bbox 1036 1635 1109 1666; x_wconf 80' lang='lat'>568.</span> <span class='ocrx_word' id='word_1_316' title='bbox 1126 1641 1210 1665; x_wconf 78' lang='lat' dir='ltr'>‹rstro</span> <span class='ocrx_word' id='word_1_317' title='bbox 1231 1634 1350 1676; x_wconf 82' lang='lat' dir='ltr'>agitata</span> <span class='ocrx_word' id='word_1_318' title='bbox 1370 1634 1494 1672; x_wconf 87' lang='lat' dir='ltr'>dicitur,</span> <span class='ocrx_word' id='word_1_319' title='bbox 1509 1642 1541 1667; x_wconf 89' lang='lat' dir='ltr'>et</span> <span class='ocrx_word' id='word_1_320' title='bbox 1556 1646 1618 1667; x_wconf 92' lang='lat' dir='ltr'>ver.</span> 
     </span>
     <span class='ocr_line' id='line_1_61' title="bbox 957 1683 1619 1727; baseline 0.003 -12"><span class='ocrx_word' id='word_1_321' title='bbox 957 1685 1032 1715; x_wconf 83' lang='lat'>687.</span> <span class='ocrx_word' id='word_1_322' title='bbox 1061 1690 1097 1715; x_wconf 89' lang='lat' dir='ltr'>ut</span> <span class='ocrx_word' id='word_1_323' title='bbox 1125 1690 1156 1715; x_wconf 90' lang='lat' dir='ltr'>et</span> <span class='ocrx_word' id='word_1_324' title='bbox 1183 1694 1202 1714; x_wconf 88' lang='lat' dir='ltr'>a</span> <span class='ocrx_word' id='word_1_325' title='bbox 1228 1683 1392 1726; x_wconf 87' lang='lat' dir='ltr'>Sophocle,</span> <span class='ocrx_word' id='word_1_326' title='bbox 1416 1684 1619 1727; x_wconf 75' lang='grc' dir='ltr'>οἰστροπλὴξ</span> 
     </span>
     <span class='ocr_line' id='line_1_62' title="bbox 958 1733 1620 1776; baseline 0 -11"><span class='ocrx_word' id='word_1_327' title='bbox 958 1740 1097 1765; x_wconf 88' lang='lat' dir='ltr'>vocatur.</span> <span class='ocrx_word' id='word_1_328' title='bbox 1122 1733 1172 1764; x_wconf 90' lang='lat' dir='ltr'>Sic</span> <span class='ocrx_word' id='word_1_329' title='bbox 1188 1739 1219 1764; x_wconf 91' lang='lat' dir='ltr'>et</span> <span class='ocrx_word' id='word_1_330' title='bbox 1235 1733 1383 1775; x_wconf 87' lang='lat' dir='ltr'>Apollod.</span> <span class='ocrx_word' id='word_1_331' title='bbox 1402 1733 1489 1775; x_wconf 79' lang='lat' dir='ltr'>Virg.</span> <span class='ocrx_word' id='word_1_332' title='bbox 1505 1734 1620 1776; x_wconf 88' lang='lat' dir='ltr'>Georg.</span> 
     </span>
     <span class='ocr_line' id='line_1_63' title="bbox 958 1782 1620 1826; baseline 0.002 -13"><span class='ocrx_word' id='word_1_333' title='bbox 958 1783 1002 1815; x_wconf 89' lang='lat' dir='ltr'>iii.</span> <span class='ocrx_word' id='word_1_334' title='bbox 1027 1784 1098 1814; x_wconf 80' lang='lat'>152.</span> <span class='ocrx_word' id='word_1_335' title='bbox 1111 1790 1142 1814; x_wconf 87' lang='lat' dir='ltr'>et</span> <span class='ocrx_word' id='word_1_336' title='bbox 1163 1782 1227 1813; x_wconf 90' lang='lat' dir='ltr'>alii.</span> <span class='ocrx_word' id='word_1_337' title='bbox 1273 1782 1399 1818; x_wconf 84' lang='lat' dir='ltr'>OEstrus,</span> <span class='ocrx_word' id='word_1_338' title='bbox 1417 1783 1551 1825; x_wconf 81' lang='grc' dir='ltr'>οἶστρος,</span> <span class='ocrx_word' id='word_1_339' title='bbox 1566 1795 1620 1826; x_wconf 89' lang='lat' dir='ltr'>pro</span> 
     </span>
     <span class='ocr_line' id='line_1_64' title="bbox 959 1830 1621 1874; baseline 0.002 -11"><span class='ocrx_word' id='word_1_340' title='bbox 959 1843 1020 1874; x_wconf 90' lang='lat' dir='ltr'>quo</span> <span class='ocrx_word' id='word_1_341' title='bbox 1049 1839 1155 1863; x_wconf 84' lang='lat' dir='ltr'>tamen</span> <span class='ocrx_word' id='word_1_342' title='bbox 1184 1830 1289 1862; x_wconf 87' lang='lat' dir='ltr'>Latini</span> <span class='ocrx_word' id='word_1_343' title='bbox 1316 1831 1493 1863; x_wconf 86' lang='lat' dir='ltr'>maluerunt</span> <span class='ocrx_word' id='word_1_344' title='bbox 1519 1835 1621 1874; x_wconf 76' lang='lat' dir='ltr'>asylus</span> 
     </span>
     <span class='ocr_line' id='line_1_65' title="bbox 959 1880 1620 1923; baseline 0.003 -11"><span class='ocrx_word' id='word_1_345' title='bbox 959 1881 1076 1918; x_wconf 88' lang='lat' dir='ltr'>dicere,</span> <span class='ocrx_word' id='word_1_346' title='bbox 1094 1881 1200 1923; x_wconf 81' lang='lat' dir='ltr'>(Virg.</span> <span class='ocrx_word' id='word_1_347' title='bbox 1219 1880 1251 1911; x_wconf 86' lang='lat' dir='ltr'>d.</span> <span class='ocrx_word' id='word_1_348' title='bbox 1269 1881 1290 1912; x_wconf 92' lang='lat' dir='ltr'>l.</span> <span class='ocrx_word' id='word_1_349' title='bbox 1310 1881 1368 1911; x_wconf 86' lang='lat'>147</span> <span class='ocrx_word' id='word_1_350' title='bbox 1384 1892 1453 1923; x_wconf 87' lang='lat' dir='ltr'>sqq.</span> <span class='ocrx_word' id='word_1_351' title='bbox 1476 1882 1620 1915; x_wconf 83' lang='lat' dir='ltr'>Laetam.</span> 
     </span>
     <span class='ocr_line' id='line_1_66' title="bbox 959 1929 1618 1971; baseline 0.003 -10"><span class='ocrx_word' id='word_1_352' title='bbox 959 1931 999 1962; x_wconf 87' lang='lat' dir='ltr'>ad</span> <span class='ocrx_word' id='word_1_353' title='bbox 1020 1931 1100 1962; x_wconf 86' lang='lat' dir='ltr'>Stat.</span> <span class='ocrx_word' id='word_1_354' title='bbox 1118 1931 1219 1961; x_wconf 86' lang='lat' dir='ltr'>Theb.</span> <span class='ocrx_word' id='word_1_355' title='bbox 1236 1930 1256 1961; x_wconf 88' lang='lat' dir='ltr'>i.</span> <span class='ocrx_word' id='word_1_356' title='bbox 1279 1929 1349 1969; x_wconf 90' lang='grc'><strong>32.)</strong></span> <span class='ocrx_word' id='word_1_357' title='bbox 1370 1941 1468 1971; x_wconf 86' lang='lat' dir='ltr'>genus</span> <span class='ocrx_word' id='word_1_358' title='bbox 1486 1930 1618 1963; x_wconf 61' lang='lat' dir='ltr'>insecto&lt;</span> 
     </span>
     <span class='ocr_line' id='line_1_67' title="bbox 959 1979 1620 2022; baseline 0.005 -12"><span class='ocrx_word' id='word_1_359' title='bbox 959 1991 1026 2011; x_wconf 89' lang='lat' dir='ltr'>rum</span> <span class='ocrx_word' id='word_1_360' title='bbox 1044 1979 1235 2022; x_wconf 89' lang='lat' dir='ltr'>dipterorum</span> <span class='ocrx_word' id='word_1_361' title='bbox 1254 1985 1312 2015; x_wconf 88' lang='lat' dir='ltr'>est,</span> <span class='ocrx_word' id='word_1_362' title='bbox 1325 1980 1427 2021; x_wconf 89' lang='lat' dir='ltr'>vespis</span> <span class='ocrx_word' id='word_1_363' title='bbox 1448 1981 1620 2013; x_wconf 88' lang='lat' dir='ltr'>simillimo-</span> 
     </span>
     <span class='ocr_line' id='line_1_68' title="bbox 960 2029 1619 2072; baseline 0.003 -12"><span class='ocrx_word' id='word_1_364' title='bbox 960 2040 1038 2066; x_wconf 89' lang='lat' dir='ltr'>rum,</span> <span class='ocrx_word' id='word_1_365' title='bbox 1054 2040 1124 2071; x_wconf 86' lang='lat' dir='ltr'>quae</span> <span class='ocrx_word' id='word_1_366' title='bbox 1140 2029 1279 2060; x_wconf 87' lang='lat' dir='ltr'>oriuntur</span> <span class='ocrx_word' id='word_1_367' title='bbox 1293 2039 1330 2059; x_wconf 88' lang='lat' dir='ltr'>ex</span> <span class='ocrx_word' id='word_1_368' title='bbox 1345 2029 1483 2060; x_wconf 80' lang='lat' dir='ltr'>bestiolis</span> <span class='ocrx_word' id='word_1_369' title='bbox 1498 2031 1619 2072; x_wconf 81' lang='lat' dir='ltr'>aquati-</span> 
     </span>
     <span class='ocr_line' id='line_1_69' title="bbox 959 2077 1622 2121; baseline 0.003 -11"><span class='ocrx_word' id='word_1_370' title='bbox 959 2079 1051 2115; x_wconf 86' lang='lat' dir='ltr'>libus,</span> <span class='ocrx_word' id='word_1_371' title='bbox 1067 2077 1188 2109; x_wconf 77' lang='lat' dir='ltr'>Nostris</span> <span class='ocrx_word' id='word_1_372' title='bbox 1204 2077 1356 2109; x_wconf 85' lang='lat' dir='ltr'>Bremsen.</span> <span class='ocrx_word' id='word_1_373' title='bbox 1387 2078 1458 2109; x_wconf 80' lang='lat' dir='ltr'>Jam</span> <span class='ocrx_word' id='word_1_374' title='bbox 1473 2080 1622 2121; x_wconf 87' lang='lat' dir='ltr'>pecudes,</span> 
     </span>
     <span class='ocr_line' id='line_1_70' title="bbox 960 2127 1620 2169; baseline 0.003 -10"><span class='ocrx_word' id='word_1_375' title='bbox 960 2139 1056 2169; x_wconf 88' lang='lat' dir='ltr'>quum</span> <span class='ocrx_word' id='word_1_376' title='bbox 1081 2128 1120 2158; x_wconf 91' lang='lat' dir='ltr'>ab</span> <span class='ocrx_word' id='word_1_377' title='bbox 1144 2127 1182 2158; x_wconf 93' lang='lat' dir='ltr'>iis</span> <span class='ocrx_word' id='word_1_378' title='bbox 1204 2133 1384 2169; x_wconf 86' lang='lat' dir='ltr'>punguntur</span> <span class='ocrx_word' id='word_1_379' title='bbox 1406 2134 1438 2159; x_wconf 88' lang='lat' dir='ltr'>et</span> <span class='ocrx_word' id='word_1_380' title='bbox 1459 2135 1620 2166; x_wconf 84' lang='lat' dir='ltr'>vexantur,</span> 
     </span>
     <span class='ocr_line' id='line_1_71' title="bbox 960 2176 1621 2217; baseline 0.006 -10"><span class='ocrx_word' id='word_1_381' title='bbox 960 2176 1156 2217; x_wconf 85' lang='lat' dir='ltr'>gravissimos</span> <span class='ocrx_word' id='word_1_382' title='bbox 1177 2176 1314 2207; x_wconf 86' lang='lat' dir='ltr'>sentiunt</span> <span class='ocrx_word' id='word_1_383' title='bbox 1335 2176 1467 2213; x_wconf 82' lang='lat' dir='ltr'>dolores,</span> <span class='ocrx_word' id='word_1_384' title='bbox 1489 2177 1567 2210; x_wconf 86' lang='lat' dir='ltr'>adeo</span> <span class='ocrx_word' id='word_1_385' title='bbox 1588 2187 1621 2211; x_wconf 87' lang='lat' dir='ltr'>ut</span> 
     </span>
     <span class='ocr_line' id='line_1_72' title="bbox 950 2224 1621 2270; baseline 0.006 -15"><span class='ocrx_word' id='word_1_386' title='bbox 950 2226 1063 2267; x_wconf 83' lang='lat' dir='ltr'>furere</span> <span class='ocrx_word' id='word_1_387' title='bbox 1081 2225 1243 2267; x_wconf 87' lang='lat' dir='ltr'>incipiant.</span> <span class='ocrx_word' id='word_1_388' title='bbox 1288 2224 1377 2267; x_wconf 81' lang='lat' dir='ltr'>Virg.</span> <span class='ocrx_word' id='word_1_389' title='bbox 1392 2225 1423 2257; x_wconf 89' lang='lat' dir='ltr'>d.</span> <span class='ocrx_word' id='word_1_390' title='bbox 1440 2227 1460 2257; x_wconf 91' lang='lat' dir='ltr'>l.</span> <span class='ocrx_word' id='word_1_391' title='bbox 1478 2227 1538 2258; x_wconf 87' lang='lat'>149</span> <span class='ocrx_word' id='word_1_392' title='bbox 1552 2238 1621 2270; x_wconf 88' lang='lat' dir='ltr'>sqq.</span> 
     </span>
     <span class='ocr_line' id='line_1_73' title="bbox 961 2273 1621 2316; baseline 0.005 -11"><span class='ocrx_word' id='word_1_393' title='bbox 961 2274 1044 2305; x_wconf 87' lang='lat' dir='ltr'>Hinc</span> <span class='ocrx_word' id='word_1_394' title='bbox 1071 2282 1176 2306; x_wconf 79' lang='lat' dir='ltr'>oestrus</span> <span class='ocrx_word' id='word_1_395' title='bbox 1203 2273 1320 2316; x_wconf 88' lang='lat' dir='ltr'>tropice</span> <span class='ocrx_word' id='word_1_396' title='bbox 1345 2274 1459 2306; x_wconf 88' lang='lat' dir='ltr'>dicitur</span> <span class='ocrx_word' id='word_1_397' title='bbox 1482 2287 1552 2308; x_wconf 89' lang='lat' dir='ltr'>mox</span> <span class='ocrx_word' id='word_1_398' title='bbox 1582 2277 1621 2308; x_wconf 91' lang='lat' dir='ltr'>de</span> 
     </span>
     <span class='ocr_line' id='line_1_74' title="bbox 959 2323 1622 2365; baseline 0.005 -11"><span class='ocrx_word' id='word_1_399' title='bbox 959 2334 1147 2365; x_wconf 88' lang='lat' dir='ltr'>quocunque</span> <span class='ocrx_word' id='word_1_400' title='bbox 1179 2323 1315 2360; x_wconf 89' lang='lat' dir='ltr'>stimulo,</span> <span class='ocrx_word' id='word_1_401' title='bbox 1342 2333 1415 2354; x_wconf 80' lang='lat' dir='ltr'>mox</span> <span class='ocrx_word' id='word_1_402' title='bbox 1443 2324 1482 2355; x_wconf 89' lang='lat' dir='ltr'>de</span> <span class='ocrx_word' id='word_1_403' title='bbox 1510 2325 1622 2361; x_wconf 84' lang='lat' dir='ltr'>surore,</span> 
     </span>
     <span class='ocr_line' id='line_1_75' title="bbox 960 2371 1620 2416; baseline 0.003 -13"><span class='ocrx_word' id='word_1_404' title='bbox 960 2378 1015 2403; x_wconf 87' lang='lat' dir='ltr'>aut</span> <span class='ocrx_word' id='word_1_405' title='bbox 1030 2371 1108 2403; x_wconf 88' lang='lat' dir='ltr'>adeo</span> <span class='ocrx_word' id='word_1_406' title='bbox 1133 2372 1171 2403; x_wconf 92' lang='lat' dir='ltr'>de</span> <span class='ocrx_word' id='word_1_407' title='bbox 1186 2372 1297 2408; x_wconf 87' lang='lat' dir='ltr'>Furiis,</span> <span class='ocrx_word' id='word_1_408' title='bbox 1313 2383 1383 2414; x_wconf 84' lang='lat' dir='ltr'>quae</span> <span class='ocrx_word' id='word_1_409' title='bbox 1398 2372 1530 2404; x_wconf 86' lang='lat' dir='ltr'>furorem</span> <span class='ocrx_word' id='word_1_410' title='bbox 1550 2374 1620 2416; x_wconf 87' lang='lat' dir='ltr'>inji-</span> 
     </span>
     <span class='ocr_line' id='line_1_76' title="bbox 960 2421 1621 2454; baseline 0.003 -2"><span class='ocrx_word' id='word_1_411' title='bbox 960 2422 1047 2452; x_wconf 90' lang='lat' dir='ltr'>ciunt</span> <span class='ocrx_word' id='word_1_412' title='bbox 1077 2421 1269 2452; x_wconf 87' lang='lat' dir='ltr'>hominibus:</span> <span class='ocrx_word' id='word_1_413' title='bbox 1309 2421 1372 2452; x_wconf 92' lang='lat' dir='ltr'>vid.</span> <span class='ocrx_word' id='word_1_414' title='bbox 1398 2423 1546 2454; x_wconf 88' lang='lat' dir='ltr'>Munker.</span> <span class='ocrx_word' id='word_1_415' title='bbox 1581 2424 1621 2454; x_wconf 89' lang='lat' dir='ltr'>ad</span> 
     </span>
     <span class='ocr_line' id='line_1_77' title="bbox 961 2470 1620 2512; baseline 0.005 -12"><span class='ocrx_word' id='word_1_416' title='bbox 961 2470 1078 2512; x_wconf 86' lang='lat' dir='ltr'>Hygin.</span> <span class='ocrx_word' id='word_1_417' title='bbox 1094 2470 1156 2501; x_wconf 87' lang='lat' dir='ltr'>fab.</span> <span class='ocrx_word' id='word_1_418' title='bbox 1184 2471 1252 2501; x_wconf 83' lang='lat'>145.</span> <span class='ocrx_word' id='word_1_419' title='bbox 1297 2470 1360 2508; x_wconf 87' lang='lat' dir='ltr'>Qui</span> <span class='ocrx_word' id='word_1_420' title='bbox 1381 2470 1417 2501; x_wconf 91' lang='lat' dir='ltr'>Io</span> <span class='ocrx_word' id='word_1_421' title='bbox 1439 2470 1470 2501; x_wconf 89' lang='lat' dir='ltr'>in</span> <span class='ocrx_word' id='word_1_422' title='bbox 1491 2481 1620 2503; x_wconf 87' lang='lat' dir='ltr'>vaccam</span> 
     </span>
     <span class='ocr_line' id='line_1_78' title="bbox 961 2518 1620 2563; baseline 0.003 -13"><span class='ocrx_word' id='word_1_423' title='bbox 961 2525 1114 2550; x_wconf 85' lang='lat' dir='ltr'>mutatam</span> <span class='ocrx_word' id='word_1_424' title='bbox 1143 2518 1346 2556; x_wconf 89' lang='lat' dir='ltr'>tradiderunt,</span> <span class='ocrx_word' id='word_1_425' title='bbox 1364 2530 1469 2551; x_wconf 89' lang='lat' dir='ltr'>eorum</span> <span class='ocrx_word' id='word_1_426' title='bbox 1496 2520 1620 2563; x_wconf 87' lang='lat' dir='ltr'>plurimi</span> 
     </span>
     <span class='ocr_line' id='line_1_79' title="bbox 961 2568 1622 2613; baseline 0.003 -13"><span class='ocrx_word' id='word_1_427' title='bbox 961 2576 1080 2600; x_wconf 79' lang='lat' dir='ltr'>oestrum</span> <span class='ocrx_word' id='word_1_428' title='bbox 1111 2568 1196 2600; x_wconf 89' lang='lat' dir='ltr'>haud</span> <span class='ocrx_word' id='word_1_429' title='bbox 1220 2568 1314 2600; x_wconf 86' lang='lat' dir='ltr'>dubie</span> <span class='ocrx_word' id='word_1_430' title='bbox 1341 2569 1462 2612; x_wconf 85' lang='lat' dir='ltr'>proprie</span> <span class='ocrx_word' id='word_1_431' title='bbox 1491 2580 1622 2613; x_wconf 81' lang='lat' dir='ltr'>accepe-</span> 
     </span>
     <span class='ocr_line' id='line_1_80' title="bbox 961 2617 1621 2659; baseline 0.005 -11"><span class='ocrx_word' id='word_1_432' title='bbox 961 2624 1046 2649; x_wconf 90' lang='lat' dir='ltr'>runt.</span> <span class='ocrx_word' id='word_1_433' title='bbox 1091 2618 1154 2659; x_wconf 83' lang='lat' dir='ltr'>Ap.</span> <span class='ocrx_word' id='word_1_434' title='bbox 1181 2617 1327 2659; x_wconf 81' lang='lat' dir='ltr'>AEschyl.</span> <span class='ocrx_word' id='word_1_435' title='bbox 1359 2628 1429 2649; x_wconf 81' lang='lat' dir='ltr'>vero</span> <span class='ocrx_word' id='word_1_436' title='bbox 1458 2619 1621 2651; x_wconf 84' lang='lat' dir='ltr'>Schutzius</span> 
     </span>
     <span class='ocr_line' id='line_1_81' title="bbox 960 2666 1620 2702; baseline 0.005 -5"><span class='ocrx_word' id='word_1_437' title='bbox 960 2672 1078 2702; x_wconf 85' lang='lat' dir='ltr'>monet,</span> <span class='ocrx_word' id='word_1_438' title='bbox 1107 2666 1231 2697; x_wconf 92' lang='lat' dir='ltr'>omnino</span> <span class='ocrx_word' id='word_1_439' title='bbox 1258 2667 1545 2700; x_wconf 83' lang='lat' dir='ltr'>terriculamentum</span> <span class='ocrx_word' id='word_1_440' title='bbox 1573 2669 1620 2700; x_wconf 89' lang='lat' dir='ltr'>in-</span> 
     </span>
     <span class='ocr_line' id='line_1_82' title="bbox 961 2717 1619 2761; baseline 0.005 -14"><span class='ocrx_word' id='word_1_441' title='bbox 961 2717 1164 2759; x_wconf 84' lang='lat' dir='ltr'>telligendum</span> <span class='ocrx_word' id='word_1_442' title='bbox 1184 2728 1264 2755; x_wconf 83' lang='lat' dir='ltr'>esse,</span> <span class='ocrx_word' id='word_1_443' title='bbox 1280 2718 1356 2750; x_wconf 87' lang='lat' dir='ltr'>sorte</span> <span class='ocrx_word' id='word_1_444' title='bbox 1373 2719 1514 2750; x_wconf 85' lang='lat' dir='ltr'>umbram</span> <span class='ocrx_word' id='word_1_445' title='bbox 1531 2719 1619 2761; x_wconf 83' lang='lat' dir='ltr'>Argi.</span> 
     </span>
     <span class='ocr_line' id='line_1_83' title="bbox 961 2767 1618 2811; baseline 0.005 -14"><span class='ocrx_word' id='word_1_446' title='bbox 961 2777 1031 2807; x_wconf 83' lang='lat' dir='ltr'>quae</span> <span class='ocrx_word' id='word_1_447' title='bbox 1047 2777 1108 2798; x_wconf 89' lang='lat' dir='ltr'>non</span> <span class='ocrx_word' id='word_1_448' title='bbox 1128 2767 1237 2804; x_wconf 87' lang='lat' dir='ltr'>oculis,</span> <span class='ocrx_word' id='word_1_449' title='bbox 1253 2768 1309 2799; x_wconf 89' lang='lat' dir='ltr'>sed</span> <span class='ocrx_word' id='word_1_450' title='bbox 1324 2768 1421 2799; x_wconf 88' lang='lat' dir='ltr'>menti</span> <span class='ocrx_word' id='word_1_451' title='bbox 1437 2767 1490 2799; x_wconf 68' lang='lat' dir='ltr'>Ius</span> <span class='ocrx_word' id='word_1_452' title='bbox 1503 2779 1558 2811; x_wconf 85' lang='lat' dir='ltr'>per</span> <span class='ocrx_word' id='word_1_453' title='bbox 1571 2769 1618 2800; x_wconf 87' lang='lat' dir='ltr'>in-</span> 
     </span>
    </p>
   </div>
  </div>
 </body>
</html>
