1729 3207
411 208 1032 251 METAMORPHOSEON
1066 208 1186 249 LIB.
1222 208 1259 248 Ι.

1440 211 1520 250 131

141 323 188 370 N
194 326 294 371 a'1'as
319 341 417 372 una
439 325 545 372 fuit.
608 325 654 372 N
658 325 857 388 ymphae
886 324 1102 387 Syringa
1125 324 1383 370 vocabant.

141 400 256 448 Non
280 402 434 449 semel
460 409 511 449 et
538 401 743 465 Satyros
769 401 986 448 eluserat
1009 400 1093 446 illa
1117 407 1402 463 sequentes,

140 476 206 524 Et
230 493 573 541 quoscumque
600 477 734 525 Deos
757 478 1051 524 umbrosave
1076 476 1212 531 silva,
1240 476 1439 523 feraxve

140 553 247 601 Rus
272 555 438 602 habet.
503 554 765 618 Ortygiam
791 554 986 609 studiis,
1014 553 1224 616 ipsaque
1249 553 1445 600 colebat

137 630 434 694 Virginitate
455 632 615 680 Deam
634 649 643 680 :
672 632 769 678 ritu
791 647 992 695 quoque
1011 631 1182 680 ,cineta
1204 630 1377 677 Dianae
1426 632 1520 676 695

139 707 369 765 Falleret‚
397 716 447 756 et
470 709 605 756 credi
630 717 802 773 posset
828 708 1050 763 Latonia,
1079 707 1119 754 si
1145 723 1243 754 non

140 784 364 834 Corneus
389 787 505 833 huic
531 802 690 842 arcus,
715 786 756 832 si
780 802 880 832 non
904 785 1030 832 foret
1054 800 1233 831 aureus
1259 782 1330 829 illi
1354 799 1364 830 :

141 861 225 910 Sic
251 879 454 927 quoque
478 863 712 911 fallebat:
754 864 1045 911 redeuntem
1071 862 1197 908 colle
1224 860 1390 924 Lyceo

139 938 248 986 Pan
270 940 405 987 videt
427 941 572 996 hanc,
596 941 816 1004 pinuque
838 947 989 1003 eaput
1013 938 1311 1002 praecinctus
1337 944 1498 991 acuta,

139 1015 279 1064 Talia
295 1018 447 1065 verba
464 1017 662 1065 refert.’'

137 1183 232 1215 Orac.
248 1183 311 1214 def.
332 1195 363 1225 p.
379 1184 451 1214 415.
499 1184 700 1220 Nonacrinas,
727 1195 795 1225 quae

138 1231 170 1262 in
183 1232 361 1263 Nonacrino
375 1238 478 1263 monte
494 1239 667 1264 versantur.
692 1233 796 1263 Nona-

138 1282 208 1317 cris,
231 1281 380 1323 oppidum
402 1287 433 1312 et
455 1292 543 1312 mons
559 1282 718 1318 Arcadiae,
736 1294 797 1314 non

137 1330 245 1372 procul
270 1341 289 1361 a
310 1331 439 1363 Ladone
460 1331 570 1362 fluvio:
597 1331 679 1363 Plin.
696 1333 737 1363 H.
754 1333 796 1364 N.

137 1379 169 1411 ii.
189 1381 260 1411 103.

181 1431 255 1462 691.
266 1430 426 1472 Syringa]
441 1431 482 1462 Et
494 1431 607 1472 Syrius:
618 1437 649 1462 et
665 1432 797 1473 Syringa

138 1479 170 1510 in
197 1491 275 1511 usu:
307 1479 379 1510 vide
407 1481 555 1512 Munker.
584 1480 624 1511 ad
653 1481 797 1513 Lactant-

139 1529 271 1570 Angum.
286 1528 318 1560 h.
333 1529 396 1559 fab.

181 1579 255 1609 692.
285 1578 454 1619 Eluserat]
483 1578 615 1609 Eludere
641 1577 799 1619 eleganter

138 1626 296 1662 dicuntur,
314 1628 367 1668 qui
389 1637 481 1658 cursu
502 1627 595 1658 celeri
616 1633 647 1658 et
666 1637 720 1668 per
745 1637 799 1657 an·

137 1675 254 1706 fractus
267 1675 434 1707 elabuntur
448 1689 454 1706 :
475 1676 622 1707 viii.687.
636 1675 762 1707 Phaedr.
772 1677 799 1707 I.

138 1724 204 1756 fab.
219 1724 276 1756 xii.
289 1726 329 1756 9:
354 1737 446 1756 curm
462 1727 519 1756 levi
537 1726 631 1756 Canes
646 1727 745 1756 elusit.

182 1776 258 1806 694.
277 1775 463 1816 Ortygiam]
490 1775 638 1811 Dianam,
655 1785 736 1816 quae,
749 1785 798 1805 se-

136 1823 278 1854 cundum
294 1824 424 1854 Homer.
439 1825 471 1855 h.
486 1825 596 1866 Apoll.
614 1824 677 1855 xvi.
697 1824 729 1855 in
750 1824 798 1855 in·

139 1873 208 1906 sula
231 1873 364 1915 Ortygia
385 1880 460 1905 nata
480 1874 673 1910 credebatur,
689 1884 796 1915 quem—

140 1922 309 1953 admodum
324 1923 439 1965 Apollo
459 1924 493 1954 in
512 1924 608 1954 Delo.
645 1923 710 1954 Alii
726 1934 797 1954 vero

139 1973 260 2008 volunt,
291 1972 422 2008 Delum,
452 1972 485 2003 in
520 1983 584 2014 qua
610 1973 732 2004 Latona
768 1978 800 2003 et

142 2022 279 2052 Dianam
304 2027 335 2053 et
356 2022 537 2063 Apollinem
561 2022 653 2053 enixa
672 2022 721 2059 sit,
738 2022 799 2053 alio

142 2071 265 2102 nomine
289 2071 454 2112 Ortygiam
477 2082 543 2103 esse
566 2071 702 2102 dictam:
728 2071 799 2102 vide

139 2120 310 2161 Spanhem.
327 2120 367 2151 ad
387 2120 513 2152 Gallim.
530 2121 560 2152 h.
578 2121 684 2164 Apoll.
699 2122 751 2152 59.
769 2128 800 2153 et

143 2169 215 2200 Del.
230 2171 305 2201 255.
349 2170 475 2206 Studiis,
492 2171 674 2208 venatione3
699 2172 800 2201 studia

142 2217 226 2248 enim
241 2218 312 2249 vitae
328 2229 437 2260 genus,
453 2219 537 2261 quod
556 2219 626 2261 quis
641 2219 700 2250 sibi
715 2219 799 2250 dele-

142 2266 198 2308 git,
214 2278 276 2309 quo
289 2267 438 2298 trahitur:
463 2269 543 2300 cf.v.
555 2270 631 2299 267.
668 2269 799 2305 Colebat,

142 2315 332 2353 imitabatur,
345 2316 377 2346 in
389 2327 450 2358 quo
464 2328 562 2358 genus
576 2318 690 2348 cultus.
717 2317 799 2358 Ipsa—

144 2376 209 2405 que,
225 2371 320 2407 atque
335 2366 412 2397 adeo
426 2379 432 2396 :
457 2377 552 2409 supra
562 2377 625 2398 ver.
641 2367 704 2397 476
719 2379 726 2396 :
746 2367 799 2398 In-

143 2422 244 2454 nuptae
258 2416 364 2446 :emula
381 2415 510 2448 Phaebes.

188 2464 262 2496 695.
295 2464 556 2506 Ritu—Diam]
592 2466 692 2507 Supra
718 2476 800 2507 genu

142 2512 248 2544 cincta
271 2521 357 2544 erat:
381 2513 453 2545 vide
476 2514 593 2557 Spanh.
613 2514 654 2545 ad
674 2514 801 2546 Callim.

145 2561 180 2592 h.
197 2561 293 2592 Dian.
306 2562 348 2593 xi.
363 2563 438 2594 212.

186 2611 263 2643 696.
287 2611 450 2652 Palleban]
478 2612 517 2642 In
531 2622 566 2643 eo
587 2613 718 2644 multum
735 2613 802 2643 lau-

147 2658 195 2690 dis
209 2671 217 2689 z
233 2671 265 2690 v.
282 2660 321 2691 ad
337 2660 383 2691 iii.
403 2662 472 2692 182.
517 2662 658 2693 Latonia.
682 2661 801 2697 Diana,

148 2708 275 2739 Latonae
293 2708 368 2740 filia.

190 2757 264 2788 697.
288 2758 433 2798 Aureus]
469 2758 580 2789 Dianae
605 2764 693 2789 erant
718 2770 803 2800 παγ-

717 1017 965 1065 Restabat
988 1016 1139 1063 verba
1164 1015 1371 1071 referre3
1427 1016 1523 1060 700

865 1182 990 1224 χρύσεα
1028 1183 1130 1218 τόξαε
1169 1183 1298 1212 Homer.
1336 1181 1366 1212 h.
1407 1182 1456 1210 ll.
1494 1180 1526 1211 in

865 1233 961 1263 Dian.
990 1235 1035 1270 55
1074 1230 1189 1273 virgil.
1216 1231 1345 1262 AEneid.
1373 1230 1416 1261 xi.
1448 1230 1524 1260 652.

864 1284 985 1323 Magna
1010 1288 1114 1313 autem
1137 1281 1169 1311 in
1191 1280 1239 1311 his
1264 1280 1421 1322 Nymphae
1442 1290 1526 1310 com-

865 1331 1034 1362 mendatio.
1070 1330 1237 1361 Claudian.
1253 1331 1307 1361 35.
1324 1330 1376 1360 39.
1396 1328 1434 1359 de
1451 1329 1527 1359 Pro-

864 1381 1006 1423 serpina:
1033 1381 1140 1410 Potuit
1163 1381 1259 1410 rideri
1277 1380 1395 1415 Pallas,
1418 1381 1442 1409 si
1463 1379 1527 1419 cly-

862 1442 961 1470 peum,
977 1429 1109 1471 siferret
1124 1430 1250 1469 spicula.

910 1480 983 1510 699.
1005 1480 1084 1514 Ραη,
1101 1478 1258 1509 Arcadius
1274 1478 1372 1512 Deus,
1393 1478 1527 1518 Lyceum

866 1529 898 1559 in
913 1528 1018 1571 primis
1032 1535 1063 1559 et
1078 1528 1265 1563 Maenalum,
1279 1526 1423 1557 Arcadiae
1439 1538 1527 1557 mon-

865 1585 924 1614 teS,
955 1578 1092 1608 incolere
1129 1577 1333 1607 credebatur:
1371 1576 1528 1608 Theocrit.

866 1628 915 1659 Id.
944 1628 966 1659 i.
1001 1629 1082 1665 123;
1122 1626 1236 1667 virgil.
1269 1627 1386 1666 Georg.
1414 1625 1434 1656 i.
1467 1627 1528 1665 163

867 1678 976 1707 Horat.
993 1676 1051 1707 IV.
1066 1676 1130 1706 Od.
1147 1675 1200 1705 xii.
1242 1674 1292 1705 Ibi
1312 1674 1449 1705 habebat
1472 1685 1527 1705 an-

864 1733 921 1762 tra,
939 1725 971 1756 in
998 1725 1111 1767 quibus
1133 1735 1150 1755 a
1174 1724 1340 1755 venatione
1361 1724 1460 1755 fessus
1480 1735 1528 1755 re-

865 1776 980 1806 cubare
1005 1775 1145 1805 solebat:
1172 1773 1298 1804 Callim.
1319 1773 1350 1803 h.
1374 1772 1469 1803 Dian.
1487 1774 1527 1804 87

863 1835 933 1866 sqq.
964 1825 1058 1854 Sacra
1087 1824 1115 1854 ei
1142 1829 1208 1853 erat
1230 1824 1332 1862 pinus,
1357 1822 1464 1858 πίτυς,
1487 1822 1528 1853 si-

863 1874 969 1905 milem
998 1875 1036 1905 ob
1065 1883 1203 1907 causam,
1232 1873 1271 1903 ob
1299 1882 1393 1913 quam
1422 1871 1529 1903 laurus

864 1923 1014 1965 Apollini.
1066 1923 1154 1965 Pitys
1184 1922 1267 1953 enirn
1296 1928 1327 1952 et
1355 1922 1424 1963 ipsa
1452 1921 1527 1952 olim

866 1973 972 2015 puella
996 1973 1109 2008 fuerat,
1134 1982 1229 2012 quam
1255 1977 1414 2001 amaverat
1438 1971 1524 2002 Pan:

867 2022 930 2053 vid.
945 2022 1105 2054 Brouckh.
1120 2021 1160 2052 ad
1176 2022 1316 2062 Propert.
1330 2020 1357 2051 I.
1373 2020 1458 2051 xviii.
1474 2022 1527 2051 20.

867 2073 979 2114 Itaque
995 2078 1090 2113 caput
1102 2070 1290 2113 praecingere
1306 2070 1426 2100 solebat
1439 2072 1528 2108 pinu,

867 2122 898 2152 h.
916 2132 943 2152 e.
967 2121 1128 2151 frondibus
1154 2119 1265 2161 pineis,
1289 2129 1402 2149 corona
1425 2118 1528 2160 pinea,

868 2171 951 2213 quod
974 2177 1005 2202 et
1029 2170 1129 2201 Fauni
1154 2169 1258 2200 facere
1280 2169 1438 2199 solebant:
1463 2169 1527 2199 He-

867 2220 946 2251 roid.
968 2232 999 2251 v.
1027 2221 1099 2251 137.
1138 2220 1277 2250 Vocatur
1302 2225 1405 2254 acuta,
1433 2217 1527 2249 etiam

868 2270 908 2301 A.
923 2271 966 2301 A.
984 2269 1016 2300 ii.
1031 2270 1103 2300 424.
1128 2279 1146 2299 a
1167 2269 1276 2299 forma.
1320 2268 1371 2298 Ita
1393 2274 1424 2298 et
1447 2267 1529 2298 infra

868 2331 1020 2360 cupressus
1049 2325 1150 2349 acuta.
1206 2318 1263 2348 Est
1300 2323 1405 2347 autem
1438 2319 1529 2356 pinus

869 2372 950 2409 (qua
984 2368 1049 2409 ipse
1079 2367 1196 2407 Lyceus
1232 2366 1425 2402 abundabat,
1463 2376 1527 2398 ver.

868 2417 948 2455 217)
965 2416 997 2446 h.
1011 2416 1033 2446 1.
1051 2415 1212 2446 silvestris.
1254 2415 1449 2450 Praecinctus‚
1467 2414 1528 2446 xiv.

869 2467 931 2497 638
944 2478 951 2495 ε
979 2465 1076 2495 Panes
1088 2476 1200 2495 cornua
1211 2465 1366 2503 praecincti
1381 2465 1468 2502 pinu.

912 2516 984 2546 700.
1016 2514 1151 2555 Refert]
1188 2514 1263 2544 Post
1298 2513 1391 2554 refert
1425 2512 1529 2554 inepte

868 2563 942 2595 olim
969 2564 1037 2594 haec
1067 2564 1163 2593 verba
1191 2562 1306 2592 inserta
1331 2562 1527 2602 legebantur,

872 2613 937 2644 Tibi
972 2614 1082 2644 nubere
1114 2612 1253 2652 Nympha
1290 2612 1414 2641 volentis
1452 2611 1531 2641 Votis

871 2664 939 2692 cede
968 2662 1039 2692 Dei.
1100 2662 1243 2691 Restabat
1279 2661 1377 2690 verba.
1423 2660 1529 2695 Quum

871 2710 1048 2741 Mercurius
1078 2709 1220 2745 dixisset,
1250 2709 1335 2739 Talia
1366 2709 1453 2739 verba
1481 2719 1528 2738 re-

870 2759 944 2797 fert,
968 2759 1033 2800 jam
1059 2758 1289 2789 succubuerant
1317 2767 1424 2788 somno
1448 2756 1530 2787 oculi
