1763 3181
408 179 1026 222 METAMORPHOSEON
1056 180 1174 221 LIB.
1208 180 1271 221 ΙΙ.
1443 180 1524 221 181

151 295 400 359 Cynthia:
440 296 604 358 deque
630 311 719 342 suo
738 295 890 358 jussit
915 295 1148 343 secedere
1173 301 1322 342 coetu,
1426 297 1523 342 465

215 372 449 421 Senserat
472 374 565 420 hoc
591 373 707 420 olim
731 373 897 435 magni
922 380 1146 419 matrona
1169 370 1424 426 Tonantis,

146 449 520 513 Distuleratque
544 466 716 512 graves
741 450 790 496 in
815 450 994 497 idonea
1021 457 1245 513 tempora
1267 464 1456 512 poenas.

147 525 314 574 Causa
328 543 476 574 morae
493 528 627 574 nulla
642 534 744 574 est:
774 534 825 575 et
837 529 942 590 Jam
961 543 1082 591 puer
1100 527 1273 582 Arcas,
1294 525 1343 572 id
1363 525 1526 589 ipsum

146 601 365 650 Indoluit
387 603 417 650 J
423 620 538 660 uno,
566 603 725 651 fuerat
749 604 810 650 de
837 604 1014 666 pellice
1040 610 1202 650 natus.
1428 603 1524 648 469

146 677 257 733 Quo
278 680 422 727 simul
447 681 659 728 obvertit
682 696 862 727 saevam
887 697 1000 727 cum
1024 679 1208 726 lumine
1228 684 1477 734 mente1n3

147 760 178 779 “
207 755 410 804 Scilicet
432 757 525 804 hoc
550 773 703 803 unum
728 758 962 812 restabat,
991 756 1232 811 adultera,
1260 755 1402 810 dixit,

149 831 220 878 Ut
242 832 473 880 foecunda
497 833 653 890 fores3
694 833 934 897 fieretque
959 833 1138 896 injuria
1160 840 1304 897 partu

146 907 295 965 Nota,
321 908 352 955 J
356 909 561 972 ovisque
585 909 682 956 mei
703 916 939 957 testatum
965 910 1185 958 dedecus
1211 916 1360 956 esset.

146 984 295 1033 Haud
319 986 523 1050 impune
547 987 702 1035 feres:
732 988 946 1035 adimam
970 987 1060 1034 tibi
1086 1003 1264 1050 nempe
1288 986 1524 1047 figuram3

148 1061 260 1116 Qua
277 1063 384 1119 tibi,
403 1080 603 1127 quaque
624 1066 792 1129 places
813 1072 980 1113 nostro
1000 1065 1283 1128 importuna
1302 1062 1529 1110 marito.’'

148 1138 316 1187 Dixit:
357 1146 421 1196 et,
449 1141 654 1188 adversa
677 1141 870 1206 prensis
897 1159 925 1189 a
943 1141 1103 1189 fronte
1127 1141 1335 1204 capillis,
1430 1142 1527 1186 476

150 1215 332 1263 Stravit
355 1217 491 1264 humi
516 1233 748 1281 pronam:
788 1220 1028 1266 tendebat
1051 1219 1256 1266 brachia
1280 1217 1523 1281 supplex3

148 1291 362 1341 Brachia
386 1303 643 1359 coeperunt
667 1296 817 1359 nigris
843 1298 1125 1345 horrescere
1152 1296 1295 1351 villis,

148 1368 455 1434 Curvarique
480 1389 673 1428 manus,
694 1381 745 1421 et
768 1375 987 1422 aduncos
1007 1390 1230 1422 crescere
1250 1373 1299 1420 in
1320 1388 1528 1434 ungueS,

149 1447 427 1512 Officioque
451 1450 635 1512 pedum
659 1449 823 1513 fungi3
862 1453 1163 1514 laudataque
1189 1451 1441 1514 quondam

149 1523 252 1571 Ora
274 1524 304 1571 J
309 1525 401 1581 ovi,
427 1526 526 1574 lato
549 1526 654 1574 fieri
679 1528 917 1577 deformia
941 1530 1082 1577 rictu,

1433 1530 1525 1574 481

148 1601 287 1650 Neve
311 1619 484 1667 preces
510 1604 715 1663 animos,
743 1614 793 1655 et
815 1608 966 1655 verba
990 1606 1212 1671 potentia
1235 1605 1454 1660 flectant,

190 1745 262 1776 466.
287 1746 423 1777 Senserat
439 1748 490 1778 hoc
501 1749 581 1784 olim,
599 1749 676 1789 etc.]
693 1749 804 1790 Sequi-

146 1799 196 1825 tur
221 1795 350 1826 mutatio
373 1796 452 1838 ipsa,
469 1808 563 1838 quam
589 1798 654 1834 alii,
669 1804 704 1829 ut
726 1799 804 1828 Am-

145 1843 214 1886 phis
237 1849 268 1874 et
292 1844 412 1876 Theon.
435 1846 467 1876 in
488 1846 576 1877 Arat.
604 1847 729 1883 Dianae‚
752 1847 806 1878 alii

145 1893 229 1930 Jovi‚
247 1899 282 1925 ut
295 1894 448 1926 Junonem
466 1895 598 1932 falleret,
615 1896 805 1927 tribuebant.

146 1943 185 1974 In
206 1942 357 1985 principio
381 1950 475 1986 poeta
496 1946 543 1976 sui
568 1952 615 1976 est
635 1946 805 1983 dissimilis,

145 1992 304 2034 nimiaque
331 1994 483 2025 brevitate
510 1995 604 2036 paulo
626 1995 782 2026 obscurior
796 2008 803 2034 ς

145 2049 177 2074 et
198 2054 238 2074 ne
261 2043 318 2075 hoc
335 2044 461 2086 quidem
476 2052 635 2082 memorat,
652 2046 804 2087 quomodo

146 2093 166 2124 J
169 2103 229 2123 uno
243 2092 276 2123 in
288 2099 402 2124 terram
418 2093 622 2125 descenderit.
649 2095 804 2132 Matrona,

148 2142 260 2184 conjux
277 2148 311 2172 ut
325 2142 368 2173 vi.
384 2144 445 2174 581
459 2155 465 2173 ι
482 2145 564 2174 altus
582 2144 699 2175 Tonans
710 2144 804 2176 etiam

145 2191 166 2222 i.
184 2192 255 2222 170.
273 2193 353 2223 olim.
389 2192 485 2234 Apud
500 2193 636 2224 Pausan.
649 2194 734 2225 illico
750 2194 804 2225 de-

145 2239 330 2281 prehensam
359 2246 469 2272 mutat.
518 2243 650 2279 Arcada,
681 2251 805 2274 auctore

147 2289 297 2326 Hesiodo,
308 2289 374 2331 jam
394 2301 467 2321 ursa
483 2291 568 2322 facta
585 2292 715 2334 peperit.
754 2292 806 2323 Ab

146 2348 182 2370 eo
196 2339 341 2370 Arcadiae
357 2350 471 2371 nomen
484 2340 618 2372 inditum
633 2352 700 2373 esse
716 2342 806 2372 multi

147 2389 298 2419 Veterum
312 2389 475 2430 putabant.

191 2437 264 2469 470.
282 2437 403 2468 Obverti
415 2437 510 2469 etiam
522 2438 723 2470 Heroid.xix.
738 2440 807 2471 191.

146 2485 269 2527 legitur.
296 2487 603 2521 Quosz'mulobvertit.
624 2489 807 2530 Postquam,

148 2534 260 2576 inquit,
276 2536 428 2567 convertit
449 2542 481 2567 et
495 2537 601 2568 oculos
617 2544 649 2569 et
671 2539 808 2568 animum

148 2583 181 2614 in
203 2584 371 2622 Arcadem,
392 2596 409 2616 e
434 2585 591 2618 Calistone
614 2593 734 2624 natum,
755 2598 809 2618 ex-

151 2633 337 2667 candescere
359 2635 467 2676 coepit.
492 2636 567 2672 Quo,
583 2636 614 2666 in
637 2647 729 2677 quem
752 2648 808 2677 pu-

153 2692 251 2713 erum.
278 2683 401 2719 Saevam,
418 2684 544 2715 ultionis
559 2685 719 2726 cupidam.
750 2686 813 2716 Sci-

154 2731 233 2768 licet,
245 2743 303 2763 vox
317 2732 520 2774 indignantis.
559 2734 692 2774 lozjuria,
705 2745 815 2776 nempe

198 2781 297 2813 VOL.
312 2782 377 2812 ΙΙΙ.

873 1750 949 1781 mihi
978 1749 1079 1780 illata.
1138 1749 1272 1778 Dedecus
1300 1747 1338 1778 de
1367 1745 1530 1782 adulterio,

873 1800 967 1831 etiam
981 1798 1022 1829 ix.
1034 1800 1086 1829 26.
1103 1798 1228 1828 Similes
1242 1795 1375 1827 Junonis
1387 1796 1532 1837 querelae,

872 1848 916 1879 iii.
933 1849 995 1879 266
1011 1858 1082 1888 sqq.

916 1898 990 1928 474.
1016 1896 1152 1936 Nempe]
1178 1895 1250 1925 Non
1263 1894 1363 1925 solum
1379 1893 1533 1924 affirman-

873 1948 912 1979 tis
938 1953 985 1978 est
1012 1945 1148 1985 (cert0‚)
1173 1945 1227 1975 sed
1256 1945 1314 1975 hoc
1344 1944 1412 1974 loco
1438 1942 1533 1973 etiam

873 1997 964 2027 simul
993 1994 1142 2026 minantis
1170 2000 1202 2025 et
1230 1992 1464 2024 stomachantis.
1490 1993 1532 2022 B.

870 2045 1010 2075 Multum
1044 2043 1138 2084 igitur
1172 2048 1299 2085 praestat
1326 2042 1373 2083 τῷ
1399 2052 1533 2081 namque,

871 2094 955 2135 quod
971 2092 1025 2123 alii
1040 2092 1169 2122 habent.

914 2144 988 2173 477.
1007 2143 1155 2172 Tendebat
1172 2140 1321 2180 brachia]
1348 2140 1425 2170 Haec
1439 2140 1535 2170 verba

872 2192 985 2234 saepius
1006 2191 1129 2234 repetit,
1151 2190 1244 2221 etiam
1267 2200 1330 2220 ver.
1346 2191 1428 2227 5803
1453 2200 1534 2220 nune

874 2241 986 2272 melius
999 2240 1165 2275 omisisset,
1184 2250 1281 2280 quum
1295 2239 1454 2280 praecedat
1466 2250 1533 2278 pro-

874 2303 943 2321 nam
958 2293 1076 2321 stravit.
1121 2289 1171 2319 Ita
1186 2289 1283 2318 lector
1299 2298 1368 2318 eam
1385 2287 1536 2328 cogitaret

874 2351 891 2371 e
916 2340 1006 2382 lapsu
1029 2349 1169 2381 pronam,
1196 2348 1299 2380 pronae
1327 2337 1431 2367 statim
1458 2347 1535 2367 ursae

875 2390 1003 2420 formam
1021 2387 1190 2430 accepisse.

918 2439 991 2468 480.
1016 2437 1159 2467 Lamiam
1174 2436 1270 2476 Jovi‚]
1310 2435 1388 2472 Quae
1405 2434 1538 2476 pulchra

878 2486 942 2518 visa
956 2492 1044 2517 erant
1058 2486 1077 2517 J
1081 2485 1148 2516 ovi:
1174 2484 1245 2515 vide
1265 2485 1480 2515 Bur-mannum
1496 2484 1536 2514 ad

880 2535 1003 2565 Phaedr.
1019 2535 1046 2565 I.
1060 2533 1114 2564 xii.
1131 2535 1158 2565 1.

921 2585 994 2614 482.
1025 2584 1156 2618 Animos,
1181 2583 1258 2612 iram
1285 2580 1430 2612 Junonis.
1478 2581 1536 2611 Po-

878 2635 984 2669 tentia,
1006 2632 1156 2667 efficacia,
1177 2630 1309 2661 multum
1332 2630 1480 2665 valentia,
1505 2637 1539 2661 ut

879 2689 1010 2724 potentes
1026 2683 1128 2717 herbar,
1141 2681 1179 2711 de
1190 2680 1302 2721 quibus
1314 2689 1417 2720 supra.
1452 2680 1539 2709 Posse

885 2734 974 2773 loqui,
985 2731 1117 2762 facultas
1126 2731 1178 2767 (τὸ
1188 2728 1363 2767 δύνασθαι)
1374 2727 1536 2769 loquendi:

1012 2781 1041 2810 R
