1729 3207
195 206 279 248 xlvi
716 199 1054 242 PRAEFATIO

195 321 342 367 vicem,
364 332 489 372 quam
517 317 570 356 ab
600 315 834 356 Ovidianis.
889 314 1011 355 Alius
1045 313 1158 355 color
1190 313 1239 353 iis
1270 321 1349 363 est,
1379 329 1489 368 quae,
1521 314 1576 354 iii.

198 398 397 445 582-691,
420 395 618 444 Acoetes3
640 393 761 442 alius,
783 408 893 447 quae,
916 408 953 433 v.
977 392 1177 442 577-64·l‚
1201 390 1421 433 Arethusa
1440 392 1493 432 de
1511 406 1578 441 se3

199 476 319 524 alius,
340 490 435 529 quae
457 473 635 520 AEaeus,
657 471 725 512 vii.
749 471 950 518 518-660,
972 470 1025 510 de
1051 476 1171 524 peste
1195 478 1239 510 et
1263 469 1582 524 Myrmidonum

200 568 369 595 suorum
390 552 575 606 origine;
596 549 701 591 alius
718 549 918 602 denique,
932 563 1028 602 quae
1045 546 1277 601 Cephalus,
1295 548 1362 588 vii.
1379 548 1580 597 690-862,

200 633 254 674 de
271 630 475 672 Procride
497 644 586 677 sua,
603 628 806 668 referunt.
854 625 902 666 In
925 626 1060 680 prima
1081 632 1252 666 nautam
1274 625 1327 667 de
1349 626 1476 666 rebus
1498 626 1584 666 suis

200 710 456 765 garrientem
476 714 519 748 et
540 721 667 749 causa
683 721 759 746 sua
778 705 981 746 fidentem
1002 704 1149 745 audire
1171 705 1248 745 tibi
1269 691 1446 754 videris;
1468 704 1586 746 ideo-

200 785 283 844 que
303 795 346 829 et
365 787 620 843 ignoscimus
641 784 762 826 facile
783 791 937 839 poetae,
955 783 1069 838 quod
1093 783 1287 824 Penthea
1307 782 1585 824 furibundum

200 867 336 921 longis
371 865 452 906 illis
487 864 736 918 ambagibus
771 878 896 905 aures
936 864 1198 918 praebentem
1229 863 1364 904 finxit.
1435 861 1588 904 Altera

203 944 469 999 simplicitate
491 949 554 984 est
578 942 818 996 conspicua.
883 942 933 982 In
954 941 1101 983 ultima
1121 941 1314 983 adfectus
1335 942 1587 983 tenerrimus

203 1029 443 1064 narrantem
470 1022 523 1063 ab
555 1021 674 1062 initio
703 1036 837 1076 usque
866 1022 921 1062 ad
947 1021 1075 1062 finem
1102 1021 1288 1071 deducit,
1312 1021 1587 1076 studiumque

203 1101 384 1142 venandi
412 1099 648 1140 interlucet.
700 1099 1033 1141 Narrationibus
1062 1100 1323 1155 interpositae
1351 1108 1450 1141 sunt
1475 1099 1589 1142 loco-

204 1195 310 1227 rum,
338 1178 556 1219 hominum
586 1192 812 1232 rerumque
840 1179 1152 1234 descriptiones,
1179 1195 1275 1234 quae
1300 1179 1588 1230 multitudine,

207 1259 408 1299 varietate
444 1265 486 1298 et
516 1258 762 1312 praestantia
794 1273 871 1299 sua
899 1273 983 1299 non
1019 1259 1217 1313 exiguam
1253 1259 1395 1314 operis
1426 1266 1590 1314 partem

206 1337 405 1379 efficiunt.
458 1336 738 1391 Quocumque
766 1336 912 1378 oculos
939 1336 1261 1386 circumtuleris,
1285 1337 1590 1392 descriptiones

205 1416 283 1457 tibi
318 1423 541 1456 occurrent
574 1416 660 1457 sive
690 1416 908 1471 imagines,
938 1431 1034 1471 quae
1070 1423 1111 1458 te
1143 1416 1366 1458 advertent
1401 1424 1444 1458 et
1474 1424 1590 1459 tene-

207 1496 327 1536 bunt.
379 1493 652 1535 Phantasiam
675 1501 814 1549 poetae
842 1495 883 1534 in
908 1494 957 1536 iis
982 1495 1142 1536 enitere
1161 1495 1248 1550 jam
1277 1510 1407 1550 supra
1433 1496 1592 1546 monui,

208 1573 282 1614 sed
318 1580 361 1614 et
390 1572 596 1628 judicium
630 1574 722 1627 ejus
757 1573 799 1614 in
835 1573 1071 1628 deligendis
1106 1575 1314 1628 partibus,
1347 1589 1401 1616 ex
1436 1575 1592 1630 quibus

209 1652 410 1705 imagines
430 1652 688 1706 compositae,
710 1659 838 1706 atque
858 1652 941 1692 vim
962 1652 1172 1707 poeticam
1196 1652 1239 1692 in
1263 1652 1312 1693 iis
1337 1654 1594 1695 exornandis

210 1730 407 1770 admirari
437 1729 548 1771 licet.
612 1730 661 1770 In
684 1731 803 1786 regia
827 1730 952 1780 Solis,
974 1731 1015 1771 ii.
1045 1731 1191 1781 525-30,
1213 1745 1297 1772 non
1325 1746 1475 1772 aurum
1503 1747 1596 1773 rur-

211 1824 280 1849 sus
312 1808 433 1849 nobis
465 1816 508 1849 et
536 1823 745 1863 pyropum
778 1810 978 1859 ostendit,
1009 1809 1099 1859 sed,
1130 1816 1177 1851 ut
1203 1824 1422 1864 personas,
1451 1811 1595 1861 Diem,

212 1886 422 1935 Mensem,
444 1886 631 1937 Annum,
656 1888 825 1937 Secula,
855 1888 1013 1939 Horas,
1035 1889 1141 1938 Ver,
1164 1889 1394 1938 AEstatem,
1414 1889 1598 1932 Autum-

213 1979 326 2013 num,
363 1964 572 2007 Hiemem.
643 1965 747 2007 Alas
785 1966 969 2017 Daedali,
997 1968 1079 2008 viii.
1119 1968 1211 2017 189,
1248 1968 1436 2009 ostendit
1475 1970 1598 2010 nobis

214 2043 330 2083 suavi
350 2042 617 2084 similitudine
639 2044 909 2099 interposita:
941 2045 1014 2086 Sic
1033 2046 1192 2087 rustica
1213 2047 1417 2101 quondam
1431 2047 1598 2089 Fistula

214 2120 454 2175 disparibus
483 2121 695 2176 paulatim
727 2123 865 2178 surgit
894 2123 1048 2164 (wenis.
1112 2123 1181 2165 De
1214 2139 1318 2179 apro
1348 2125 1598 2179 Calydonio,

214 2197 297 2238 viii.
320 2199 493 2248 ese-97,
516 2206 603 2240 tum
630 2200 804 2249 338-40,
833 2200 890 2241 nil
918 2209 1136 2251 memorat,
1163 2202 1242 2243 nisi
1273 2203 1387 2258 quod
1416 2205 1469 2245 ad
1503 2219 1601 2246 con-

215 2276 351 2317 silium
383 2278 591 2330 pertinet3
624 2278 705 2320 hoc
736 2287 813 2329 est,
844 2281 959 2335 quod
991 2281 1193 2331 declarat,
1228 2297 1353 2336 quam
1387 2282 1601 2325 horrenda

218 2354 344 2395 fucrit
365 2353 520 2403 bellua,
543 2364 746 2410 quantum
767 2358 965 2399 damnum
986 2358 1176 2400 attulerit
1200 2361 1327 2414 agris,
1349 2368 1392 2401 et
1412 2369 1518 2416 quot
1533 2362 1602 2416 ju-

218 2447 368 2473 venum
399 2448 606 2475 concursu
633 2450 741 2490 opus
766 2436 893 2477 fuerit
922 2437 976 2478 ad
1004 2452 1096 2478 eam
1124 2438 1434 2480 debellandam.
1498 2439 1601 2489 Sed,

220 2518 266 2552 ut
292 2511 380 2565 jam
401 2511 503 2560 dixi,
526 2520 659 2553 totum
687 2528 854 2556 carmen
880 2515 1087 2570 ejusmodi
1109 2515 1336 2557 luminibus
1357 2518 1602 2559 distinctum

219 2597 297 2639 est,
319 2604 455 2644 neque
476 2590 583 2630 adeo
599 2597 677 2640 est,
695 2592 810 2645 quod
834 2592 955 2646 plura
970 2594 1059 2647 jam
1079 2609 1332 2636 recenseam.

280 2667 421 2708 ‚Etiam
442 2668 483 2709 in
504 2669 738 2722 adfectibus
764 2672 914 2712 mentis
940 2670 1150 2722 humanae,
1174 2680 1258 2714 tam
1279 2674 1463 2715 motibus
1488 2681 1603 2716 tene-
