1763 3181
253 179 338 220 204

645 183 693 224 Ρ.
729 183 941 225 OVIDII
974 184 1252 228 NASONIS

252 296 493 343 Constitit
508 305 622 344 ante
638 298 854 354 domum,
873 315 1035 363 neque
1055 301 1185 348 enim
1203 302 1471 350 succedere
1487 306 1635 352 tectis

254 373 349 420 Fas
374 374 543 429 habet,
571 382 621 422 et
645 384 814 439 postes
840 384 1065 425 extrema
1088 379 1295 442 cuspide
1320 380 1501 443 pulsat.

249 450 520 497 Concussae
546 458 749 514 patuere
775 452 931 501 fores:
970 454 1106 503 videt
1129 455 1262 502 intus
1288 456 1522 504 edentem

248 527 488 591 Vipereas
513 544 702 585 carnes,
729 529 959 576 vitiorum
985 531 1219 580 alimenta
1245 548 1460 589 suorum,

251 604 522 661 Invidiam;
561 605 766 668 visaque
791 606 959 653 oculos
986 608 1188 655 avertit:
1230 616 1280 655 at
1304 608 1388 655 illa

1541 614 1637 657 770

254 681 423 744 Surgit
448 682 597 729 humo
622 682 777 745 pigre,
806 699 1213 747 semesarumque
1239 686 1473 748 relinquit

252 759 474 822 Corpora
499 767 814 822 serpentum3
855 776 1108 824 passuque
1133 762 1319 810 incedit
1341 762 1502 810 inerti.

252 836 423 899 thue
451 836 611 884 Deam
636 838 774 894 vidit,
802 839 1059 902 formaque
1086 840 1337 903 armisque
1362 841 1608 896 decoram,

250 913 528 976 Ingemuit;
569 915 861 978 vultumque
887 917 987 963 ima
1012 916 1076 963 ad
1102 917 1314 980 suspiria
1340 917 1499 964 duxit.

249 991 417 1038 Pallor
443 990 492 1037 in
518 1008 601 1039 ore
627 993 796 1049 sedet3
838 994 1022 1041 macies
1049 994 1099 1041 in
1124 1011 1327 1058 corpore
1353 1001 1484 1051 toto;
1539 997 1633 1042 775

247 1067 512 1132 Nusquam
534 1076 671 1116 recta
695 1071 855 1128 acies;
896 1072 1049 1119 livent
1073 1072 1299 1135 rubigine
1325 1072 1529 1128 dentes;

248 1146 460 1193 Pectora
482 1146 596 1193 felle
617 1147 801 1205 virent3
844 1149 1013 1211 lingua
1036 1157 1115 1197 est
1139 1149 1327 1197 suffusa
1345 1166 1563 1207 veneno;

249 1223 400 1270 Risus
426 1224 583 1279 abest,
610 1224 704 1271 nisi
730 1240 880 1288 quem
904 1226 994 1274 visi
1019 1243 1216 1275 movere
1240 1227 1458 1284 dolores3

289 1369 362 1399 771.
387 1369 497 1410 Pigra,
515 1368 612 1400 sterili
636 1370 674 1400 ob
699 1369 809 1411 frigus.
855 1372 905 1403 Sic

246 1420 356 1450 Horat.
377 1419 404 1449 Ι.
428 1418 490 1449 Od.
516 1418 593 1449 xxii.
621 1420 672 1450 17.
693 1422 775 1461 pigri
799 1423 907 1461 campi.

245 1469 380 1504 Klotzio,
402 1468 441 1499 ad
464 1469 635 1510 Tyrtaeum,
658 1480 690 1511 p.
708 1470 780 1500 102.
797 1470 906 1512 displi—

243 1525 293 1549 cet
305 1520 405 1560 pigra,
423 1517 496 1560 quia
509 1528 547 1548 ex
569 1519 827 1550 antecedentibus
839 1521 906 1562 jam

243 1572 403 1609 appareat,
414 1567 542 1597 humum
553 1567 647 1598 fuisse
658 1568 805 1599 sterilem.
828 1570 904 1600 Sua-

242 1617 295 1648 det
310 1627 382 1657 ergo
398 1618 484 1647 humo
500 1620 600 1659 nigra,
617 1618 682 1648 sive
701 1623 736 1648 ut
751 1618 902 1660 simplici-

243 1671 290 1697 ter
310 1666 465 1697 horrorem
486 1666 545 1697 loci
566 1666 696 1703 indicet,
712 1667 777 1698 sive
793 1674 828 1698 ut
842 1678 903 1699 ser-

242 1715 389 1757 pentibus
411 1721 527 1747 tectam
548 1715 643 1747 dicat.
690 1716 782 1753 Quod
799 1722 903 1748 tamen

243 1775 304 1796 non
329 1764 540 1795 necessarium
559 1770 647 1806 put0,
672 1776 769 1806 quum
790 1766 904 1797 Noster

241 1814 410 1856 saepissime
444 1819 576 1855 repetat,
609 1825 678 1855 quae
711 1814 778 1856 jam
810 1822 904 1846 antea

243 1862 396 1906 copiosius
425 1863 520 1893 etiam
549 1868 655 1893 notata
681 1870 781 1894 erant.
836 1865 903 1906 Ego

241 1924 313 1944 vero
344 1914 430 1954 pigre
465 1912 673 1943 revocandum
703 1913 789 1949 duxi,
820 1914 901 1955 quod

243 1962 407 2004 sequentia
420 1960 562 2002 flagitare
576 1961 733 1992 videntur.
778 1963 902 1993 Etenim

241 2014 340 2053 surgit
353 2012 438 2052 pigre
452 2015 483 2040 et
495 2021 565 2040 mox
580 2022 667 2050 pussn
682 2013 793 2042 incedit
812 2014 903 2043 inerti

242 2060 364 2103 egregie
381 2058 438 2090 sibi
454 2059 652 2100 respondent.

283 2110 355 2140 774.
379 2109 452 2139 Jam
468 2107 568 2149 prima
589 2108 720 2139 Invidiae
737 2110 902 2141 commotio

240 2158 457 2200 interponitur.
502 2157 568 2188 Ima
592 2161 734 2197 suspiria,
751 2169 820 2199 quae
844 2159 902 2190 du-

240 2214 354 2239 cuntur
369 2217 406 2237 ex
418 2207 480 2237 imo
491 2213 626 2248 pectore,
637 2213 672 2237 ut
687 2208 750 2238 alta
762 2209 901 2247 suspiria,

242 2256 445 2292 Claudianus,
470 2254 502 2285 ii.
530 2254 562 2286 in
586 2256 715 2297 Eutrop.
736 2257 809 2287 530.
831 2267 900 2299 quae

239 2307 397 2337 ducuntur
410 2306 472 2335 alto
485 2307 521 2335 de
532 2308 671 2342 corde,ut
685 2305 763 2336 dixit
777 2307 901 2343 Noster,

240 2367 330 2386 versu
359 2355 436 2385 622.
477 2355 549 2386 Jam
579 2357 688 2386 ducere
715 2357 833 2386 vultum
861 2359 901 2387 ad

239 2407 378 2445 suspiria,
391 2403 511 2434 vultum
525 2415 709 2446 componere
725 2415 899 2436 accommo-

240 2454 312 2484 date
336 2452 487 2494 suspiriis,
509 2452 638 2494 suspiria
663 2453 752 2484 vultu
776 2464 900 2496 quoque

239 2503 376 2545 prodere.
421 2502 586 2533 Suetonius
605 2502 744 2543 quidem,
761 2503 831 2534 Tib.
845 2504 899 2534 68.

241 2552 331 2587 dixit,
346 2553 495 2581 adducere
511 2552 638 2587 vultum,
655 2551 695 2582 ad
715 2552 898 2592 gravitatem

240 2610 435 2643 componere,
465 2600 517 2631 ubi
556 2601 696 2632 Casaub.
726 2607 897 2643 comparat,

237 2652 380 2681 obducere
401 2650 529 2685 vultum,
550 2649 590 2680 ad
611 2649 792 2681 moestitiam
816 2660 898 2681 com—

239 2709 365 2741 ponere.
411 2699 449 2730 Et
472 2699 603 2734 Seneca,
626 2699 685 2740 Ep.
709 2700 760 2729 58.
784 2702 899 2730 vultum

238 2751 363 2780 adducit
394 2751 433 2779 ad
470 2751 638 2780 tristitiam.
687 2749 778 2779 Hanc
806 2749 899 2790 igitur

973 1371 1140 1403 lectionem
1169 1371 1303 1402 multum
1331 1370 1461 1413 praefero
1493 1370 1635 1402 omnibus

974 1421 1245 1452 emendationibus
1268 1420 1442 1463 propositis,
1461 1419 1574 1461 quibus
1587 1430 1635 1450 re-

972 1471 1088 1513 petitur
1110 1476 1232 1501 tantum
1254 1470 1337 1512 quod
1352 1475 1446 1512 poeta
1465 1470 1532 1512 jam
1547 1470 1635 1501 dixe-

973 1525 1034 1550 rat.

1017 1569 1090 1599 775.
1115 1568 1222 1598 Pallor
1238 1569 1267 1598 in
1285 1579 1333 1599 ore
1347 1567 1458 1608 sedet]
1487 1567 1549 1599 Ubi
1564 1579 1634 1610 pro-

973 1617 1042 1658 pius
1069 1617 1212 1653 accessit,
1228 1617 1326 1648 forma
1350 1617 1418 1659 ejus
1438 1616 1635 1648 describitur.

971 1668 1075 1704 Quam
1099 1667 1179 1697 bene
1202 1677 1240 1698 ea
1265 1666 1435 1709 composita
1461 1667 1512 1703 sit,
1542 1667 1634 1698 facile

971 1716 1115 1757 reperies,
1132 1717 1157 1746 si
1169 1715 1365 1756 cogitaveris,
1382 1727 1452 1757 quae
1467 1716 1505 1747 de
1521 1716 1636 1747 invidis

971 1764 1133 1806 praedicari
1146 1765 1276 1796 soleant.
1306 1765 1416 1795 Horat.
1425 1765 1453 1796 I.
1463 1766 1522 1807 Ep.
1530 1764 1565 1796 ii.
1578 1765 1633 1796 57:

972 1813 1101 1844 Invidus
1124 1814 1251 1844 atterius
1279 1815 1433 1844 macrescit
1458 1815 1544 1844 rebus
1570 1815 1632 1853 opi-

971 1864 1035 1893 mis.
1125 1863 1213 1893 Sedet
1237 1862 1423 1904 exquisitius
1447 1873 1554 1904 quam,
1579 1869 1632 1900 est,

971 1919 1106 1952 apparet,
1135 1919 1169 1944 ut
1207 1912 1228 1943 i.
1257 1912 1318 1943 267
1335 1924 1341 1942 :
1381 1912 1452 1943 vide
1485 1912 1634 1944 Gronovii

970 1961 1048 1992 Obs.
1063 1961 1097 1992 ii.
1112 1973 1143 2003 p.
1162 1963 1233 1992 180.
1276 1962 1374 1992 Recta
1388 1964 1474 1993 acies.
1521 1961 1636 1994 Confer

968 2010 1049 2041 infra
1059 2022 1088 2042 v.
1101 2011 1177 2042 787.
1225 2011 1345 2053 Rubigo
1355 2011 1465 2042 vitium
1482 2011 1635 2043 dentium.

971 2060 1026 2090 Fel
1047 2060 1079 2090 in
1102 2066 1227 2102 pectore
1252 2060 1375 2101 signum
1396 2061 1636 2093 malevolentiae.

974 2109 1076 2139 Virere
1090 2109 1133 2140 sic
1150 2114 1181 2140 et
1194 2109 1365 2140 Claudian.
1378 2111 1430 2141 49.
1441 2110 1501 2141 96:
1519 2112 1633 2141 viscera

960 2157 1042 2199 felle
1071 2160 1181 2188 virent.
1234 2158 1360 2200 Suffusa
1382 2169 1502 2195 veneno,
1531 2160 1633 2200 μεστὴ

970 2206 1018 2238 ἰοῦ
1033 2207 1278 2249 θανατηφόρου.
1316 2208 1440 2250 Lingua
1453 2208 1568 2250 suffusa
1580 2219 1633 2240 ve-

969 2266 1050 2287 neno
1065 2256 1190 2292 dieitur,
1208 2263 1240 2287 ut
1256 2267 1289 2287 os
1303 2256 1452 2299 szffzsum
1467 2258 1589 2288 rubore.

1012 2306 1086 2336 778.
1111 2306 1202 2336 Risus
1226 2305 1333 2346 abest]
1361 2306 1546 2337 Immanitas
1565 2306 1633 2348 ejus

968 2360 1000 2384 et
1014 2355 1169 2385 cruciatus
1181 2354 1408 2386 describuntur.
1456 2354 1524 2386 Nisi
1539 2366 1633 2396 quem.

967 2404 1052 2435 Nam
1069 2403 1177 2435 alienis
1192 2404 1283 2435 malis
1297 2410 1448 2446 tanquam
1463 2404 1527 2435 suis
1543 2404 1633 2436 bonis

969 2453 1105 2490 laetatur,
1121 2455 1272 2494 pascitque
1287 2464 1320 2484 se
1336 2453 1550 2495 κακόχαρτος,
1565 2453 1633 2485 ἐπι-

966 2503 1167 2546 χαιρέκακος.
1201 2503 1395 2545 Vigilacibus.
1428 2502 1562 2534 Codices
1578 2513 1630 2534 no-

967 2554 1021 2584 stri
1043 2553 1150 2594 Regii,
1169 2553 1375 2594 vigilantibus,
1396 2552 1481 2594 quod
1501 2562 1631 2594 repone·

966 2612 1049 2633 rem:
1074 2612 1147 2632 nam
1165 2603 1278 2643 vigilax
1291 2612 1346 2643 pro
1367 2602 1508 2643 vigilans,
1524 2607 1559 2632 ut
1576 2612 1630 2632 cu-

965 2663 1019 2682 ras
1030 2662 1085 2693 pro
1096 2653 1243 2687 curiosus,
1254 2661 1314 2681 non
1328 2651 1385 2682 nisi
1401 2651 1441 2682 ab
1455 2651 1632 2681 auctoribus

967 2700 1131 2732 mediocris
1144 2706 1225 2731 notae
1246 2705 1412 2742 acceptum
1428 2699 1522 2731 fuisse
1541 2709 1630 2741 repe-

967 2750 1031 2787 ri03
1055 2757 1085 2781 et
1100 2750 1199 2781 forsan
1216 2749 1247 2779 in
1263 2749 1300 2779 iis
1320 2759 1418 2780 errore
1435 2747 1625 2779 librariorum
