1729 3207
261 206 349 248 DE
382 203 598 246 OPERE
629 200 1278 243 METAMORPHOSEON.
1361 204 1461 244 xxiii

81 327 188 370 rent,
215 321 258 361 in
289 319 443 374 quibus
476 316 635 366 Boeus,
661 317 782 370 cujus
805 314 1120 369 Ornithogonia
1147 315 1190 356 id
1218 316 1389 370 agebat,
1412 324 1460 357 ut

83 413 179 441 aves
200 413 343 440 omnes
364 398 497 438 factas
518 409 610 437 esse
631 408 686 435 ex
706 392 948 434 hominibus
969 393 1213 434 ostenderet
1223 392 1250 433 ¹³.

138 476 225 518 Sed
265 476 396 517 multo
434 475 569 529 majus
608 470 1006 526 memorabiliusque
1046 487 1154 526 opus
1193 472 1361 515 molitus
1398 480 1462 514 est

83 554 278 596 Ovidius.
341 553 383 594 Is
411 552 522 594 enim
546 558 660 593 recte
680 550 800 599 vidit,
822 549 976 591 fabulis
1004 549 1084 592 illis
1108 551 1151 592 in
1175 566 1220 593 se
1246 552 1461 601 tenuibus,

80 647 273 688 magnam
304 632 430 674 etiam
460 636 625 685 partem
655 629 810 684 ineptis
841 629 1211 683 atqueabsurdis,
1243 629 1463 671 illecebras

81 725 173 753 esse
201 710 486 753 conciliandas
513 724 538 750 a
567 723 744 763 poeseos
774 709 1043 758 ornamentis,
1069 723 1094 749 a
1120 707 1368 750 collectione
1396 723 1464 750 ea-

77 803 185 838 rum,
206 789 284 830 nisi
304 788 503 838 omnium,
524 794 640 829 certe
660 785 951 842 plurimarum,
973 787 1015 827 in
1035 801 1165 828 unum
1185 801 1355 841 corpus,
1377 793 1420 828 et
1439 801 1464 827 a

76 866 273 909 laudibus
294 867 488 909 Deorum
509 867 771 919 heroumque
791 865 1065 918 interpositis.
1114 864 1165 906 Id
1186 872 1327 906 autem
1344 872 1462 907 tanto

77 946 245 1001 ingenio
270 952 474 1001 tantaque
501 952 591 986 arte
616 943 771 993 effecit,
793 950 841 984 ut
868 943 1112 985 suavissime
1139 944 1345 985 bonarum
1370 943 1463 985 lite-

77 1038 219 1066 rarum
250 1024 462 1066 studiosos
490 1023 545 1064 ad
571 1022 936 1076 metamorphoses
967 1022 1285 1076 cognoscendas
1315 1022 1463 1064 invitet

78 1110 330 1158 teneatque3
361 1103 463 1159 quin
490 1103 613 1152 adeo,
636 1109 698 1152 ut,
721 1116 772 1142 eo
800 1100 966 1142 nomine
994 1100 1156 1150 audito,
1178 1099 1360 1141 Ovidius
1381 1107 1465 1141 sta-

77 1182 166 1231 tim,
187 1188 386 1237 tanquam
405 1196 515 1223 unus
536 1196 680 1223 earum
700 1186 863 1229 auctor,
886 1186 1094 1221 occurrat.
1137 1178 1325 1228 Etenim,
1346 1179 1463 1234 quod

76 1261 257 1317 primum
283 1269 362 1311 est,
389 1262 630 1303 innumeros
658 1260 786 1315 hujus
814 1258 981 1314 generis
1004 1257 1187 1312 mythos,
1210 1264 1314 1312 quot
1339 1272 1462 1299 nemo

76 1338 184 1381 forte
201 1346 298 1381 ante
317 1354 428 1390 eum,
449 1340 638 1394 undique
661 1339 886 1392 decerptos
909 1335 1092 1391 collegit.
1154 1336 1310 1391 Neque
1331 1351 1463 1392 opera

77 1418 168 1472 ejus
195 1418 303 1460 intra
330 1418 743 1473 metamorphoseon,
773 1432 869 1472 quae
894 1416 1067 1472 proprie
1095 1416 1153 1458 sic
1180 1416 1394 1465 dicuntur,
1416 1415 1464 1456 li-

75 1495 196 1537 mites
221 1497 427 1546 substitit,
446 1497 521 1539 sed
549 1497 634 1539 sive
662 1496 935 1552 plenitudinis
962 1510 1105 1545 causa,
1129 1496 1215 1537 sive
1244 1510 1462 1550 cosmogo-

75 1574 166 1615 nias
195 1573 446 1616 Graecorum
473 1576 718 1630 respiciens,
751 1577 793 1616 in
820 1575 1052 1630 primordio
1085 1575 1227 1630 operis
1258 1575 1462 1629 originem

77 1653 237 1704 mundi,
266 1655 520 1696 creationem
547 1655 743 1704 hominis,
776 1655 1085 1696 successionem
1115 1660 1302 1703 aetatum,
1325 1660 1463 1694 ortum

78 1732 349 1774 animantium
374 1747 429 1775 ex
452 1733 565 1784 limo,
587 1741 629 1776 et
653 1733 762 1775 libro
786 1740 977 1775 extremo
998 1731 1131 1773 multa
1155 1746 1177 1774 e
1203 1731 1462 1786 Pythagorae

78 1808 243 1864 placitis
271 1811 488 1853 adsumsit.
552 1811 680 1853 Unde
702 1825 801 1853 vero
829 1810 994 1866 singula
1020 1810 1226 1860 hauserit,
1249 1826 1379 1865 quum
1400 1818 1463 1851 tot

75 1887 172 1930 libri
202 1889 392 1944 mythici,
425 1897 488 1931 tot
520 1891 646 1931 etiam
678 1890 831 1931 artium
862 1896 1148 1939 monumenta,
1178 1904 1275 1943 quae
1306 1889 1463 1944 passim

78 1967 132 2009 ab
159 1982 211 2009 eo
235 1982 439 2024 expressa
459 1969 672 2020 videntur,
694 1970 911 2025 perierint,
936 1976 1053 2011 certo
1081 1969 1224 2010 dicere
1251 1983 1336 2010 non
1366 1983 1464 2023 pos—

78 2061 233 2088 sumus.
298 2048 448 2103 Itaque
473 2063 550 2090 nec
577 2056 756 2098 constat,
779 2056 921 2090 utrum
950 2048 1042 2103 ipse
1067 2047 1226 2102 aliquid
1247 2048 1289 2088 in
1311 2046 1464 2088 fabulis

76 2125 292 2167 novaverit
339 2127 654 2181 addideritque,
696 2142 749 2168 an
789 2127 1040 2169 Graecorum
1090 2134 1253 2168 tantum
1288 2127 1463 2182 vestigia

79 2205 293 2258 presserit.
356 2206 600 2261 Conjiciunt
639 2206 843 2256 nonnulli,
878 2206 1063 2248 fabulam
1104 2206 1158 2247 de
1199 2205 1381 2260 Pyramo
1421 2212 1464 2246 et

78 2281 259 2333 Thisbe,
283 2290 371 2324 tum
400 2283 575 2325 alteram
601 2285 654 2326 de
678 2284 927 2325 Philemone
948 2290 990 2324 et
1012 2283 1218 2334 Baucide,
1241 2291 1464 2337 utramque

77 2358 200 2415 longe
235 2362 537 2411 suavissimam,
575 2370 701 2417 atque
734 2363 858 2403 etiam
897 2363 950 2403 de
985 2362 1170 2403 Sidoniis
1206 2362 1307 2403 Inus
1339 2362 1465 2403 comi—

77 2437 188 2479 tibus
216 2440 542 2493 appendiculam
579 2441 632 2482 ab
670 2441 763 2496 ipso
797 2457 887 2483 esse
920 2442 1084 2492 fictam3
1120 2442 1195 2483 sed
1227 2441 1341 2482 nulla
1373 2442 1463 2495 ejus

78 2517 332 2571 conjecturae
368 2534 496 2560 causa
529 2520 652 2561 reddi
692 2528 834 2576 potest
871 2520 1115 2574 probabilis.
1191 2520 1288 2562 Hoc
1324 2526 1465 2561 autem

77 2594 278 2644 videmus,
305 2596 408 2638 nihil
436 2598 479 2638 in
501 2597 582 2639 hoc
606 2613 762 2653 genere
789 2598 1059 2640 memorabile
1082 2600 1136 2639 ab
1158 2614 1208 2640 eo
1236 2613 1328 2639 csse
1357 2613 1464 2652 prae-

122 2715 134 2734 ¹·
157 2717 237 2750 Vide
253 2719 438 2751 Mellmanni
451 2722 626 2752 Comment.
643 2722 681 2753 de
699 2722 800 2753 causis
817 2728 847 2753 et
863 2720 1042 2753 auctoribus
1059 2722 1267 2753 narrationum
1284 2722 1322 2752 de
1339 2726 1465 2753 mutatis

85 2770 194 2801 formis.
