1763 3181
231 195 317 238 386

605 194 657 234 P.
691 191 904 234 OVIDII
939 192 1218 234 NASONIS

231 311 573 374 Amplectens‚
600 324 824 371 saxoque
844 309 1035 371 jacens,
1062 308 1317 356 lacrimare
1341 308 1549 356 videtur.

234 387 427 434 Circuit
451 393 700 434 extremas
726 386 846 433 oleis
871 386 1130 450 pacalibus
1156 402 1295 433 oras:

1528 389 1611 433 101

233 465 283 512 Is
309 465 484 512 modus
510 471 612 521 est3
653 463 890 527 operique
917 480 1006 511 sua
1032 462 1149 510 facit
1174 463 1345 510 arbore
1369 462 1534 510 finem.

300 541 511 588 Maeonis
537 541 725 588 elusam
751 541 981 604 designat
1005 540 1220 603 imagine
1245 540 1370 587 tauri

233 618 496 682 Europen:
536 635 705 666 verum
730 626 942 674 taurum,
969 618 1095 667 freta
1117 633 1232 665 vera
1256 624 1474 682 putareS.

233 695 352 759 Ipsa
374 695 637 743 videbatur
661 702 817 743 terras
843 702 1072 760 spectare
1097 694 1313 751 relictaS,

1528 697 1618 741 105

233 772 301 820 Et
324 773 529 820 comites
555 772 770 820 clamare
796 788 928 828 suas,
954 778 1246 835 tactumque
1271 771 1427 819 vereri

231 849 515 897 Assilientis
540 865 699 912 aquae,
726 849 1027 912 timidasque
1052 849 1288 896 reducere
1314 847 1527 911 plantas,

232 927 372 974 Fecit
397 934 447 974 et
470 926 703 974 Asterien
728 926 896 989 aquila
919 926 1140 973 luctante
1164 924 1321 972 teneri
1343 941 1354 972 ε

233 1003 375 1051 Fecit
399 1004 596 1050 olorinis
624 1002 810 1051 Ledam
835 1003 1072 1050 recubare
1098 1002 1190 1049 sub
1216 1001 1334 1048 alis:

214 1080 458 1137 Addidit,
481 1087 537 1127 ut
564 1080 731 1144 Satyri
755 1080 945 1127 celatus
971 1079 1185 1142 imagine
1211 1077 1469 1142 pulchram
1526 1080 1618 1124 110

278 1225 351 1256 101.
382 1225 500 1256 Circuit
528 1232 682 1261 extremas,
712 1224 790 1265 etc.]
837 1225 892 1255 Se-

232 1278 370 1315 quuntur
384 1273 544 1315 πὰρεργα,
560 1274 618 1304 hoc
636 1279 683 1304 est
699 1279 891 1310 ornamenta,

232 1333 302 1364 quae
326 1322 521 1353 addebantur
542 1322 666 1354 tabulis.
693 1322 778 1353 Plin.
794 1334 891 1353 xxxv.

234 1373 285 1402 10.
331 1372 462 1407 Circuit,
479 1371 579 1413 pingit
593 1372 625 1402 in
644 1371 704 1402 oris
723 1371 892 1413 imaginem

231 1420 507 1451 circumeuntibus.
563 1421 650 1451 Dum
680 1431 807 1451 manum
832 1419 891 1451 cir-

232 1469 403 1505 cumducit,
433 1468 501 1510 ipsa
523 1471 653 1500 circuire
681 1469 813 1500 videtur.
841 1470 891 1500 Sic

232 1518 361 1549 AEneid.
377 1531 408 1549 x.
423 1520 496 1550 243.
517 1519 680 1550 Vulcanus
701 1518 804 1560 clypei
827 1530 892 1550 oras

231 1569 335 1598 ambiit
361 1579 447 1597 auro.
494 1568 627 1603 Pacalis,
650 1567 800 1610 pacifera,
824 1567 893 1599 olea

232 1616 316 1648 enirn
341 1616 465 1658 signum
488 1616 599 1658 pacis3
623 1628 677 1648 xv.
695 1617 768 1648 591.
782 1618 893 1656 pacatis

231 1667 347 1697 laurus.

277 1716 350 1747 103.
376 1715 499 1745 Maeonis
520 1714 643 1750 elusam,
661 1714 738 1755 etc.]
785 1715 893 1746 Tacite

230 1764 351 1795 malitia
377 1763 540 1794 Arachnes
575 1763 722 1799 ostendit,
749 1764 825 1806 quid
854 1764 892 1795 de

231 1814 303 1846 Diis
327 1813 452 1849 sentiat,
475 1813 626 1844 exhibens
651 1812 786 1855 plurima
809 1814 893 1845 Deo-

231 1875 300 1895 rum
323 1863 451 1904 flagitia.
474 1861 536 1893 Hic
558 1873 695 1904 quoque,
719 1868 753 1893 ut
773 1864 848 1894 jEn.
867 1863 891 1894 i.

232 1915 308 1945 641.
325 1912 357 1942 in
372 1911 454 1943 vasis
474 1911 594 1942 caelatis
615 1912 730 1948 Didus,
746 1922 892 1954 expressa

231 1965 319 1995 series
334 1963 503 2003 longissima
525 1972 636 1991 rerum.
681 1961 808 1992 Initium
824 1962 858 1992 fit
874 1973 892 1993 a

229 2015 322 2049 Jove,
346 2011 400 2053 qui
426 2010 595 2041 innumeris
620 2011 725 2052 figuris
749 2010 892 2043 mulieres

231 2061 366 2104 decepit.
379 2061 488 2091 Amor.
501 2061 528 2090 I.
543 2071 576 2091 x.
591 2061 609 2090 8
623 2072 629 2090 z
652 2062 796 2101 quidquid
808 2073 891 2103 mag-

231 2125 269 2144 ⁷10
297 2113 333 2142 de
359 2111 432 2141 Jove
451 2110 535 2151 fecit
561 2111 662 2141 Amor.
707 2110 756 2141 De
785 2110 891 2152 Raptu

233 2163 372 2201 Europae,
396 2159 468 2190 vide
494 2159 533 2189 ad
559 2159 673 2190 librum
694 2158 727 2189 ii.
744 2160 826 2198 8333
851 2161 892 2192 V.

231 2212 316 2242 Fast.
341 2210 402 2240 607
425 2219 496 2249 sqq.
553 2209 711 2250 Designat,
736 2209 892 2251 pingendo

229 2258 387 2302 exprimit.
444 2258 541 2288 Eludi
567 2258 682 2299 passim
712 2257 795 2299 apud
825 2258 890 2289 No-

229 2315 327 2340 strum
355 2308 395 2338 de
425 2307 557 2347 decepta
587 2306 715 2348 virgine.
771 2307 890 2345 Verum,

230 2358 335 2389 vivum
353 2369 360 2388 2
385 2355 456 2386 vide
473 2355 512 2386 ad
529 2366 558 2386 x.
573 2356 648 2386 250.
692 2356 780 2387 Bene
804 2362 891 2387 notat

230 2413 262 2438 et
283 2404 524 2437 sollicitudinem
540 2409 635 2446 raptae
655 2404 780 2446 puellae,
796 2411 827 2436 et
842 2416 890 2436 ar-

231 2462 294 2487 tem
309 2454 453 2486 lanificae.
498 2453 662 2484 Reduc-ere.
708 2454 890 2485 H.l.redu-

230 2516 296 2537 cere
318 2502 510 2545 simpliciter,
536 2502 709 2533 subducere
722 2514 730 2541 3
767 2503 890 2545 repetiti

228 2552 312 2585 enim
335 2558 437 2583 motus
451 2551 483 2582 in
499 2550 562 2582 tela
576 2551 706 2593 exprimi
725 2562 785 2583 non
805 2559 891 2594 pote-

230 2607 312 2632 rant.

277 2652 346 2681 108.
372 2650 454 2680 Fecit
477 2651 780 2687 teneri—recnlmre3
805 2650 891 2681 exhi-

229 2700 297 2731 buit
310 2710 378 2730 eam
394 2698 449 2734 sic,
466 2704 497 2728 ut
515 2704 680 2734 teneretur,
696 2705 760 2730 etc.
794 2699 890 2730 Prisci

229 2749 286 2779 iuvi
309 2747 452 2778 mulieres
473 2747 614 2778 solebant
638 2747 676 2778 acl
704 2748 789 2779 Deos
810 2747 889 2779 ἀνα-

960 1222 1064 1265 φέρειν
1078 1223 1141 1261 τήυ
1154 1221 1319 1263 ἁμαρτίαν
1331 1220 1458 1262 λέχους.
1481 1220 1623 1263 Euripid.

961 1272 1079 1303 Bacch.
1091 1273 1146 1303 29.
1181 1273 1308 1307 Asterie,
1327 1270 1397 1302 Coei
1411 1270 1531 1301 Titanis
1546 1269 1621 1306 filia,

959 1323 976 1353 J
983 1322 1048 1353 ovis
1063 1322 1224 1364 amplexus
1239 1321 1370 1363 fugiens,
1386 1321 1417 1350 in
1431 1320 1622 1351 coturnicem

960 1377 1090 1407 mutata,
1120 1377 1214 1412 atque
1244 1370 1275 1401 in
1300 1380 1383 1400 mare
1413 1369 1537 1411 abjecta
1563 1374 1622 1405 est,

959 1420 1041 1451 unde
1056 1420 1158 1450 insula
1174 1419 1306 1461 Ortygia
1321 1425 1398 1449 orta.
1423 1418 1542 1460 Hygin.
1558 1419 1622 1449 fab.

959 1471 1022 1508 533
1045 1469 1195 1512 Apollod.
1211 1470 1238 1500 I.
1258 1469 1299 1499 iv.
1318 1469 1355 1507 13
1387 1468 1426 1499 cf.
1450 1468 1618 1510 Spanhem.

960 1519 1000 1551 ad
1025 1519 1152 1551 Callim.
1175 1519 1206 1550 h.
1230 1519 1306 1550 Del.
1322 1520 1375 1550 37.
1390 1519 1443 1550 39.
1488 1518 1623 1550 Videtur

957 1569 1081 1611 Jupiter
1093 1569 1173 1600 eain
1185 1579 1215 1599 re
1230 1570 1337 1609 aquila:
1351 1568 1520 1599 ministerio
1536 1578 1621 1599 usus.

1005 1620 1074 1649 llO.
1104 1618 1254 1658 Celatus.]
1303 1617 1387 1649 Vide
1416 1617 1456 1648 ad
1487 1628 1516 1648 V.
1544 1618 1620 1648 326.

960 1668 1122 1708 Nycteida,
1138 1667 1307 1709 Antiopen,
1334 1666 1461 1707 Nyctei,
1487 1666 1567 1707 regis
1590 1666 1621 1697 in

959 1717 1098 1753 Boeotia,
1115 1717 1222 1752 filiam,
1239 1727 1276 1747 ex
1299 1726 1362 1757 qua
1387 1715 1451 1746 nati
1472 1721 1545 1747 sunt
1566 1726 1620 1756 ge-

959 1768 1044 1802 mini,
1059 1766 1172 1797 Zethus
1187 1772 1219 1797 et
1230 1765 1401 1807 Amphion.
1424 1764 1542 1806 Hygin.
1558 1764 1622 1795 sab.

960 1816 999 1854 83
1031 1815 1179 1857 Apollod.
1200 1814 1262 1845 III.
1278 1826 1310 1845 v.
1325 1817 1365 1852 5;
1398 1814 1504 1845 Schol.
1521 1813 1620 1855 Apol-

959 1864 1022 1895 lon.
1042 1864 1147 1894 Rhod.
1163 1864 1204 1895 iv.
1223 1864 1324 1901 10903
1348 1864 1452 1894 Lutat.
1475 1862 1514 1892 ad
1539 1863 1619 1893 Stat.

957 1914 1056 1944 Theb.
1071 1913 1114 1944 ix.
1129 1914 1202 1944 423.
1247 1912 1309 1943 Sed
1325 1913 1490 1948 Homerus,
1507 1911 1569 1943 Od.
1581 1915 1622 1943 A.

958 1965 1032 1994 259.
1047 1973 1116 1994 eam
1138 1963 1213 1993 facit
1234 1961 1331 2004 Asopi
1356 1962 1471 1992 filiam:
1496 1960 1535 1991 de
1560 1971 1621 2002 quo

958 2012 1099 2044 dissensu
1109 2012 1180 2043 vide
1196 2012 1331 2043 Pausan.
1343 2011 1483 2042 Corinth.
1499 2021 1530 2052 p.
1543 2011 1601 2041 124
1612 2023 1621 2049 ς

958 2062 999 2093 cf.
1022 2061 1147 2092 omnino
1174 2061 1344 2092 Valkenar.
1367 2060 1504 2091 Diatrib.
1528 2071 1558 2101 p.
1579 2061 1620 2091 58

958 2121 1027 2152 sqq.
1043 2110 1096 2140 ubi
1112 2110 1222 2150 fragm.
1238 2108 1384 2151 Antiopae
1406 2108 1513 2150 Eurip.
1561 2109 1620 2149 Ty-

958 2160 1085 2195 rinthia,
1095 2159 1259 2194 Alcmena,
1267 2169 1360 2199 quam
1370 2157 1504 2199 Jupiter,
1514 2168 1619 2199 sump-

959 2214 991 2239 ta
1004 2207 1238 2250 Amphitryonis
1262 2207 1403 2248 conjugis
1427 2206 1534 2242 forma,
1550 2206 1620 2237 viti-

959 2258 1032 2289 avit.
1065 2257 1183 2299 Hygin.
1212 2257 1276 2287 sab.
1301 2258 1342 2287 29
1358 2269 1365 2293 ;
1399 2257 1527 2287 Homer.
1552 2256 1583 2286 d.
1598 2256 1620 2287 l.

958 2318 1047 2338 versu
1062 2308 1139 2339 265.
1183 2308 1326 2346 Asopida,
1345 2306 1505 2346 AEginam,
1521 2305 1619 2347 Asopi

958 2357 1075 2395 filiam;
1107 2356 1212 2387 confer
1236 2355 1290 2387 vii.
1317 2356 1379 2386 616
1393 2367 1399 2384 :
1425 2354 1495 2385 vide
1520 2355 1620 2397 Spau-

957 2406 1028 2437 hem
1044 2406 1083 2437 ad
1100 2405 1340 2440 Callimachum,
1359 2405 1465 2446 hymn.
1479 2405 1552 2435 Del.
1569 2405 1621 2436 78.

958 2455 1036 2486 Eam
1052 2454 1173 2485 vitiavit
1188 2453 1312 2495 Jupiter
1327 2454 1358 2484 in
1376 2455 1485 2495 ignem,
1501 2459 1568 2489 aut,
1586 2459 1620 2484 ut

958 2504 1104 2535 Clemens
1119 2504 1214 2533 Hom.
1230 2514 1258 2534 v.
1273 2504 1321 2533 13.
1337 2503 1470 2533 Nomius
1486 2502 1618 2543 Dionys.

958 2552 999 2583 vi.
1014 2553 1087 2583 212.
1111 2553 1215 2584 Lutat.
1233 2551 1272 2582 ad
1293 2552 1370 2582 Stat.
1387 2551 1438 2581 vii.
1455 2552 1528 2582 427.
1552 2562 1620 2582 ma-

958 2602 1038 2637 lunt,
1053 2601 1085 2632 in
1099 2601 1235 2643 aquilam
1254 2611 1430 2632 conversus.
1466 2601 1502 2630 In
1517 2600 1620 2631 insula

959 2650 1076 2692 AEgina
1088 2650 1205 2692 peperit
1221 2651 1367 2680 AEacum.
1380 2649 1526 2691 Apollod.
1540 2650 1566 2680 Ι.
1577 2649 1619 2680 ix.

958 2701 997 2738 3;
1021 2700 1083 2730 111.
1098 2699 1150 2730 xii.
1166 2700 1195 2730 6.
1243 2700 1372 2730 Deo'ida.
1389 2700 1483 2730 Ceres
1499 2698 1619 2730 Graecis

959 2747 1031 2786 Δηὼ
1062 2748 1158 2781 dicta,
1191 2747 1271 2778 unde
1299 2747 1482 2789 Proserpina
1516 2749 1619 2786 Δηοῦς
