1763 3181
391 179 1011 224 METAMORPHOSEON
1043 179 1162 221 LIB.
1195 178 1305 221 VII.

1450 179 1534 219 447

153 296 438 353 Permulsit,
464 296 795 359 manibusque
819 295 952 342 leves
978 294 1180 357 agitavit
1203 294 1452 350 habenas;

152 374 390 422 Sublimis
415 374 629 438 rapitur:
669 373 965 435 sublataque
989 371 1232 418 Thessala
1254 370 1444 433 Tempe

153 451 397 516 Despicit,
424 451 599 499 OEtaeis
624 451 907 513 regionibus
932 448 1152 513 applicat
1179 464 1364 511 angues
1388 465 1398 495 :

153 526 221 575 Et
245 544 370 592 quas
396 528 528 576 Ossa
551 529 680 586 tulit,
709 544 936 592 quasque
962 527 1090 575 altus
1116 526 1292 574 Pelion
1312 525 1509 580 herbas,

153 604 461 669 Othrysque,
488 605 797 669 Pindusque,
824 612 875 652 et
899 604 1061 663 Pindo
1087 604 1242 667 major
1267 602 1531 666 Olympus,

152 681 428 746 Perspicit:
467 689 519 731 et
542 682 727 747 placita
750 682 928 747 partim
952 680 1118 728 radice
1141 679 1333 727 revellit
1352 698 1362 736 3

1437 681 1532 725 226

152 757 343 806 Partim
367 759 578 807 succidit
601 760 884 807 curvamine
906 757 1046 806 falcis
1072 757 1259 805 ahenae.

151 834 316 884 Multa
339 852 540 901 quoque
565 836 782 901 Apidani
807 838 1103 901 placuerunt
1128 834 1350 897 gramina
1372 832 1509 896 ripis,

152 911 317 961 Multa
361 930 563 978 quoque
610 914 882 979 Amphrysi
904 932 914 962 :
976 929 1068 961 nec
1123 927 1232 960 eras
1284 909 1533 964 immunis,

351 989 547 1056 Enipeu
563 1010 575 1050 ;

152 1066 262 1115 Nec
285 1083 384 1115 non
408 1068 609 1126 Peneae,
636 1085 728 1116 nec
752 1085 851 1116 non
879 1067 1209 1132 Spercheides
1235 1065 1380 1113 undae
1437 1067 1535 1111 230

153 1144 483 1194 Contribuere
507 1146 714 1210 aliquid,
735 1147 1048 1209 juncosaque
1072 1143 1216 1191 litora
1241 1142 1441 1189 Boebes,

153 1221 328 1286 Carpit
350 1229 400 1270 et
426 1222 649 1271 Euboica
670 1222 816 1270 vivax
841 1221 1140 1268 Anthedone
1166 1235 1384 1282 gramen,

151 1298 388 1347 Nondum
411 1307 601 1348 mutato
624 1301 879 1363 vulgatum
904 1315 1110 1362 corpore
1137 1296 1335 1344 Glauci.

152 1374 218 1423 Et
234 1377 340 1440 jam
364 1394 494 1425 nona
517 1377 624 1425 dies
650 1393 812 1433 curru,
838 1375 1119 1440 pennisque
1144 1375 1432 1429 draconum,

151 1508 378 1551 tendorphiano
420 1511 556 1553 ascripta
590 1515 658 1541 erat
692 1511 807 1552 glossa,

149 1557 208 1588 Isti
242 1565 353 1590 montes
388 1561 580 1591 circumdant
619 1560 808 1590 Thessaliam.

148 1607 280 1638 Lenzius
301 1607 422 1644 suadet,
441 1608 558 1639 Crethei
582 1609 760 1649 regionibus,
775 1608 808 1639 id

149 1661 210 1692 est,
237 1655 419 1693 Thessaliae,
449 1657 524 1699 quia
554 1658 697 1688 Cretheus
721 1662 809 1699 pater

148 1704 288 1736 AEsonis.
331 1706 382 1736 Ita
404 1716 477 1737 vero
500 1705 612 1748 ineptit
631 1711 734 1748 poeta,
756 1705 810 1737 de·

146 1754 239 1797 spicit
250 1754 443 1786 Thessaliam
456 1760 488 1786 et
499 1766 605 1786 versus
616 1754 808 1786 Thessaliam

148 1805 247 1836 flectit
266 1815 403 1836 currum.
447 1804 542 1846 Regii
561 1804 656 1836 nostri
677 1805 810 1836 Codices

150 1854 268 1885 habent
282 1857 384 1886 cretis.
422 1856 575 1895 Applicat.
598 1855 667 1885 Hoc
681 1856 810 1886 verbum

149 1903 270 1935 nonnisi
291 1904 449 1934 montibus
472 1904 629 1940 convenit,
653 1915 730 1946 quos
753 1904 810 1936 illa.

144 1952 212 1994 jam
233 1952 333 1994 petit3
355 1957 514 1994 sumptum
533 1959 636 1984 autem
653 1963 672 1983 a
686 1953 806 1985 nautis:

146 2001 192 2033 iii.
207 2002 282 2033 598.

190 2051 267 2082 226.
292 2051 422 2082 Radices
447 2061 509 2082 non
538 2052 762 2093 spernebantur
788 2063 807 2083 a

150 2099 261 2141 magis,
277 2110 342 2131 ver.
357 2100 440 2139 2645
463 2101 574 2131 Horat.
590 2100 692 2143 Epod.
706 2112 735 2133 v.
750 2103 805 2133 68.

150 2149 271 2179 Falcem
291 2150 416 2180 ahenam
443 2149 554 2180 iisdem
580 2150 689 2181 tribuit
711 2151 805 2182 etiam

149 2197 312 2240 Virgilius,
337 2199 414 2230 AEn.
436 2199 492 2230 lib.
510 2199 553 2230 iv.
569 2200 652 2238 5133
675 2210 807 2241 eamque

149 2258 169 2278 a
181 2248 335 2290 Sophocle
355 2248 469 2279 habere
483 2248 647 2280 videbatur
660 2250 806 2280 Macrob.

148 2309 179 2328 v.
195 2298 246 2329 19.
299 2297 404 2328 Etiam
428 2297 511 2328 vasis
534 2303 565 2329 et
589 2298 682 2329 armis
707 2300 809 2330 ahenis

148 2347 315 2378 utebantur
324 2346 357 2378 in
368 2347 460 2378 rebus
471 2347 610 2389 magicis.
632 2349 710 2379 Mox
720 2359 809 2380 versu

149 2397 226 2427 247.
241 2397 338 2427 AEnea
350 2397 511 2428 carchesia.

192 2446 268 2477 231.
291 2445 392 2477 Boebes
418 2445 552 2476 correxit
575 2445 653 2478 Cod.
676 2447 809 2488 Regius,

151 2505 248 2536 quum
265 2495 384 2526 Phoebes
407 2494 572 2536 legeretur.
619 2495 704 2526 Boebe
723 2496 809 2538 oppi-

152 2544 227 2575 dum
241 2549 273 2575 et
285 2544 374 2576 lacus
388 2544 468 2575 inter
485 2544 651 2586 Sepiadem
667 2550 699 2575 et
712 2545 810 2576 Penei

149 2593 240 2625 ostia.
276 2594 404 2625 Homer.
429 2594 469 2625 Il.
499 2598 538 2625 Β.
562 2594 642 2624 711:
678 2594 742 2624 vid.
767 2594 810 2625 Is.

153 2642 283 2673 Vossius
297 2642 337 2673 ad
351 2642 483 2679 Melam,
496 2643 541 2673 ΙΙ.
557 2641 601 2673 iii.
614 2644 664 2674 82.
697 2644 809 2673 Anthe-

151 2692 220 2727 don,
241 2692 314 2722 urbs
333 2691 364 2722 in
386 2692 473 2723 litore
492 2691 624 2722 Boeotiae
647 2703 663 2722 e
684 2692 807 2732 regione

151 2740 293 2772 Euboeae.
343 2740 433 2771 Vivax
448 2740 567 2782 Regius
582 2740 809 2782 interpretatur,

873 1509 958 1551 quod
983 1510 1078 1540 vitam
1104 1508 1160 1539 dat
1183 1514 1215 1539 et
1239 1512 1412 1538 conservat.
1443 1506 1494 1538 Sic
1515 1506 1538 1538 i.

874 1559 948 1590 419.
994 1559 1041 1589 Ex
1057 1557 1164 1598 mytho
1184 1556 1313 1597 antiquo
1327 1556 1537 1586 nascebantur

874 1607 992 1642 herbae,
1008 1607 1121 1649 quibus
1138 1606 1202 1637 vita
1217 1606 1391 1636 conservari
1411 1604 1535 1635 immor-

875 1655 1044 1698 talitasque
1060 1655 1126 1686 dari
1142 1654 1339 1686 credebatur.
1377 1653 1462 1684 Illud
1477 1653 1534 1695 igi-

876 1711 925 1736 tur
953 1716 1082 1747 gramen
1111 1715 1173 1735 non
1194 1709 1381 1734 venenatum
1409 1702 1538 1744 quidem

877 1760 953 1790 erat,
978 1760 1010 1785 at
1032 1757 1129 1791 vivax,
1150 1751 1309 1794 juventuti
1334 1751 1535 1784 restituendae

876 1808 995 1844 aptum.
1040 1802 1144 1835 Possis
1165 1808 1197 1834 et
1217 1801 1261 1833 sic
1282 1801 1436 1843 accipere,
1452 1801 1537 1843 quod

876 1866 938 1886 non
956 1852 1047 1884 facile
1060 1852 1235 1888 marcescit,
1248 1857 1294 1887 ut,
1308 1851 1350 1882 iv.
1366 1851 1450 1881 Fast.
1462 1852 1537 1882 394.

876 1915 938 1946 quo
949 1903 1058 1934 eodem
1069 1913 1161 1933 sensu
1174 1902 1331 1932 Gesnerus
1343 1912 1349 1929 ι
1368 1900 1537 1932 Claudian.

876 1966 907 1985 x.
922 1955 995 1985 158.
1011 1953 1189 1983 immortales
1199 1950 1314 1982 Glauci
1326 1952 1428 1981 herbas
1440 1951 1535 1992 capit.

876 2003 990 2034 Lenzio
1001 2001 1123 2032 videtur
1138 2011 1205 2032 esse
1217 2001 1300 2031 idem
1314 2011 1408 2042 quam
1419 2000 1536 2036 vivum,

873 2062 990 2083 recens.
1038 2051 1178 2081 Nondum
1193 2051 1362 2091 vulgatum,
1377 2049 1407 2079 in
1424 2049 1537 2090 vulgus

874 2106 993 2137 notum,
1010 2106 1124 2130 mutato
1146 2109 1265 2139 corpore
1281 2098 1435 2134 additum,
1451 2104 1485 2129 ut
1500 2098 1536 2130 ii.

873 2152 937 2182 219
952 2162 960 2187 3
998 2150 1040 2180 vi.
1069 2150 1143 2180 418.
1197 2147 1356 2179 Graminis
1384 2147 1476 2189 hujus
1505 2153 1537 2178 et

877 2201 991 2231 Glauci
1015 2198 1153 2230 fabulam
1177 2198 1243 2239 ipse
1268 2204 1371 2228 narrat
1392 2197 1456 2228 xiii.
1471 2198 1535 2228 925

873 2261 942 2292 sqq.

918 2300 994 2330 234.
1018 2298 1106 2328 Nona
1129 2299 1212 2334 dies,·
1237 2306 1348 2326 novem
1371 2295 1437 2326 dies
1459 2296 1532 2327 toti-

877 2349 1010 2388 demque
1026 2351 1133 2377 noctes
1147 2345 1179 2375 in
1194 2344 1373 2381 lustrandis,
1390 2355 1459 2386 quae
1476 2356 1530 2375 no-

875 2397 994 2427 minata
1009 2400 1092 2431 sunt,
1107 2395 1183 2426 locis
1199 2395 1400 2436 consumpsit.
1438 2394 1534 2425 Vide-

877 2453 924 2477 tur
940 2451 1044 2477 autem
1059 2444 1242 2476 novenarius
1261 2451 1296 2475 ut
1310 2444 1462 2475 ternarIus
1477 2454 1534 2474 nu-

876 2506 978 2526 merus
992 2495 1032 2525 ad
1047 2493 1230 2525 veneficium
1245 2493 1409 2535 pertinere.
1454 2493 1534 2524 Peu-

876 2547 932 2575 nis.
955 2544 1036 2574 Vide
1060 2543 1099 2574 ad
1114 2553 1235 2573 versum
1250 2543 1322 2573 350.
1370 2542 1457 2572 Tucci
1471 2541 1535 2572 vim

875 2594 1022 2635 majorem
1039 2592 1148 2623 veneni
1175 2591 1313 2622 declarat
1337 2601 1428 2632 quam
1442 2594 1533 2629 pasti,

878 2643 959 2684 qnod
984 2654 1001 2673 e
1025 2642 1122 2672 tribus
1148 2641 1237 2671 MSS.
1267 2640 1395 2671 Heinsio
1418 2641 1534 2681 placet.

880 2693 975 2728 Tacti,
988 2694 1043 2721 nisi
1058 2694 1156 2721 miore.
1181 2690 1346 2731 Ingeniose
1362 2690 1418 2720 hoc
1434 2688 1533 2723 finxit,

878 2748 912 2772 ut
937 2741 998 2772 vini
1024 2740 1191 2771 maximam
1214 2738 1455 2770 medicaminum
1480 2737 1534 2768 de-
