1763 3181
405 185 1026 226 METAMORPHOSEON
1059 186 1178 228 LIB.
1212 187 1292 228 IV.

1457 189 1542 231 327

155 298 401 361 Pegason,
430 306 480 346 et
504 299 721 355 fratrem,
749 301 920 347 matris
946 301 1008 348 de
1034 302 1274 364 sanguine
1299 309 1458 350 natos.

150 376 360 423 Addidit
380 383 431 424 et
455 377 589 438 longi
614 393 712 422 non
737 375 860 423 falsa
884 377 1105 440 pericula
1128 395 1302 426 cursus
1325 397 1334 427 :

1443 383 1538 428 786

152 452 275 507 Quae
299 453 440 508 freta,
469 469 592 515 quas
614 460 767 500 terras
794 454 887 500 sub
913 471 966 501 se
990 455 1198 503 vidisset
1223 457 1284 503 ab
1311 457 1439 514 alto;

152 528 218 576 Et
241 546 352 593 quae
372 530 574 594 jactatis
601 531 849 593 tetigisset
874 532 1037 579 sidera
1060 533 1235 596 pennis
1259 551 1269 581 :

150 606 281 654 Ante
307 614 628 672 expectatum
653 609 811 655 tacuit
835 615 1017 663 tamen.

1092 609 1299 673 Excipit
1324 627 1450 657 unus

152 682 193 730 E
217 701 421 732 numero
446 701 721 749 procerum,
747 703 989 749 quael‘enS,
1018 703 1105 733 CUI=
1130 687 1237 733 SOla
1262 703 1482 734 sororum

152 760 377 808 Gesserit
400 762 600 809 alternis
626 763 877 810 immixtos
903 763 1120 810 crinibus
1147 779 1352 826 angues.

1444 768 1533 812 791

151 837 348 902 Hospes
374 839 469 887 ait:
512 846 542 864 “
570 840 816 894 Quoniam
843 841 1036 887 scitaris
1062 840 1214 902 digna
1239 841 1412 897 relatu,

143 916 332 980 Accipe
358 917 554 979 quaesiti
579 933 809 966 causam:
849 918 1122 965 clarissima
1146 918 1316 974 forma,

147 991 523 1056 Multorumque
547 995 638 1042 fuit
663 1013 777 1059 spes
803 996 1045 1060 invidiosa
1076 1012 1336 1059 procorum

146 1069 266 1127 Illa3
308 1086 398 1118 nec
424 1071 473 1117 in
497 1079 601 1120 tota
625 1074 938 1137 conspectior
965 1074 1064 1120 ulla
1088 1073 1282 1136 capillis

1438 1076 1532 1120 795

146 1146 270 1194 Pars
295 1147 414 1195 fuit:
454 1148 632 1204 inveni,
656 1149 740 1213 qui
768 1167 821 1197 se
846 1151 1028 1197 vidisse
1054 1150 1309 1197 referrent.

148 1222 292 1271 Hanc
319 1224 493 1287 Pelagi
519 1233 680 1273 rector
704 1227 892 1290 templo
918 1227 1117 1274 vitiasse
1144 1226 1383 1274 Minervae

148 1300 370 1349 Dicitur:
411 1317 582 1349 aversa
607 1309 698 1358 est,
726 1311 776 1351 et
801 1311 965 1351 castos
988 1303 1147 1366 aegide
1170 1304 1335 1350 vultus

147 1377 281 1425 Nata
299 1378 329 1425 J
333 1379 436 1426 ovis
460 1380 611 1428 texit:
652 1397 775 1429 neve
800 1382 894 1429 hoc
919 1382 1121 1445 impune
1145 1380 1335 1436 fuisset,

1443 1383 1537 1428 799

148 1455 469 1518 Gorgoneum
487 1463 657 1521 turpes
681 1458 869 1506 crinem
893 1458 1099 1506 mutavit
1118 1458 1167 1505 in
1187 1457 1389 1521 hydros.
1420 1459 1536 1519 [tes,

148 1532 295 1581 Nunc
322 1550 538 1597 quoque,
567 1542 623 1582 ut
656 1536 895 1584 attonitos
929 1535 1189 1583 formidine
1215 1542 1399 1582 terreat
1424 1535 1538 1582 hos-

148 1610 359 1660 Pectore
385 1611 435 1659 in
460 1614 681 1669 adverso,
711 1630 834 1677 quos
860 1614 992 1670 fecit,
1021 1613 1235 1660 sustinet
1255 1612 1496 1675 angues.”

144 1744 247 1786 ryonis
262 1750 360 1787 pater.
387 1746 536 1788 Apollod.
546 1747 642 1778 nimia
653 1748 805 1780 brevitate

144 1794 294 1825 obscurus
318 1801 376 1826 est.
428 1797 552 1833 Cursus,
576 1797 634 1828 iter
662 1798 693 1827 in
723 1808 805 1835 aere,

144 1845 295 1876 vocabulo
311 1856 329 1876 a
345 1845 542 1887 navigatione
555 1852 692 1888 sumpto.
726 1848 805 1878 Ver-

143 1893 192 1925 bis
206 1895 360 1936 nonfalsa
376 1896 475 1936 tangit
489 1896 657 1926 vanitatem
672 1897 808 1938 peregri-

144 1943 297 1980 nantium,
327 1944 381 1986 qui
411 1944 511 1975 solent
546 1945 645 1975 multa
673 1945 807 1976 mentiri.

144 1993 224 2024 Ante
238 2000 434 2033 expectatum,
447 1993 479 2024 id
495 1999 552 2029 est,
569 1993 668 2025 tacuit
681 2000 785 2026 tamen
799 2007 807 2034 3

142 2040 237 2072 etiam
251 2041 317 2073 viii.
334 2044 373 2081 53
396 2042 487 2084 Virg.
505 2042 620 2084 Georg.
633 2043 676 2074 iii.
691 2044 765 2074 348.

187 2091 259 2122 790.
283 2092 353 2122 Sola
374 2092 430 2122 illa
448 2092 541 2123 etiam
561 2092 701 2123 mortalis
724 2098 806 2124 erat:

142 2139 275 2170 Hesiod.
322 2141 508 2172 Clarissima.
561 2141 809 2172 Pulcherrimam

143 2188 329 2221 feminarum
367 2189 460 2220 fuisse
490 2189 658 2221 Medusam
689 2190 809 2229 serunt3

143 2237 308 2274 Pindarus,
338 2239 422 2270 Pith.
452 2239 508 2270 xii.
537 2240 590 2269 28.
620 2250 689 2269 eam
717 2247 810 2270 vocat

147 2284 325 2328 εὐπάραου,
350 2287 435 2318 illius
458 2287 565 2329 itaque
593 2298 695 2319 amore
722 2288 805 2330 capti

143 2335 381 2377 obstupuerunt.
427 2337 496 2376 Spes
519 2338 685 2374 invidiosa5
710 2347 805 2378 quam

143 2393 215 2414 cum
226 2384 344 2416 invidia
357 2391 387 2416 et
399 2386 597 2417 aemulatione
610 2391 720 2417 mutua
736 2397 804 2428 spe-

142 2433 253 2464 rabant
263 2434 371 2473 multi3
387 2440 516 2465 venuste
533 2440 564 2465 et
579 2445 616 2466 ex
630 2435 803 2465 imitatione

142 2481 282 2524 Propert.
297 2483 342 2514 II.
357 2483 447 2525 Eleg.
463 2483 484 2515 i.
501 2484 541 2514 83
555 2496 561 2513 :
590 2484 736 2515 Maecenas
752 2496 804 2514 no-

142 2537 210 2563 strae
225 2543 286 2572 spes
307 2534 455 2564 invidiosa
465 2536 614 2574 juventae.
661 2534 804 2573 Conspec-

144 2583 216 2618 tior,
235 2582 402 2624 pulchrior.

187 2631 261 2661 796.
285 2631 480 2673 Referrent]
515 2632 566 2662 Sic
592 2632 726 2663 Codices
751 2642 804 2661 no-

144 2678 198 2710 stri
222 2679 328 2722 Regii,
345 2682 428 2722 quod
452 2681 575 2724 praetuli
598 2692 652 2723 pro
676 2681 803 2723 referret

872 1747 955 1790 quod
971 1748 1151 1788 legebatur3
1176 1757 1248 1777 nam
1269 1746 1351 1776 facto
1371 1745 1474 1776 adhue
1490 1756 1538 1776 re-

872 1803 973 1832 cente,
998 1797 1101 1839 plures
1125 1795 1257 1827 inveniri
1283 1795 1458 1826 debuerunt
1482 1795 1536 1836 qui

872 1847 1023 1888 referrent
1039 1858 1066 1876 se
1082 1848 1197 1876 vidisse.
1246 1845 1373 1884 Templo-
1421 1845 1538 1875 Secun-

874 1896 949 1926 dum
975 1895 1108 1926 Hesiod.
1131 1896 1298 1936 Neptunus
1323 1904 1392 1925 eam
1413 1893 1538 1924 vitiavit

874 1944 906 1975 in
922 1951 1020 1987 prato,
1034 1944 1068 1976 ἐν
1083 1945 1220 1986 μαλακῷ
1235 1944 1376 1984 λειμῶνι.
1414 1943 1538 1984 Nempe

876 1995 1026 2033 templum,
1044 1998 1078 2023 ut
1092 1991 1233 2035 τέμενος,
1249 1991 1348 2022 omnis
1363 1990 1451 2022 locus
1469 1992 1539 2022 Deo

876 2049 1086 2073 consecratus.

919 2093 994 2123 802.
1021 2092 1144 2122 Pectore
1156 2093 1190 2121 in
1202 2092 1333 2127 adverso,
1345 2090 1421 2130 etc.]
1447 2089 1539 2120 Dono

876 2141 1027 2172 Minerva:
1050 2140 1138 2172 dedit
1159 2141 1290 2171 Perseus
1314 2141 1373 2171 hoc
1395 2139 1538 2170 Medusae

876 2196 990 2231 caput3
1007 2190 1062 2220 illa
1079 2200 1149 2220 vero
1166 2189 1214 2219 vel
1226 2189 1257 2218 in
1270 2196 1388 2228 pectore
1401 2199 1454 2218 seu
1471 2187 1538 2218 tho-

877 2250 959 2275 race,
981 2245 1016 2269 ut
1034 2240 1101 2270 vult
1123 2238 1218 2269 etiam
1242 2238 1397 2269 Eratosth.
1415 2237 1476 2272 vel,
1492 2247 1539 2267 se-

874 2289 1013 2319 cundum
1030 2287 1230 2329 antiquiores,
1247 2287 1278 2317 in
1295 2288 1406 2329 clypeo
1426 2286 1538 2328 posuit.

874 2338 1000 2368 Homer.
1016 2337 1103 2368 ΠΕ.
1120 2338 1194 2367 741.
1241 2336 1377 2367 Seriores
1400 2342 1431 2366 et
1454 2336 1537 2366 hunc

873 2393 903 2418 et
919 2386 1008 2417 illum
1025 2397 1060 2417 eo
1072 2391 1193 2416 ornant.
1220 2386 1258 2416 In
1272 2385 1334 2416 foro
1348 2385 1535 2426 Argivorum

872 2435 1033 2467 conditum
1064 2436 1121 2466 hoc
1151 2441 1245 2476 caput
1282 2446 1348 2466 esse
1387 2434 1535 2465 aiebant:

876 2486 1015 2515 Pausan.
1033 2485 1066 2515 d.
1083 2484 1104 2515 l.
1150 2484 1307 2515 Caeterum
1331 2483 1362 2513 hi
1385 2483 1446 2514 duo
1468 2494 1538 2525 pos-

872 2534 962 2565 tremi
982 2544 1086 2564 versus
1111 2545 1171 2564 non
1192 2539 1321 2575 possunt
1345 2533 1458 2563 Perseo
1483 2532 1538 2563 tri·

871 2583 944 2621 bui3
963 2584 1028 2624 ipse
1046 2582 1129 2613 enim
1151 2587 1247 2624 caput
1262 2582 1364 2613 adhuc
1382 2581 1539 2624 habebat3

873 2642 974 2672 neque
998 2633 1076 2663 bene
1092 2642 1129 2662 ex
1147 2631 1253 2662 Ovidii
1267 2642 1400 2673 persona
1419 2631 1535 2673 adjecti

873 2687 956 2712 sunt.
