1729 3207
231 211 271 251 xl
748 206 1088 248 PRAEFATIO

229 323 499 378 supellectilis
535 323 575 362 in
614 320 871 362 Philemonis
911 335 1022 368 casa,
1059 319 1258 374 epulique
1294 322 1348 361 ab
1384 335 1435 362 eo
1469 321 1606 374 parati

226 402 467 456 descriptio.
521 400 580 440 Et
600 399 672 454 qui
693 399 835 439 tenuia
857 398 914 439 sic
935 399 1112 447 ornavit,
1134 400 1225 452 ejus
1248 399 1459 453 ingenium
1481 398 1605 439 etiam

228 482 269 521 in
290 480 531 533 majoribus,
555 478 767 518 atrocibus
788 477 896 517 adeo
917 477 1085 517 eminet.

692 623 816 660 Tanta
835 623 1021 672 vertigine
1040 629 1178 673 pontus

330 688 481 731 Fervet,
501 696 540 724 et
560 685 716 722 inducta
734 685 848 735 piceis
868 698 888 722 e
907 685 1070 722 nubibus
1090 686 1222 722 umbra

329 750 453 787 Omne
471 749 565 785 latet
584 747 721 785 coelum
742 746 1007 796 duplicataque
1026 747 1145 784 noctis
1164 747 1285 797 imago
1305 755 1361 784 est
1377 748 1385 782 !

329 812 454 855 Unda,
474 811 579 849 velut
597 810 746 853 victrix,
767 810 934 846 sinuatas
953 809 1111 859 despicit
1130 809 1264 853 undas,

328 875 369 911 N
371 888 412 912 ec
430 874 564 917 levius,
584 886 696 923 quam
716 873 746 909 si
764 873 848 922 quis
868 872 999 909 Athon
1020 872 1264 923 Pindumque
1284 873 1450 911 revulsos

328 936 427 974 Sede
446 950 513 973 sua
530 942 627 972 totos
646 935 685 971 in
704 942 878 984 apertum
898 935 1078 972 everterit
1097 948 1233 985 aequor,

329 999 570 1050 Praecipitata
588 998 678 1035 ruit.

226 1173 313 1214 Sed
348 1180 461 1213 totus
495 1171 626 1221 locus,
662 1172 718 1212 xi.
752 1171 952 1220 478-560,
989 1171 1310 1225 cognoscendus
1348 1178 1434 1219 est;
1476 1170 1606 1212 habet

225 1253 334 1292 enim
365 1252 579 1305 egregiam
608 1251 886 1304 tempestatis,
916 1250 1045 1290 studii
1072 1257 1296 1290 nautarum
1322 1249 1363 1289 in
1390 1263 1495 1290 nave
1521 1264 1606 1290 ser-

226 1330 377 1378 vanda,
394 1336 437 1370 et
457 1329 665 1384 naufragii
681 1329 1020 1383 descriptionem.
1069 1328 1188 1369 Idem
1208 1328 1436 1383 ingenium,
1458 1328 1606 1369 eadem

224 1409 449 1463 phantasia
488 1408 530 1448 in
564 1407 877 1448 narrationibus
913 1406 1063 1447 elucet.
1126 1406 1229 1446 Non
1264 1404 1332 1446 ille
1372 1405 1607 1446 summatim

224 1493 381 1535 narrat,
403 1486 478 1527 sed
502 1487 640 1527 onmia
661 1486 808 1526 ordine
830 1484 1029 1539 explicat,
1052 1493 1100 1525 ut
1120 1492 1167 1525 tu
1189 1485 1357 1525 adstare
1378 1484 1524 1538 reique
1545 1483 1607 1523 in-

224 1573 382 1606 teresse
403 1565 479 1605 tibi
497 1564 698 1613 videaris3
732 1571 776 1605 et
797 1565 830 1604 si
851 1565 955 1618 quid
975 1563 1245 1605 memorabile
1271 1563 1434 1611 incidit,
1455 1562 1500 1603 id
1521 1562 1606 1602 suis

226 1644 364 1698 pingit
384 1643 610 1685 coloribus.
673 1643 883 1698 Daphnes
904 1644 1120 1699 fugientis,

688 1768 898 1806 Nudabant
918 1782 1068 1820 corpora
1086 1768 1204 1811 venti,

330 1831 526 1881 Obviaque
545 1830 717 1868 adversas
736 1831 934 1868 vibrabant
954 1830 1104 1868 flamina
1122 1837 1257 1873 vestes,

329 1894 383 1931 Et
402 1893 495 1930 levis
514 1894 682 1943 impexos
700 1901 800 1930 retro
818 1893 931 1931 dabat
949 1907 1040 1931 aura
1058 1892 1221 1943 capillos.

227 2014 286 2054 Et
306 2028 403 2053 mox
425 2013 478 2053 de
500 2027 602 2053 cane
619 2012 753 2067 lepori
774 2013 970 2061 instante,

327 2111 440 2149 Alter
460 2111 646 2148 inhaesuro
664 2110 808 2154 similis,
823 2111 903 2160 jam
919 2111 1074 2160 jamque
1093 2117 1224 2148 tenere

329 2173 478 2224 Sperat,
500 2181 538 2211 et
556 2180 712 2211 extento
730 2173 884 2223 stringit
903 2173 1063 2222 vestigia
1082 2179 1223 2210 rostro:

327 2236 441 2273 Alter
460 2236 499 2273 in
517 2236 691 2286 ambiguo
709 2242 780 2280 est,
801 2249 848 2272 an
868 2235 917 2272 sit
933 2234 1152 2285 deprensus,
1173 2243 1211 2273 et
1232 2235 1322 2286 ipsis

328 2299 519 2337 Morsibus
537 2299 710 2349 eripitur,
725 2298 996 2348 tangentiaque
1017 2311 1079 2335 ora
1097 2298 1293 2349 relinquit.

226 2440 356 2488 Quod
386 2440 498 2481 idem
518 2441 736 2489 variatum,
758 2441 826 2481 vii.
850 2441 927 2481 781
957 2456 1048 2495 sqq.
1110 2440 1239 2482 Adde
1271 2441 1312 2481 ii.
1339 2441 1437 2489 861,
1467 2439 1605 2480 lusum

227 2519 415 2573 Europae
451 2526 494 2559 et
523 2517 616 2558 falsi
643 2518 778 2566 tauri3
810 2517 866 2557 iii.
897 2519 953 2559 66
980 2532 1069 2571 sqq.
1102 2524 1340 2571 serpentem
1370 2517 1520 2558 Cadmi
1541 2517 1606 2571 ja-

225 2595 319 2637 culo
354 2595 639 2643 vulneratun1;
681 2595 757 2634 125
790 2609 879 2648 sqq.
916 2592 1132 2634 Actaeonis
1168 2609 1245 2648 per
1276 2608 1401 2635 canes
1433 2593 1606 2634 dilania-

224 2675 403 2723 tioncn13
449 2674 502 2713 iv.
537 2674 634 2722 358,
672 2671 918 2713 Salmacidis
958 2681 1001 2712 et
1042 2672 1395 2727 Hermaphroditi
1433 2671 1602 2713 luctam.

227 2752 290 2793 lb.
314 2752 410 2793 480,
