1763 3181
411 169 1034 211 METAMORPHOSEON
1065 170 1185 211 LIB.
1208 171 1263 212 V.
1442 171 1527 212 367

146 284 309 339 Quam
333 292 601 348 postquam
625 290 729 331 toto
752 284 934 331 frustra
958 285 1207 347 quaesistis
1230 286 1280 332 in
1305 285 1438 341 orbe,

145 361 378 410 Protinus
403 369 458 409 ut
481 369 693 409 vestram
719 361 959 409 sentirent
983 377 1183 424 aequora
1207 378 1392 418 curam,

145 437 302 486 Posse
327 455 475 504 super
499 440 680 485 fluctus
707 439 893 485 alarum
918 438 1147 486 insistere
1172 439 1318 486 remis

148 515 400 580 Optastis3
440 516 711 579 facilesque
739 516 873 563 Deos
899 516 1158 573 habuistis,
1186 524 1235 564 et
1260 524 1393 564 artus

143 595 348 641 Vidistis
372 601 562 642 vestros
590 593 766 641 subitis
792 594 1058 642 flavescere
1084 594 1278 657 pennis.
1429 598 1526 642 560

143 671 223 719 Ne
246 678 414 719 tamen
437 671 520 719 ille
545 686 709 726 canor,
737 660 1028 718 mulcendas
1054 678 1198 718 natus
1226 671 1287 718 ad
1313 687 1472 727 aures,

139 748 401 811 Tantaque
425 747 516 794 dos
541 748 638 795 oris
663 747 843 810 linguae
869 747 1164 811 deperderet
1188 765 1349 805 usum,

139 825 359 888 Virginei
384 825 564 880 vultus,
592 831 642 872 et
665 840 762 871 vox
788 824 1004 872 humana
1028 826 1279 873 remansit.

205 902 275 949 At
297 901 490 949 medius
515 901 778 964 fratrisque
799 902 873 948 sui
898 908 1190 965 moestaeque
1216 902 1410 958 sororis,

138 978 336 1043 Jupiter
359 994 422 1025 ex
447 994 589 1041 aequo
613 977 890 1024 volventem
915 977 1091 1025 dividit
1115 995 1314 1026 annum.
1423 981 1517 1026 565

141 1056 289 1104 Nunc
316 1056 441 1111 Dea,
468 1071 730 1118 regnorum
754 1072 938 1103 numen
963 1072 1224 1104 commune
1249 1057 1474 1111 duorum,

142 1133 272 1181 Cum
287 1140 444 1181 matre
462 1140 540 1181 est
557 1133 783 1188 totidem,
801 1133 1008 1180 totidem
1027 1149 1140 1180 cuni
1159 1135 1371 1196 conjuge
1387 1149 1522 1180 men-

136 1211 359 1259 Vertitur
383 1211 634 1275 externplo
658 1210 826 1266 facies,
853 1218 903 1258 et
926 1211 1124 1267 mentis,
1152 1219 1203 1258 et
1226 1211 1351 1267 oris3
1401 1212 1522 1272 [ses.

137 1288 286 1346 Nam,
303 1289 451 1336 modo
470 1305 582 1352 quae
604 1294 798 1352 poterat
814 1288 919 1335 Diti
941 1305 1141 1352 quoque
1160 1296 1337 1336 moesta
1350 1287 1523 1335 videri,

138 1365 276 1414 Laeta
300 1365 421 1413 Deae
445 1365 579 1412 frons
601 1371 703 1421 est3
744 1370 798 1411 ut
825 1364 927 1420 Sol,
956 1365 1041 1428 qui
1066 1372 1229 1413 tectus
1256 1365 1455 1429 aquosis

138 1442 370 1490 Nubibus
392 1449 505 1489 ante
529 1441 636 1497 fuit,
661 1440 806 1489 victis
831 1441 915 1488 ubi
940 1442 1156 1489 nubibus
1185 1443 1305 1491 exit.

1427 1444 1519 1490 571

205 1519 378 1582 Exigit
401 1520 532 1567 alma
558 1519 728 1574 Ceres,
756 1525 871 1566 nata
894 1535 1068 1567 secura
1091 1527 1306 1583 recepta,

136 1653 275 1685 quaerere
289 1642 431 1684 possetis.
461 1643 524 1672 Alae
539 1641 716 1683 frequenter
726 1652 797 1672 cum

136 1691 263 1724 navium
274 1694 361 1723 remis
372 1697 602 1733 comparantur.
626 1691 797 1732 Remigium

135 1742 256 1772 alarum
277 1746 324 1772 est
347 1740 431 1782 apud
445 1740 637 1776 Lucretium,
654 1739 696 1770 vi.
713 1741 774 1772 743
788 1751 797 1778 ;

137 1796 170 1821 et
205 1790 289 1832 apud
318 1789 430 1830 Virgil.
469 1789 647 1830 aliquoties.
686 1788 796 1830 Eurip.

136 1839 241 1881 Iphig.
275 1839 371 1871 Taur.
397 1840 470 1869 289.
500 1840 631 1880 πτεροῖς
665 1837 795 1880 ἐρέσσει.

136 1888 312 1931 Reciproca
333 1894 390 1925 est,
412 1888 595 1919 observante
619 1886 735 1923 Servio,
757 1886 797 1917 ad

137 1940 214 1970 AEn.
237 1938 259 1969 i.
280 1939 355 1969 224.
378 1937 504 1968 navium
522 1943 553 1968 et
576 1936 680 1967 avium
698 1942 796 1967 meta-

137 1987 244 2029 phora.
287 1988 401 2029 ]taque
429 1986 505 2017 remi
534 1985 671 2017 vicissim
698 1986 794 2016 Hom.

137 2037 200 2069 Od.
219 2041 256 2068 A.
274 2038 345 2068 124.
360 2041 510 2067 vocantur
526 2034 640 2077 πτερά.
685 2035 797 2065 Facilis

137 2087 238 2123 Deus,
263 2086 316 2128 qui
346 2085 437 2117 facile
460 2091 492 2116 et
518 2085 653 2127 benigne
677 2086 796 2116 obtem-

137 2140 226 2177 perat
239 2135 394 2178 precibus.

180 2185 253 2216 561.
278 2184 379 2215 Natus
400 2184 466 2224 ad.]
500 2182 583 2215 Vide
605 2182 645 2214 ad
665 2182 697 2213 ii.
719 2183 794 2213 223.

137 2239 228 2264 natus
241 2235 280 2264 ad
295 2244 380 2264 sacra
397 2233 547 2263 Cithaeron
560 2243 569 2269 ‚·
585 2237 616 2262 et
628 2231 709 2262 infra
717 2232 793 2262 591.

180 2283 254 2313 564.
278 2282 398 2313 Medius
403 2281 522 2323 fratris
535 2287 563 2311 et
578 2282 683 2311 sororis
694 2292 705 2318 ,·
730 2291 795 2311 me-

137 2330 207 2363 dius
227 2331 308 2362 inter
322 2331 446 2362 fratrem
461 2338 492 2361 et
505 2341 648 2366 sororem,
664 2329 722 2361 hoe
738 2336 795 2366 est,

137 2380 262 2422 utrique
285 2391 374 2422 aeque
399 2380 517 2411 favens.
542 2380 652 2410 Horat.
675 2378 708 2410 ii.
733 2378 796 2410 Od.

138 2429 203 2460 xix.
218 2431 271 2462 28.
287 2430 377 2460 Pacis
399 2430 512 2459 medius
531 2435 560 2459 et
583 2429 662 2464 belli,
684 2428 716 2459 id
739 2434 795 2466 est,

138 2478 261 2520 utrique
291 2489 380 2520 aeque
408 2478 551 2509 idoneus.
612 2478 794 2513 Volventem,

138 2526 269 2564 scilicet,
285 2538 329 2565 se,
345 2528 472 2558 verbum
487 2532 593 2569 aptum
606 2526 644 2557 de
663 2526 796 2558 decursu

138 2577 224 2614 anui,
252 2577 306 2618 qui
341 2586 462 2618 semper
494 2576 527 2607 in
562 2577 668 2607 orbem
703 2575 794 2606 redit.

137 2627 265 2658 Homer.
280 2626 350 2663 ἔτος
365 2625 615 2668 περιπλόμενον.
645 2625 692 2655 Ex
706 2637 796 2665 aequo,

139 2675 172 2705 in
187 2685 293 2717 aequas
306 2680 421 2717 partes.
463 2675 538 2705 Cum
553 2680 671 2711 matre;
696 2678 730 2705 ut
744 2684 799 2715 per

140 2734 194 2755 sex
218 2735 351 2761 menses,
371 2724 485 2766 quibus
507 2724 558 2755 Sol
582 2724 614 2754 in
638 2723 735 2765 signis
753 2729 798 2754 est

864 1642 1073 1678 Australibus,
1095 1642 1179 1684 apud
1201 1641 1346 1673 maritum
1369 1641 1420 1678 sit,
1443 1641 1523 1672 iufra

864 1697 999 1730 terram;
1021 1702 1074 1722 sex
1097 1691 1186 1728 alios,
1203 1691 1316 1733 quibus
1336 1691 1409 1721 visit
1428 1691 1524 1721 Bore-

865 1740 928 1771 alia
943 1751 1048 1781 regna,
1064 1746 1236 1782 emergant,
1254 1745 1475 1775 maturescant,
1491 1739 1524 1770 in

863 1789 972 1820 horrea
987 1789 1185 1831 deportentur
1199 1789 1314 1830 fruges.
1355 1789 1413 1819 Vel
1429 1787 1524 1818 etiam

864 1839 946 1880 quod
969 1840 1068 1874 Luna,
1084 1849 1153 1879 quae
1167 1838 1277 1870 eadem
1290 1843 1337 1869 est
1355 1849 1424 1879 quae
1448 1838 1525 1867 Pro·

863 1888 986 1930 serpina
1001 1894 1032 1918 et
1051 1888 1170 1924 Diana,
1187 1898 1226 1919 ex
1247 1898 1338 1929 aequo
1357 1893 1523 1929 utrumque

864 1936 1126 1978 hemisphaerium,
1138 1938 1278 1979 superius
1293 1942 1385 1978 atque
1398 1935 1524 1967 inferius

863 1985 1010 2017 illustret.

906 2035 980 2067 568.
1006 2036 1109 2067 Facies
1132 2038 1249 2071 mentis,
1265 2034 1390 2065 affectio
1416 2033 1522 2065 animi.

864 2085 934 2115 Diti
949 2095 1068 2125 quoque.
1113 2085 1189 2126 Ejus
1204 2083 1286 2114 enim
1301 2089 1391 2124 caput
1403 2084 1524 2113 moestz's-

862 2137 935 2165 sima
950 2135 1040 2164 nubes
1054 2135 1181 2174 Asperat
1197 2140 1224 2164 et
1240 2135 1312 2163 diroe
1332 2135 1410 2173 riget
1431 2133 1522 2162 incle-

862 2185 973 2214 mentia
991 2183 1112 2225 formoe,
1136 2182 1302 2213 Claudian.
1316 2181 1337 2212 i.
1351 2182 1405 2211 81.
1430 2181 1467 2210 In
1489 2180 1522 2211 h.

861 2233 988 2263 Homer.
1005 2233 1080 2262 445.
1102 2231 1226 2272 Jupiter
1246 2241 1301 2271 per
1320 2229 1445 2260 Rheam
1462 2229 1522 2260 Ce-

861 2281 921 2313 reri
944 2281 1034 2312 offert
1056 2280 1265 2311 conditionem
1287 2279 1380 2315 hanc,
1403 2284 1437 2309 ut
1460 2278 1524 2309 filia

862 2331 985 2362 tertiam
1013 2330 1162 2372 cujusque
1193 2328 1265 2359 anni
1300 2334 1418 2370 partem
1449 2338 1521 2358 cum

864 2380 999 2410 Plutone
1023 2379 1076 2414 sit,
1105 2378 1184 2408 duas
1213 2377 1348 2419 reliquas
1377 2387 1448 2407 cum
1474 2376 1520 2418 ip-

860 2440 895 2460 sa
915 2429 947 2459 in
972 2428 1062 2460 coelo.
1109 2427 1295 2458 Conditione
1317 2436 1355 2457 ea
1378 2432 1520 2467 accepta,

862 2477 942 2519 agris
958 2478 1132 2508 ubertatem
1146 2475 1262 2506 reddit.
1309 2475 1359 2505 Sic
1375 2480 1406 2505 et
1421 2474 1518 2515 Apol-

861 2526 926 2557 lod.
956 2526 1035 2556 Fab.
1063 2524 1136 2554 inde
1163 2529 1262 2554 ortam
1295 2528 1384 2564 putat
1412 2521 1517 2553 Schol.

861 2573 990 2605 Hesiod.
1002 2574 1041 2604 ad
1051 2573 1110 2603 Th.
1122 2574 1197 2603 914.
1211 2571 1284 2613 quia
1294 2571 1415 2612 frugum
1427 2572 1518 2601 semi-

863 2634 903 2655 na
914 2623 1033 2664 aliquot
1041 2632 1163 2652 menses
1174 2621 1230 2652 sub
1242 2626 1322 2651 terra
1333 2620 1461 2655 lateant,
1472 2630 1520 2649 re-

865 2673 983 2714 liquum
993 2678 1115 2713 tempus
1122 2681 1214 2712 supra
1223 2676 1335 2701 terram
1345 2674 1521 2700 cernantur.

908 2722 1089 2752 572—641.
1113 2721 1255 2760 Alpheus,
1275 2719 1349 2750 dum
1372 2719 1522 2749 Arethusa
