1763 3181
253 174 337 216 408

640 175 688 215 P.
723 174 934 216 OVIDII
968 175 1246 218 NASONIS

319 289 408 336 VI.
451 289 669 337 Finitimi
707 306 935 354 proceres
971 298 1180 347 coeunt;
1235 290 1481 353 urbesque
1520 307 1629 355 pro-

255 366 470 413 Oravere
495 382 609 413 suos
635 367 703 414 ire
729 366 790 414 ad
816 367 992 414 solatia
1016 383 1173 430 reges,

1407 368 1630 431 [pinquae

254 442 531 505 Argosque,
559 450 608 490 et
635 442 831 507 Sparte,
859 442 1289 507 Pelopeiadesque
1315 443 1562 507 Mycenae,

256 518 320 565 Et
344 519 562 566 nondum
586 526 736 566 torvae
763 519 992 583 Calydon
1018 519 1174 567 invisa
1200 519 1389 575 Dianae,

1534 522 1630 568 415

255 594 696 658 Orchomenosque
720 595 874 652 ferax,
901 602 952 643 et
976 596 1153 643 nobilis
1177 612 1271 644 aere
1298 595 1579 652 Corinthos,

253 671 589 736 Messeneque
607 673 762 729 ferox,
780 672 1058 737 Patraeque,
1076 673 1389 736 humilesque
1409 672 1628 728 Cleonae,

292 816 471 847 412—676.
496 816 621 853 Procne,
636 817 799 848 Philomela
811 824 839 848 et
852 817 906 848 Te-

251 875 316 895 reus
329 866 360 894 in
370 875 447 896 aves.
488 865 628 896 Pandion
639 865 684 897 ΙΙ.
700 866 846 908 Cecropis
858 866 905 897 ΙΙ.

249 913 340 949 filius,
361 920 449 955 pater
464 914 568 956 AEgei,
589 914 641 956 qui
662 915 804 957 regnavit
825 925 906 947 anno

252 964 345 994 1333.
381 969 453 994 ante
489 975 542 994 aer.
578 964 652 996 Chr.
682 964 762 996 filias
796 964 906 996 habuit

252 1012 385 1043 Procnen
405 1018 438 1044 et
453 1013 656 1047 Philomelam.
673 1024 804 1055 quarum
824 1014 903 1056 prio-

246 1072 310 1092 rem
338 1062 427 1093 Tereo
446 1063 571 1099 Thraci,
593 1069 628 1094 ut
651 1074 726 1105 opes
745 1075 816 1095 suas
841 1072 902 1096 sta-

243 1108 357 1147 biliret,
386 1111 418 1142 in
446 1111 675 1143 matrimonium
701 1112 798 1143 dedit.
853 1113 903 1144 Sic

247 1158 431 1195 Pausanias,
445 1159 544 1192 Attic.
566 1171 597 1202 p.
612 1161 650 1191 13
668 1171 677 1198 ;
697 1171 802 1192 verum
822 1161 902 1192 Nos-

245 1213 292 1238 ter
302 1208 456 1240 intellexit
466 1209 659 1241 Pandionem
668 1210 694 1240 I.
710 1209 902 1241 Erichthonii

245 1257 354 1294 filium,
379 1258 433 1299 qui
454 1258 512 1290 fuit
535 1258 625 1290 annis
652 1260 710 1290 130
737 1259 902 1301 antiquior.

246 1306 328 1337 Nam
350 1307 440 1343 infra,
456 1317 545 1338 versu
566 1308 640 1338 677.
656 1308 722 1350 ejus
745 1318 900 1339 successo—

244 1365 308 1385 rem
324 1355 398 1386 facit
413 1356 598 1387 Erechthea.
629 1356 680 1387 Sic
695 1356 789 1387 etiam
805 1357 901 1399 Apol-

243 1404 366 1435 lodorus
376 1416 386 1443 3
422 1409 454 1435 et
482 1404 564 1435 hanc
593 1404 781 1436 Ovidianam
810 1405 901 1436 ratio-

243 1463 315 1483 nem
340 1453 451 1494 probat
472 1454 642 1489 Meursius,
669 1454 774 1494 Regu.
800 1454 901 1485 Attic.

243 1501 297 1532 lib.
312 1501 344 1532 ii.
365 1511 434 1543 cap.
451 1503 470 1531 4
485 1507 517 1532 et
534 1504 566 1533 5.
610 1502 764 1533 Fabulam
788 1507 902 1534 tracta-

242 1557 350 1582 verant
367 1550 509 1592 AEschyl.
520 1557 551 1582 et
565 1552 744 1594 Sophocles.
789 1552 902 1594 Respi-

242 1599 285 1630 cit
308 1610 378 1631 eam
405 1599 500 1631 etiam
525 1601 692 1638 Hesiodus,
709 1600 806 1643 Ἐργ.
829 1603 902 1633 568.

242 1648 357 1680 Confer
385 1648 522 1681 Pausan.
551 1649 649 1681 Attic.
678 1661 709 1692 p.
738 1651 788 1682 13.
817 1652 898 1689 1003

240 1698 336 1729 Phoc.
361 1708 392 1740 p.
413 1699 495 1737 807;
529 1698 676 1740 Apollod.
702 1699 745 1730 iii.
769 1699 832 1731 xiv.
856 1701 898 1739 83

241 1746 384 1777 Eustath.
401 1747 439 1777 ad
459 1747 522 1778 Od.
540 1759 572 1789 p.
588 1748 670 1785 7103
692 1748 796 1779 Tzetz.
813 1749 898 1781 Chil.

241 1795 292 1827 vii.
310 1797 370 1826 142
385 1807 392 1833 ;
418 1796 537 1837 Hygin.
552 1797 616 1828 fab.
632 1798 686 1828 45.
732 1797 899 1830 Diversum

238 1844 380 1887 mythum
400 1843 432 1875 in
451 1845 540 1876 suavi
563 1845 765 1877 similitudine
783 1857 898 1879 memo-

239 1901 286 1925 rat
300 1894 464 1931 Homerus,
481 1894 544 1926 Od.
559 1898 595 1926 T.
610 1896 684 1926 518.
699 1895 752 1926 ubi
770 1896 895 1927 Panda-

238 1943 282 1973 rei
318 1943 380 1974 filia
409 1943 441 1974 in
470 1942 634 1975 lusciniam
663 1950 784 1975 mutata
811 1945 898 1987 luget

238 1992 356 2033 Itylum
381 1992 492 2029 filium,
520 2003 612 2034 quem
638 1993 816 2035 imprudens
837 2005 897 2027 aere

239 2041 405 2073 interfecit.
464 2042 502 2073 In
533 2042 595 2073 alia
628 2042 769 2074 discessit
802 2044 896 2075 etiam

239 2091 341 2121 Boeus
357 2090 441 2132 apud
456 2091 574 2122 Anton.
592 2092 660 2123 Lib.
673 2102 742 2133 cap.
761 2093 812 2123 11.
848 2093 894 2124 Ex

238 2145 341 2171 mente
369 2140 504 2171 Pausan.
533 2141 650 2172 Tereus
674 2140 739 2182 ipse
769 2149 897 2173 mortem

236 2188 295 2220 sibi
310 2189 474 2226 conscivit,
491 2195 521 2221 et
536 2189 569 2220 in
584 2189 704 2221 tumulo
718 2190 784 2232 ejus
798 2191 898 2231 prima

237 2248 342 2280 upupa
358 2237 423 2269 visa
438 2244 498 2269 est.
534 2238 684 2270 Mulieres
696 2245 812 2275 autem,
825 2250 895 2281 quae

235 2286 377 2318 Athenas
400 2287 557 2329 fugerunt,
575 2287 682 2329 ibique
705 2299 767 2330 prae
790 2288 895 2321 dolore

236 2336 473 2372 contabuerunt,
488 2336 520 2367 in
539 2337 735 2368 hirundinem
750 2344 781 2368 et
802 2337 892 2369 lusci-

235 2384 318 2415 niam
333 2390 460 2416 mutatae
471 2386 649 2422 creduntur,
662 2387 745 2428 quod
758 2386 804 2417 hae
821 2397 894 2419 aves

234 2438 344 2464 cantus
359 2433 550 2466 miserabiles
565 2440 596 2465 et
611 2434 768 2466 luctuosos
782 2435 891 2466 edunt.

278 2482 352 2513 413.
366 2483 415 2513 Ad
427 2483 544 2519 solatia,
554 2483 674 2514 scilicet
687 2483 801 2520 danda,
812 2483 893 2515 irent

234 2530 436 2562 consolatum.
480 2532 579 2563 Simili
595 2533 726 2564 transitu
738 2533 804 2574 jam
820 2544 892 2564 usus

233 2585 291 2616 est,
307 2579 328 2611 i.
343 2581 417 2612 577.
459 2581 552 2612 Tales
572 2587 678 2613 autem
700 2582 822 2613 urbium
838 2592 891 2613 ca-

233 2628 328 2670 talogi
343 2629 456 2670 passim
472 2629 657 2662 inseruntur.

275 2679 348 2709 414.
394 2679 535 2720 Mycenas
572 2686 736 2712 tenuerunt
778 2681 892 2720 Pelopis

233 2727 356 2766 posteri,
372 2728 571 2769 Eurystheus,
589 2729 711 2766 Atreus,
727 2730 889 2771 ThyesteS,

972 818 1198 858 Agamemnon.
1244 817 1349 857 Argos,
1374 816 1479 855 Sparte
1503 821 1535 847 et
1561 815 1629 856 My-

972 877 1048 897 cenae
1069 865 1163 897 etiam
1183 866 1222 897 ab
1246 866 1381 896 Homero
1396 870 1427 895 et
1446 865 1484 895 ab
1500 864 1570 895 aliis
1585 864 1628 896 sic

972 925 1033 946 uno
1049 925 1138 946 versu
1154 913 1466 956 comprehenduntur,
1483 912 1629 954 quoniam

971 964 1018 994 hae
1035 970 1094 995 tres
1109 964 1200 994 urbes
1222 963 1338 994 Junoni
1359 962 1391 993 in
1416 963 1522 1004 primis
1539 972 1629 993 carae.

973 1013 1120 1054 Calydon,
1150 1011 1276 1043 AEtoliae
1315 1010 1474 1054 oppidum,
1503 1011 1535 1041 in
1568 1022 1629 1052 quo

974 1062 1077 1093 Diana
1093 1061 1227 1103 Laphria
1250 1060 1444 1102 potissimum
1458 1061 1630 1092 colebatur.

972 1111 1047 1152 Ejus
1061 1112 1138 1141 Dea:
1155 1109 1276 1151 signum
1293 1109 1491 1140 memorabile
1504 1109 1629 1150 Augus-

971 1165 1020 1191 tus
1053 1159 1211 1190 sublatum
1247 1158 1450 1190 Patrensibus
1486 1158 1626 1190 donavit.

970 1210 1108 1240 Pausan.
1128 1210 1266 1240 Messen.
1285 1219 1316 1250 p.
1331 1209 1414 1245 357;
1438 1208 1573 1239 Achaic.
1597 1219 1628 1250 p.

969 1258 1045 1289 569.
1090 1258 1169 1288 Tum
1186 1256 1323 1288 nondum
1338 1258 1433 1287 invisa
1451 1263 1550 1293 torvoe,
1568 1257 1627 1288 ira-

969 1313 1022 1342 tae,
1041 1307 1158 1337 Dianae.
1182 1306 1263 1337 Vide
1275 1305 1315 1337 ad
1329 1305 1393 1336 viii.
1404 1306 1467 1336 272
1479 1316 1548 1348 sqq.
1581 1305 1628 1338 Si-

970 1356 1093 1393 militer,
1109 1356 1141 1387 ii.
1156 1357 1231 1387 219.
1250 1357 1381 1386 nondum
1397 1356 1551 1397 OEugrius.

1013 1406 1085 1436 416.
1111 1405 1333 1445 Orchomenos]
1381 1404 1464 1435 Duae
1488 1405 1572 1436 fuere
1596 1405 1628 1436 in

971 1455 1095 1486 Graecia
1110 1455 1202 1496 hujus
1218 1454 1349 1485 nominis
1366 1455 1467 1490 urbes,
1483 1455 1582 1485 altera
1595 1455 1627 1486 in

971 1503 1117 1540 Arcadia,
1133 1504 1232 1534 altera
1253 1503 1285 1533 in
1304 1502 1440 1538 Boeotia,
1456 1502 1627 1534 Orchome-

970 1563 1024 1583 nos
1054 1552 1195 1593 Minyeia
1221 1552 1316 1582 dicta.
1372 1551 1525 1592 Equidem
1554 1563 1625 1583 cum

968 1601 1102 1643 Micyllo
1121 1607 1152 1632 et
1174 1602 1354 1632 Burmanno
1374 1606 1460 1642 puto,
1477 1600 1625 1632 Ovidium

967 1649 1157 1681 Arcadicam
1179 1649 1212 1680 in
1236 1655 1339 1680 mente
1363 1649 1519 1686 habuisse,
1538 1651 1627 1692 cujus

966 1694 1043 1730 situs
1065 1705 1096 1730 et
1117 1698 1330 1730 memorabilia
1345 1709 1363 1729 a
1384 1698 1551 1735 Pausania,
1565 1699 1624 1730 Ar-

966 1747 1035 1779 cad.
1047 1759 1078 1789 p.
1090 1748 1162 1779 626.
1173 1747 1399 1778 describuntur.
1414 1747 1466 1777 Ab
1480 1748 1625 1784 Homero,

966 1797 1005 1827 ll.
1036 1801 1074 1828 B.
1104 1797 1176 1828 600.
1204 1801 1331 1828 vocatur
1360 1795 1554 1837 πολύμηλος
1564 1807 1573 1835 ;
1607 1807 1625 1828 a

965 1845 1110 1882 Pindaro,
1135 1846 1263 1888 Olymp.
1281 1845 1344 1877 Od.
1358 1845 1420 1876 xiv.
1436 1846 1466 1876 4.
1480 1846 1625 1887 λιπαρὰς

966 1896 1004 1926 ab
1020 1895 1186 1938 Apollonio
1201 1895 1339 1931 Rhodio,
1354 1894 1397 1926 iii.
1408 1896 1482 1926 512.
1497 1894 1624 1936 ἀφνεὸς,

964 1949 996 1975 et
1010 1944 1081 1976 hinc
1097 1955 1116 1975 a
1131 1945 1255 1979 Nostro,
1267 1944 1372 1986 serm.
1419 1943 1535 1975 Nobilis
1553 1956 1623 1976 aere.

964 1994 995 2024 Si
1019 2005 1056 2024 aes
1090 1993 1280 2024 Corinthium
1314 2003 1389 2023 casu
1425 1999 1526 2023 ortum
1565 2000 1623 2030 est,

964 2052 1060 2084 quum
1095 2043 1168 2073 urbs
1197 2052 1216 2073 a
1244 2042 1399 2073 Mummio
1436 2048 1622 2074 cremaretur

965 2092 1066 2131 (Flor.
1081 2091 1113 2122 ii.
1131 2090 1198 2128 16.)
1221 2091 1375 2132 quomodo
1394 2091 1461 2133 jam
1484 2096 1550 2122 tum
1570 2105 1622 2123 no-

963 2143 1028 2173 bilis
1041 2153 1098 2172 aere
1112 2152 1178 2173 esse
1191 2141 1314 2183 potuit?
1343 2143 1456 2184 Neque
1473 2152 1490 2173 e
1506 2142 1622 2173 veriore

963 2192 1080 2223 ratione
1101 2202 1218 2227 eorum,
1236 2191 1289 2233 qui
1315 2191 1369 2222 diu
1388 2198 1459 2223 ante
1481 2191 1622 2223 Corinthi

963 2240 1119 2271 excidium
1135 2245 1200 2271 arte
1222 2245 1375 2282 repertum
1391 2240 1470 2271 illud
1485 2250 1528 2270 aes
1548 2250 1621 2271 cen-

961 2289 1080 2325 sebant,
1096 2288 1229 2325 Plinius,
1246 2288 1351 2319 xxxiv.
1367 2290 1398 2320 2.
1411 2288 1466 2319 illo
1485 2294 1621 2330 tempore

961 2336 1005 2368 sic
1022 2337 1083 2368 dici
1106 2343 1227 2379 poterat
1240 2349 1249 2376 3
1272 2337 1326 2368 sed
1341 2338 1454 2368 Noster
1469 2348 1525 2368 suo
1539 2348 1622 2369 more

961 2396 1030 2417 eam
1054 2386 1231 2428 designavit
1254 2397 1272 2417 a
1296 2397 1339 2422 re,
1357 2397 1420 2428 qua
1441 2393 1547 2428 postea
1565 2387 1619 2418 de-

959 2446 1043 2466 mum
1058 2435 1216 2467 inclaruit.

1002 2485 1075 2516 417.
1100 2485 1194 2515 Ferox
1218 2485 1257 2516 ob
1283 2490 1427 2527 suscepta
1451 2483 1540 2515 toties
1565 2495 1620 2526 pro

959 2533 1102 2564 libertate
1128 2533 1233 2572 bella3
1267 2539 1298 2564 et
1322 2544 1360 2564 ne
1387 2532 1462 2564 victi
1491 2532 1616 2574 quidem

960 2582 1111 2614 Messenii
1126 2582 1290 2624 aliquoties
1305 2581 1422 2613 domari
1437 2588 1615 2624 potuerunt.

961 2631 1074 2662 Cleonae
1089 2631 1154 2662 sitae
1171 2631 1249 2662 inter
1262 2631 1444 2663 Corinthum
1460 2636 1492 2661 et
1506 2630 1616 2671 Argos.

961 2680 1108 2716 Humiles,
1121 2690 1236 2721 parvae.
1282 2680 1463 2715 Pausanias,
1477 2678 1617 2710 Corinth.

958 2740 987 2770 p.
1006 2730 1073 2761 142.
1092 2729 1186 2766 πόλις
1201 2729 1239 2759 ου’·
1254 2728 1391 2770 μεγάλη,
1407 2728 1461 2759 sed
1477 2738 1514 2758 ea
1534 2728 1613 2758 bene
