1763 3181
248 186 332 228 384

256 301 398 348 Stare
421 299 583 347 Deum
608 301 788 364 pelagi,
815 301 1063 364 longoque
1087 301 1230 349 ferire
1254 300 1467 348 tridente

634 185 685 227 P.
719 185 929 227 OVIDII
964 185 1241 228 NASONIS

1570 302 1632 347 75

252 378 446 441 Aspera
471 394 592 425 saxa
615 377 748 434 facit,
776 379 1042 441 medioque
1068 395 1095 426 e
1120 379 1321 426 vulnere
1347 377 1455 424 saxi

253 455 506 502 Exiluisse
530 455 725 511 fretum,
753 471 852 518 quo
877 455 1085 519 pignore
1108 456 1327 503 vindicet
1351 455 1541 501 urbem.

252 532 321 579 At
345 532 437 579 sibi
462 532 548 579 dat
571 533 819 596 clypeum,
847 534 933 580 dat
957 541 1114 581 acutae
1139 533 1359 596 cuspidis
1384 532 1606 588 hastam3

255 608 357 655 Dat
381 610 573 671 galeam
599 609 751 673 capiti
772 629 783 667 ;
825 610 1107 658 defenditur
1131 611 1289 673 aegide
1314 616 1517 674 pectus:

253 685 653 748 Percussamque
679 702 768 733 sua
791 687 991 735 simulat
1015 688 1077 735 de
1102 687 1309 750 cuspide
1334 695 1513 734 terram
1573 688 1635 732 80

252 762 471 810 Prodere
496 780 609 810 cum
634 764 800 811 baccis
824 764 995 812 foetum
1021 765 1242 812 canentis
1268 764 1432 821 olivae3

252 838 527 902 Mirarique
554 839 688 887 Deos
711 857 720 888 :
760 841 896 905 operi
920 842 1122 889 victoria
1145 842 1273 889 finis.

252 915 324 963 Ut
348 923 515 964 tamen
540 917 782 981 exemplis
808 917 1054 981 intelligat
1078 920 1256 966 aemula
1279 918 1457 973 laudis,

292 1025 343 1056 75.
367 1026 454 1057 Stare
470 1026 596 1067 Denm.]
637 1026 817 1058 Lectionem
835 1039 908 1058 nare

247 1080 331 1105 recte
345 1075 462 1117 Gierig.
473 1075 645 1118 improbat;
662 1087 797 1117 namque
810 1077 909 1107 Hein-

245 1123 310 1154 sius
322 1134 481 1166 nunquam
494 1125 572 1155 vidit
585 1126 770 1167 Neptunum
784 1133 910 1157 nantem

249 1183 345 1213 quum
362 1175 493 1204 tridente
507 1186 577 1205 suia
591 1175 684 1215 jerit.
731 1175 835 1205 Perire
856 1177 910 1205 tri-

247 1222 346 1259 dente,
362 1228 422 1254 ete.
460 1223 539 1254 Cum
556 1223 613 1254 hoc
629 1223 696 1254 loco
711 1223 908 1254 conserantur

248 1281 354 1302 versus
378 1273 440 1303 283
464 1278 495 1303 et
521 1274 583 1303 284
606 1272 676 1303 libri
695 1272 718 1303 i.
769 1272 908 1309 Vulnere,

247 1318 346 1351 hiatu.
394 1321 678 1363 Exiluissefretnm.
693 1321 784 1352 MSS.
801 1328 831 1352 et
843 1322 908 1352 edi-

247 1373 327 1400 tores
342 1370 478 1411 plurimi,
492 1372 611 1413 ferum,
628 1382 754 1412 equum,
770 1378 804 1402 ut
820 1372 909 1402 Phae-

249 1416 334 1454 drus,
350 1419 377 1449 I.
394 1419 456 1450 fab.
473 1420 528 1450 xii.
546 1421 577 1451 9.
592 1420 645 1451 ubi
662 1420 732 1451 vide
754 1421 907 1463 Interpre-

248 1466 393 1498 tationes.
424 1467 586 1509 Virgilius,
603 1469 720 1510 Georg.
737 1468 758 1499 i.
776 1471 833 1499 12:
859 1471 910 1500 cui

243 1517 343 1554 prima
355 1517 537 1557 frementem
558 1518 653 1548 Fudit
676 1528 781 1558 equum
804 1530 910 1560 magno

249 1565 340 1595 tellus
354 1577 493 1605 percussa
510 1568 645 1598 tridenti.
672 1567 788 1597 Verum
811 1567 909 1597 Hero-

248 1613 315 1644 dot.
329 1614 394 1646 viii.
410 1617 450 1646 55
464 1627 472 1653 ;
485 1616 705 1658 Apollodorus,
722 1616 784 1646 III.
796 1616 857 1646 xiv.
873 1618 886 1646 1
900 1628 909 1654 ;

248 1663 372 1694 Himer.
397 1665 478 1706 apud
501 1665 592 1695 Phot.
614 1676 645 1706 p.
665 1665 765 1703 1134;
789 1665 909 1696 Pausa-

247 1712 326 1750 nias,
350 1713 451 1745 Attio.
473 1725 504 1756 p.
525 1715 585 1753 573
610 1714 709 1745 Varro
735 1713 818 1756 apud
843 1714 910 1745 Au-

247 1767 330 1802 gust.
355 1762 386 1794 d.
407 1763 451 1801 l.;
474 1763 604 1799 Statius,
629 1764 728 1794 Theb.
754 1763 806 1794 xii.
831 1764 907 1795 632.

248 1818 429 1848 memorant,
443 1824 523 1843 'nare
535 1812 716 1854 produxisse
728 1812 759 1843 in
770 1812 825 1843 illa
835 1823 907 1843 con-

248 1860 385 1892 tentione
402 1863 596 1903 Neptunum.
628 1862 744 1893 Confer
768 1862 907 1893 Bentlei-

248 1919 313 1945 um,
330 1909 369 1940 ad
386 1911 561 1947 Horatium,
578 1912 604 1942 I.
621 1911 684 1942 Od.
702 1911 757 1942 vii.
775 1912 804 1942 7.
849 1912 910 1943 Per

248 1966 340 1994 mure,
356 1958 538 1996 θάλασσαν,
556 1966 660 1991 autem
683 1960 728 1990 illi
749 1960 910 1992 intellexe-

247 2013 320 2038 runt
343 2019 494 2050 aquarum
517 2010 746 2050 scaturiginem,
771 2016 911 2051 puteum,

248 2065 364 2097 aquam
384 2057 535 2088 marinam
549 2059 678 2089 occultis
694 2063 780 2089 terrae
801 2060 910 2090 meati-

249 2105 308 2135 bus
334 2106 512 2137 affluentem
539 2107 571 2137 in
597 2107 761 2138 Erechthei
788 2108 855 2139 aede
876 2108 908 2139 in

248 2155 394 2197 acropoli,
411 2167 480 2197 quae
496 2156 678 2198 Apollodori
698 2157 800 2188 adhuc
815 2163 907 2188 aetate

248 2204 482 2235 ostendebatur.
544 2206 663 2246 Equum
693 2212 795 2237 autem
825 2207 908 2249 apud

248 2253 426 2295 Virgilium,
443 2253 504 2284 alio
525 2260 663 2296 tempore
684 2266 720 2286 ex
741 2255 908 2287 Thessaliae

246 2302 384 2344 scopulis
394 2313 559 2334 excussum
571 2304 714 2334 nonnulli
722 2304 908 2336 existimant.

249 2351 322 2381 Non
337 2351 432 2392 igitur
446 2352 587 2384 dubitavi
599 2354 729 2384 alteram
746 2354 909 2385 lectionem

238 2401 360 2442 fretum
382 2411 538 2431 revocare.
582 2402 763 2433 Lactantius
784 2403 909 2444 quidem

249 2448 412 2479 manifeste
429 2449 653 2492 legitji·etum;
671 2461 744 2481 nam
759 2450 791 2481 in
806 2451 908 2492 Argu-

248 2504 352 2529 mento
379 2500 477 2530 lacum
502 2501 610 2531 salsum
637 2507 796 2531 memorat.
840 2502 909 2532 Nec

248 2553 389 2589 apparet,
419 2548 495 2589 quid
523 2559 577 2590 per
603 2560 710 2589 equum
736 2549 909 2591 significare

248 2596 401 2627 volueriut
428 2597 460 2627 in
491 2597 549 2628 hac
577 2598 694 2633 fabula,
723 2609 818 2639 quum
849 2609 907 2629 nec

247 2645 426 2688 NeptunuS,
445 2656 502 2677 nec
526 2646 618 2688 prisci
637 2647 736 2678 Attici
759 2657 908 2689 equorum

247 2694 279 2724 in
295 2693 400 2736 primis
414 2705 520 2726 curam
541 2696 705 2737 gesserint.
751 2697 791 2727 Et
808 2707 907 2738 quan-

248 2753 340 2785 quam
346 2743 439 2784 ferus
454 2743 607 2776 interdum
623 2745 662 2776 de
680 2755 761 2786 equo
776 2745 905 2780 dicatur,

975 1038 1036 1059 non
1053 1033 1157 1058 tamen
1173 1027 1318 1067 ambiguo
1331 1025 1385 1056 illo
1396 1024 1546 1056 vocabulo
1558 1023 1635 1055 Ovi-

975 1077 1045 1108 dius
1064 1077 1095 1107 in
1117 1077 1176 1107 hac
1198 1075 1370 1106 narratione
1396 1074 1537 1116 Neptuni
1557 1084 1635 1116 opus

976 1125 1185 1168 expressisset.
1229 1125 1353 1155 Frustra
1367 1124 1564 1154 Schiracliius
1579 1124 1634 1154 ob-

973 1177 1054 1218 jicit,
1066 1186 1149 1206 mare
1160 1174 1294 1205 texendo
1306 1174 1410 1214 effingi
1418 1184 1478 1204 non
1487 1173 1634 1215 potuisse.

974 1226 1097 1257 Etenim
1112 1236 1201 1256 versu
1217 1226 1287 1255 104.
1299 1224 1446 1255 Arachne
1461 1235 1541 1254 mare
1556 1223 1635 1254 adeo

975 1275 1241 1306 Mediterraneum
1253 1274 1389 1315 effingit3
1405 1279 1436 1304 et
1447 1273 1530 1315 apud
1538 1273 1634 1304 Clau-

976 1324 1116 1355 dianum.
1138 1323 1245 1353 xxxiii.
1263 1324 1337 1354 253.
1360 1322 1545 1363 Proserpina
1559 1329 1635 1353 nstro

966 1374 1081 1415 fundit
1096 1384 1199 1412 aquas.
1246 1373 1286 1402 Et
1306 1371 1399 1413 quale
1413 1371 1472 1402 hoc
1493 1371 1634 1413 Neptuni

966 1423 1088 1465 fretum
1104 1421 1205 1457 fuerit¹
1222 1420 1314 1452 modo
1329 1420 1473 1452 vidimus.

1020 1473 1071 1503 80.
1108 1471 1249 1507 Simnlut,
1286 1470 1444 1512 pingendo
1479 1470 1636 1512 exprimit.

978 1522 1025 1552 De
1040 1522 1159 1560 cuspide
1173 1531 1182 1556 ‚-
1207 1519 1256 1550 hic
1272 1518 1447 1561 praepositio
1462 1519 1560 1550 otiosa
1574 1525 1634 1550 est.

978 1571 1120 1605 Prodere,
1132 1569 1213 1599 idem
1229 1579 1334 1609 quam,
1346 1568 1449 1598 edere.
1477 1569 1550 1598 Cum
1567 1570 1634 1599 bac-

976 1621 1027 1649 cis.
1072 1619 1185 1649 Baccae
1207 1617 1325 1648 fructus
1346 1617 1468 1658 proprie
1490 1617 1636 1648 dicuntur

976 1668 1079 1703 olivae,
1110 1673 1142 1698 et
1170 1666 1317 1697 similium
1343 1667 1497 1702 arborum,
1523 1666 1576 1708 qui
1605 1673 1637 1698 et

976 1717 1082 1758 exigui
1103 1722 1174 1746 sunt
1195 1722 1226 1747 et
1249 1716 1321 1751 rari,
1339 1726 1375 1746 ac
1400 1726 1419 1746 a
1443 1726 1475 1746 se
1500 1715 1635 1747 invicem

976 1765 1111 1807 separati
1126 1770 1306 1795 nascuntur.
1350 1765 1481 1796 Foetum.
1526 1764 1564 1795 In
1577 1765 1634 1796 hoc

975 1814 1125 1845 vocabalo
1147 1814 1244 1844 haeret
1261 1813 1410 1845 Glarean.
1430 1824 1526 1855 quum
1547 1815 1637 1846 arbor

976 1862 1127 1893 nominari
1157 1861 1331 1893 debuisset.
1384 1862 1477 1893 Olim
1503 1866 1637 1895 canentis

977 1922 994 1942 a
1010 1912 1124 1947 colore,
1141 1922 1233 1953 quem
1254 1911 1382 1942 inferius
1397 1911 1539 1943 foliorum
1554 1913 1638 1944 latus

977 1962 1080 1992 refert.
1104 1960 1264 2001 Virgilius,
1290 1960 1397 2002 Eclog.
1419 1971 1482 1992 ver.
1502 1963 1550 1992 16.
1567 1964 1637 2002 pal-

979 2012 1068 2041 lentis
1082 2011 1175 2040 olivae.
1219 2011 1401 2041 Burmanno
1416 2021 1477 2041 non
1492 2010 1637 2054 displicet

977 2060 1072 2090 lectio
1095 2059 1310 2095 Bononiensis,
1329 2071 1445 2090 ramum
1459 2061 1639 2102 frondentis

976 2110 1068 2145 olivae,
1085 2115 1120 2139 ut
1140 2109 1275 2138 allusum
1293 2108 1332 2139 sit
1350 2109 1389 2139 ad
1403 2110 1541 2145 (J'raecas,
1557 2110 1635 2141 Θάλ-

975 2159 1046 2189 >mv
1073 2165 1104 2189 et
1126 2157 1274 2195 θάλλον;
1310 2169 1379 2199 quae
1406 2169 1497 2189 voces
1525 2170 1571 2201 pr.
1596 2160 1636 2192 de

977 2207 1035 2238 hac
1059 2218 1146 2238 sacra
1170 2206 1311 2238 Palladis
1336 2207 1419 2237 oliva
1447 2207 1540 2238 dictae
1565 2209 1638 2241 sint.

976 2257 1114 2287 Frustra.
1150 2256 1252 2286 Arbor
1275 2255 1436 2286 commode
1451 2257 1550 2297 Κίὶῐέιιε
1573 2257 1636 2289 dici

976 2305 1086 2347 potuit,
1105 2315 1214 2346 nempe
1237 2310 1336 2334 terrae.
1381 2304 1443 2334 Illa
1464 2305 1532 2346 ipsa
1551 2306 1634 2343 olea,

977 2365 1072 2395 quam
1099 2354 1244 2384 Minerva
1274 2352 1472 2394 produxerat,
1503 2354 1534 2384 in
1564 2365 1636 2386 arce

976 2403 1216 2434 Atheniensium
1253 2403 1442 2439 servabatur,
1474 2408 1552 2435 teste
1579 2405 1634 2434 So-

975 2453 1098 2494 phocle,
1120 2452 1193 2483 (Ed.
1214 2452 1282 2483 Col.
1305 2452 1368 2482 686
1387 2463 1456 2493 sqq.
1479 2458 1510 2483 et
1532 2459 1636 2484 osten-

977 2502 1107 2534 debatur
1130 2502 1232 2532 adhuc
1256 2508 1391 2543 tempore
1407 2501 1588 2544 Apollodori
1603 2503 1635 2534 in

976 2551 1126 2582 l’androsi
1141 2550 1265 2581 sacello.

1019 2602 1071 2631 82.
1089 2601 1180 2640 Operi
1195 2599 1427 2640 t·ict0riafinis.]
1456 2599 1537 2639 Opus
1548 2599 1633 2630 clau-

975 2649 1015 2680 sit
1029 2649 1122 2685 oliva‚
1133 2649 1307 2690 symbolum
1321 2648 1419 2690 paciS,
1434 2648 1465 2679 in
1480 2648 1636 2690 suffragiis

975 2698 1120 2736 victoria;
1145 2697 1214 2729 vide
1231 2696 1310 2728 infra
1328 2707 1449 2728 versum
1468 2697 1537 2728 101.
