1729 3207
405 198 1030 243 METAMORPHOSEON
1063 200 1183 242 LIB.
1216 201 1252 243 I.

1433 205 1517 246 103

128 315 320 362 Pronus
339 314 492 373 humi,
516 315 782 378 gelidoque
801 331 986 379 pavens
1012 315 1152 364 dedit
1176 317 1348 364 oscula
1371 333 1511 366 saxo.

125 391 294 455 Atque
318 391 401 447 ita,
431 397 462 416 “
487 391 541 438 Si
567 392 818 455 precibus,
845 393 1094 449 dixerunt,
1122 393 1325 442 numina
1343 395 1493 458 justis

124 468 272 516 Victa
294 469 664 525 remollescunt,
692 469 733 516 si
758 469 976 518 flectitur
1001 471 1073 518 ira
1098 470 1350 530 Deorum;

127 545 238 602 Dic,
256 545 448 603 Themi,
467 562 568 610 qua
587 545 783 608 generis
804 547 1040 594 damnum
1060 548 1337 611 reparabile
1363 549 1517 596 nostri

124 622 247 670 Arte
272 622 369 670 sit?
406 630 457 671 et
480 622 655 671 mersis
684 622 757 671 fer
781 639 945 688 opem,
972 624 1252 682 mitissima,
1280 625 1478 673 rebus.'’

126 699 268 748 Mota
309 700 421 748 Dea
461 708 569 759 est3
631 707 919 764 sortemque
962 701 1133 749 dedit:
1198 706 1229 726 “
1258 701 1517 751 Discedite

324 777 512 842 templo
530 795 541 836 ;

1421 782 1515 827 381

125 851 191 901 Et
208 854 370 903 velate
393 861 562 919 caput,
589 854 883 919 cinctasque
909 854 1141 903 resolvite
1166 862 1361 914 vestes;

123 932 357 996 Ossaque
381 940 496 997 post
519 940 714 997 tergum
738 949 930 996 magnae
951 934 1142 996 jactate
1167 933 1439 997 parentis.'’

125 1009 446 1074 Obstupuere
471 1011 572 1067 diu,
599 1012 887 1076 rumpitque
914 1011 1110 1058 silentia
1129 1027 1252 1059 voce

123 1087 319 1151 Pyrrha
342 1088 489 1152 prior,
510 1089 767 1153 jussisque
795 1089 916 1137 Deae
941 1105 1115 1153 parere
1141 1095 1367 1137 recusat:
1419 1091 1515 1136 385

124 1165 327 1229 Detque
352 1165 446 1213 sibi
470 1167 681 1223 veniam,
710 1168 887 1231 pavido
915 1174 1056 1230 rogat
1080 1183 1192 1224 ore;
1234 1172 1484 1230 pavetque

124 1242 329 1291 Laedere
348 1245 552 1307 jactatis
578 1253 827 1292 maternas
853 1246 1048 1293 ossibus
1074 1245 1293 1292 umbras.

124 1320 325 1369 Interea
348 1329 585 1385 repetunt
611 1322 758 1369 caecis
785 1323 997 1370 obscura
1021 1321 1224 1369 latebris

123 1472 357 1503 Winkelmanni
383 1473 618 1514 Anmerkungen
643 1475 716 1504 iiber
739 1475 787 1504 die

123 1521 283 1552 Baukimst
298 1523 352 1552 der
365 1522 466 1552 Alcen.
480 1533 511 1563 p.
528 1522 580 1552 48.
615 1523 786 1553 Deucalio-

123 1570 171 1601 nis
199 1576 303 1601 tamen
332 1576 472 1613 tempore
499 1571 575 1602 talia
603 1578 787 1603 ornamenta

123 1619 261 1651 nondum
282 1625 371 1651 erant
394 1620 536 1663 templis3
567 1626 598 1652 et
623 1621 786 1652 oraculum

121 1669 200 1701 illud
215 1670 293 1701 forte
308 1669 341 1700 in
356 1676 443 1701 antro
460 1670 567 1701 sedem
582 1671 729 1701 habebat.

166 1719 239 1749 376.
257 1719 374 1750 Pavens
385 1719 498 1760 [tedia]
519 1720 617 1757 Quasi
630 1726 783 1761 praesente

122 1769 258 1806 numine,
290 1770 412 1801 horrore
441 1770 577 1811 quodam
610 1770 725 1812 perfusi
753 1775 784 1801 et

122 1819 346 1851 venerabundi.

165 1869 240 1900 377.
278 1870 377 1910 Atque
398 1870 444 1899 ita
467 1879 550 1900 nunc
577 1879 643 1900 esse
670 1879 785 1900 voven-

122 1918 162 1951 tis
181 1919 356 1956 formulam,
372 1918 532 1950 contendit
555 1919 728 1949 Burmann.
745 1919 785 1951 ad

123 1968 177 1999 vii.
188 1969 262 2000 510.
274 1968 415 1999 Fallitur.
461 1968 568 1998 Potest
582 1967 633 1998 hie
646 1978 784 2009 quoque,

123 2024 158 2050 ut
181 2029 246 2049 ver.
267 2019 344 2049 228.
365 2017 479 2059 accipi,
504 2028 565 2059 quo
588 2017 683 2053 facto,
707 2023 785 2048 tum.

122 2068 166 2104 Si,
198 2072 258 2098 etc.
316 2066 402 2098 Talis
430 2066 567 2097 conditio
601 2067 785 2108 plerumque

121 2115 266 2159 precibus
292 2115 500 2159 praemittitur,
524 2121 558 2146 ut
583 2116 657 2152 545,
680 2121 711 2146 et
731 2115 786 2147 vii.

123 2167 196 2197 615.
225 2165 314 2207 Virg.
330 2163 459 2196 AEneid.
473 2164 505 2195 ii.
522 2166 597 2196 689.
640 2164 678 2195 In
699 2164 746 2196 his
760 2167 786 2196 si

121 2220 178 2251 est,
194 2215 352 2257 quoniam.
400 2214 507 2244 Mer-sis
532 2215 631 2249 rebus,
655 2213 784 2245 miseriae

122 2270 244 2300 nostrae,
260 2264 338 2295 sorte
359 2274 431 2294 cum
450 2268 595 2305 respectu
616 2263 655 2294 ad
671 2262 785 2294 diluvi-

125 2325 174 2346 um
189 2327 195 2345 :
222 2314 310 2355 Virg.
324 2315 399 2344 AEn.
415 2312 457 2343 xi.
473 2314 547 2344 335.
562 2314 649 2343 rebus
661 2324 785 2344 succur-

123 2366 181 2394 rite
196 2364 308 2405 fessz's‚·
331 2362 437 2393 Tibul.
452 2362 498 2392 ΙΙ.
522 2362 567 2393 iii.
588 2363 641 2393 21.
663 2364 787 2402 trepidis

121 2420 220 2454 petere
235 2413 360 2443 oracula
382 2414 468 2443 rebus
478 2423 490 2449 ,-
512 2412 637 2447 Noster,
653 2411 680 2442 Ι.
694 2411 786 2443 Trist.

123 2462 164 2494 ἰν.
180 2464 231 2494 35.
248 2464 332 2493 rebus
345 2464 514 2493 succurrite
530 2462 629 2501 lapsis.

167 2513 242 2543 382.
267 2512 444 2551 Cinctasque
465 2510 628 2550 resolvite]
656 2510 787 2541 Veteres

126 2572 223 2603 quum
244 2571 308 2591 rem
335 2571 455 2591 sacram
480 2564 675 2602 peragerent,
695 2566 787 2599 caput

123 2616 232 2646 totum,
248 2615 359 2652 praeter
374 2620 418 2646 os,
428 2610 573 2640 velamine
585 2608 719 2651 quodam
734 2615 788 2640 aut

125 2660 242 2691 amictu
264 2659 456 2702 operiebant,
476 2670 515 2690 ne
540 2659 616 2690 forte
641 2669 689 2689 res
712 2658 787 2689 mali

126 2708 236 2740 ominis
262 2720 315 2740 eos
338 2710 493 2740 turbaret:
526 2707 615 2750 Virg.
642 2709 719 2740 AEn.
744 2707 787 2738 iii.

128 2759 189 2790 405
205 2770 272 2801 sqq.
283 2758 390 2800 ibique
405 2759 509 2800 Heyn.
519 2764 551 2790 et
563 2757 686 2789 Ernesti
698 2758 788 2789 Clav.

853 1473 922 1504 Cic.
933 1473 963 1503 in
974 1473 1100 1503 velatus.
1129 1471 1294 1512 Iidemque
1305 1477 1395 1501 vestes
1405 1471 1520 1501 cinctas

852 1524 1046 1557 resolvebant,
1063 1532 1140 1551 zona
1154 1520 1266 1556 soluta,
1279 1519 1354 1561 quia
1371 1518 1403 1550 in
1421 1519 1516 1550 sacris

853 1572 928 1602 nihil
945 1572 1111 1612 religatum
1127 1581 1193 1601 esse
1211 1568 1359 1599 debebat.

895 1622 970 1652 383.
996 1621 1122 1660 Ossaque
1135 1625 1197 1658 post
1214 1617 1361 1659 tergum]
1388 1617 1438 1648 Cf.
1451 1628 1518 1648 ora-

852 1671 957 1702 culum
969 1668 1148 1711 Tarquiniis
1163 1673 1195 1699 et
1206 1668 1304 1698 Bruto
1320 1666 1440 1703 datum,
1452 1666 1521 1698 Liv.

852 1720 872 1751 i.
903 1721 964 1756 563
1003 1719 1086 1750 unde
1116 1719 1265 1749 Nostrum
1295 1716 1376 1748 hanc
1406 1722 1519 1747 sortem

851 1771 997 1802 sumsisse
1020 1774 1111 1812 putat
1139 1769 1257 1798 Mutet.
1274 1767 1364 1797 Varr.
1379 1767 1470 1797 Lect.
1488 1777 1521 1797 x.

856 1823 904 1852 ll.
947 1820 1046 1856 Male,
1072 1818 1147 1860 quia
1163 1816 1258 1848 Ovid.
1275 1816 1333 1847 hoc
1359 1816 1519 1847 oraculum

852 1882 913 1902 non
951 1869 1051 1905 finxit,
1079 1867 1134 1899 sed
1166 1877 1184 1897 a
1215 1865 1335 1897 Graecis
1368 1864 1517 1896 traditum

852 1919 983 1962 accepit.
1028 1917 1090 1948 Sed
1113 1915 1226 1947 melius
1249 1919 1306 1949 est,
1325 1913 1409 1955 quod
1434 1913 1517 1944 idem

852 1969 970 2001 ibidem
992 1972 1109 2002 monet,
1126 1964 1248 2007 lapides
1268 1962 1364 1994 etiam
1379 1961 1520 2004 Tragicis

853 2017 916 2049 dici
934 2019 997 2060 γῆς
1012 2016 1118 2048 ὄστεα.

896 2067 970 2098 384.
987 2066 1172 2105 Rumpitque
1182 2062 1302 2093 silentia
1313 2060 1408 2102 voce.]
1435 2060 1520 2091 Redi

853 2117 893 2148 ad
909 2116 964 2147 lib.
978 2115 998 2146 i.
1014 2114 1085 2145 Art.
1096 2113 1204 2143 Amat.
1220 2122 1248 2142 v.
1263 2111 1338 2142 329.

896 2167 969 2197 385.
1008 2163 1132 2204 Pyrrha
1154 2160 1268 2201 priora]
1296 2158 1381 2196 Quia
1408 2158 1519 2190 mulie-

852 2217 939 2247 brem
954 2211 1135 2253 religionem
1150 2210 1182 2241 in
1196 2209 1302 2251 primis
1323 2209 1385 2240 tale
1406 2219 1517 2240 oracu-

850 2267 917 2297 lum
951 2262 1109 2295 offendere
1143 2259 1289 2290 debebat.
1343 2258 1520 2290 Deucalion

850 2321 958 2347 contra
972 2323 1043 2343 mox
1058 2312 1179 2342 solertia
1194 2308 1341 2350 insignior
1355 2308 1519 2350 reperitur.

852 2365 978 2397 Laedere
995 2362 1115 2394 cineres
1131 2366 1162 2391 et
1175 2369 1244 2390 ossa
1259 2358 1410 2400 majorum
1432 2369 1516 2388 sum-

852 2425 937 2446 mum
959 2412 1080 2444 scelus:
1107 2407 1271 2451 Phocylid.
1291 2418 1358 2438 ver.
1381 2408 1422 2438 95
1444 2417 1516 2450 sqq.

854 2466 965 2495 Horat.
982 2462 1024 2493 A.
1044 2461 1082 2491 P.
1098 2460 1172 2490 471.

898 2514 972 2545 387.
1000 2509 1153 2549 Umbras]
1180 2507 1325 2543 Animas,
1342 2517 1421 2548 quas
1444 2505 1525 2537 laedi‘

854 2562 1003 2595 credebat
1016 2558 1197 2601 antiquitas,
1209 2557 1297 2587 illata
1311 2555 1519 2586 cadaveribus

855 2618 909 2644 aut
924 2609 1053 2642 tumulis
1068 2607 1190 2650 injuria.

898 2662 973 2692 388.
1004 2656 1166 2697 Obscura]
1200 2656 1250 2687 Ob
1267 2653 1517 2695 ambiguitatem,

856 2723 926 2753 quae
942 2721 1002 2741 non
1018 2707 1111 2739 facile
1126 2705 1258 2749 perspici
1273 2708 1426 2746 poterant.
1462 2701 1517 2732 Se-

858 2771 926 2792 nec.
946 2758 1053 2799 OEdip.
1076 2757 1138 2788 92:
1171 2755 1303 2795 Sphinga
1327 2754 1408 2783 caecis
1431 2751 1518 2782 verba
