1763 3181
239 200 323 242 196
625 201 675 241 Ρ.
709 201 918 242 OVIDll
955 202 1232 244 NASONIS

235 316 348 364 Jam
374 317 514 363 cibus
540 316 694 363 herba
718 317 909 379 placet3
939 318 1044 380 jam
1070 318 1180 365 latis
1205 334 1400 366 currere
1426 319 1614 382 campis

238 394 462 457 Impetus
479 400 555 440 est
572 411 582 450 ;
606 393 654 439 in
671 410 868 456 equam,
886 402 1197 458 cognataque
1217 412 1423 459 corpora
1437 405 1612 443 vertor.

235 472 364 519 Tota
379 479 545 518 tamen
557 472 744 534 quare?
766 481 906 535 pater
921 480 997 519 est
1018 473 1136 519 mihi
1153 490 1331 537 nempe
1347 473 1615 520 biformis.’'

235 548 376 596 Talia
399 547 584 596 dicenti
606 564 719 612 pars
745 556 822 597 est
845 557 1071 598 extrema
1096 551 1310 614 querelae
1521 553 1614 598 665

235 625 498 673 Intellecta
522 642 722 689 parum3
764 627 1069 691 confusaque
1093 629 1243 675 verba
1268 627 1433 675 fuere:
1497 629 1612 689 [tur‚

235 702 358 749 Mox
385 719 474 750 nec
500 703 648 750 verba
672 704 890 767 quidem,
919 721 1008 752 nec
1034 721 1176 768 equae
1203 721 1352 752 sonus
1380 705 1459 752 ille
1480 704 1611 751 vide-

236 780 337 827 Sed
357 780 634 826 simulantis
651 796 854 844 equam3
878 798 1129 845 parvoque
1145 783 1194 828 in
1213 790 1435 846 tempore
1451 789 1611 829 certos

234 856 406 904 Edidit
429 857 664 914 hinnitus,
692 866 741 905 et
765 859 968 906 brachia
993 859 1143 906 movit
1167 860 1217 906 in
1241 860 1437 906 herbas.

232 934 360 981 Tum
385 934 525 997 digiti
551 943 747 991 coeunt,
776 944 826 984 et
851 938 1027 1000 quinos
1053 937 1223 998 alligat
1247 953 1438 999 ungues

1514 939 1610 983 670

232 1011 484 1076 Perpetuo
510 1029 660 1059 cornu
686 1014 805 1061 levis
828 1015 1042 1077 ungula:
1083 1015 1263 1062 crescit
1287 1021 1338 1061 et
1363 1014 1476 1069 oris,

233 1088 299 1135 Et
323 1089 437 1136 colli
463 1090 705 1153 spatium:
746 1091 904 1154 longae
930 1108 1042 1155 pars
1068 1091 1286 1139 maxima
1310 1092 1452 1155 pallae

234 1166 409 1214 Cauda
431 1167 514 1215 fit:
555 1174 710 1231 utque
735 1169 846 1232 vagi
872 1169 1032 1216 crines
1058 1185 1147 1233 per
1173 1169 1300 1216 colla
1318 1169 1570 1232 jacebant,

233 1243 291 1290 In
307 1244 508 1292 dextras
529 1245 695 1293 abiere
710 1247 858 1309 jubas
878 1264 886 1294 :
917 1247 1199 1310 pariterque
1223 1254 1400 1294 novata
1414 1253 1491 1293 est
1516 1247 1610 1292 674

233 1320 298 1368 Et
318 1338 428 1378 vox,
451 1329 500 1369 et
523 1322 699 1371 facies:
740 1341 920 1372 nomen
946 1341 1146 1388 quoque
1167 1331 1386 1371 monstra
1410 1323 1608 1371 dedere.

296 1398 386 1446 VI.
428 1399 619 1455 Flebat,
657 1417 904 1464 opemque
941 1410 1076 1449 tuam
1112 1400 1293 1448 frustra
1326 1400 1610 1464 Philyreius

427 1476 589 1532 heros,

273 1626 346 1656 663.
375 1626 511 1667 Cognata
537 1638 671 1666 corpora,
697 1628 772 1668 quia
801 1635 888 1670 pater

229 1686 267 1706 ex
294 1681 380 1717 parte
406 1686 515 1717 equus.
562 1677 624 1707 Sed
655 1676 707 1707 ille
736 1688 773 1708 ex
800 1685 887 1719 parte

229 1730 351 1756 tantum
367 1731 399 1755 et
411 1725 553 1766 bijbrmis,
569 1736 623 1756 cur
638 1726 731 1767 igitur
751 1737 809 1768 ego
828 1733 886 1757 tota

230 1780 330 1805 vertor
344 1774 376 1805 in
391 1785 504 1816 equam
517 1777 529 1805 ’ἔ
555 1776 676 1815 Nempe.
689 1776 816 1818 quippe.

273 1825 345 1855 665.
373 1824 459 1854 Talia
483 1825 622 1865 dicenti]
649 1825 769 1856 Passim
794 1826 888 1857 Ovid.

228 1873 328 1915 fingit,
352 1875 446 1905 verba
474 1874 631 1915 loquentis
661 1875 794 1916 abrupta
821 1886 886 1906 esse

227 1923 296 1965 ipsa
320 1923 599 1960 transformatione,
619 1929 654 1954 ut
678 1925 752 1955 363.
796 1924 884 1955 Idem

229 1982 312 2003 nunc
341 1972 435 2003 latius
464 1978 589 2008 tractat,
615 1978 647 2003 et
675 1972 838 2004 transitum
868 1984 886 2004 a

228 2031 303 2052 voce
331 2021 469 2052 humana
499 2021 538 2052 ad
568 2021 706 2053 hinnitus
732 2022 885 2063 gradatim

227 2070 385 2106 describit,
408 2077 442 2102 ut
468 2072 531 2102 586
556 2081 620 2113 seq.
639 2072 678 2102 ab
699 2071 821 2102 incessu
845 2072 884 2103 ad

227 2119 376 2150 volatum.
418 2120 455 2150 In
471 2120 599 2156 talibus,
614 2120 730 2163 quippe
746 2121 884 2162 argutiis,

227 2169 345 2210 placuit
365 2169 424 2200 sibi
446 2169 605 2211 ingenium
628 2176 740 2211 poetae.
784 2171 882 2201 Simu-

227 2220 329 2256 lantis,
345 2219 507 2251 imitantis.
541 2220 618 2251 Mox
633 2223 693 2251 edit
709 2228 802 2252 certos
816 2223 884 2252 hin-

225 2270 318 2304 nitus,
343 2269 453 2310 quales
480 2280 570 2300 verus
595 2280 694 2311 equus
723 2269 798 2306 edit,
822 2281 883 2302 non

226 2328 303 2359 quos
325 2318 438 2360 aliquis
458 2320 578 2350 imitans
593 2319 665 2361 equi
679 2331 781 2350 sonum
796 2320 882 2351 effin-

225 2373 322 2407 geret,
336 2367 532 2409 perspicuos:
559 2368 628 2399 vide
645 2369 684 2400 ad
700 2380 730 2399 v.
745 2370 821 2400 296.

268 2417 342 2448 669.
367 2417 510 2454 Brachia,
526 2418 605 2459 etc.]
632 2419 733 2450 Prono
757 2429 883 2461 corpore

224 2466 322 2508 coepit
341 2466 476 2498 brachiis
497 2467 624 2499 mutatis
643 2467 797 2499 incedere.
829 2468 884 2498 Co-

227 2522 311 2552 eunt,
337 2516 517 2547 coalescunt
544 2516 717 2548 interstitiis
743 2517 884 2548 sublatis.

225 2564 275 2595 Sic
300 2564 429 2595 vulnera
451 2564 597 2596 dicuntur
620 2567 708 2601 coire,
729 2572 761 2596 et
783 2576 878 2608 aqua,

225 2623 295 2654 quae
311 2614 503 2654 congelatur.
540 2614 656 2645 Contra
668 2614 690 2644 i.
708 2615 769 2646 742
785 2627 790 2644 :
817 2615 879 2645 Un-

222 2663 299 2703 gula
319 2664 350 2693 in
375 2666 476 2703 quinos
494 2665 609 2703 dilapsa
635 2665 803 2694 absumitur
825 2676 882 2695 un.-

223 2721 296 2751 gues
308 2723 318 2747 ;
342 2711 395 2742 ubi
409 2711 480 2742 vide
496 2718 612 2743 notam.
648 2713 805 2752 Perpetuo,
822 2723 882 2744 non

224 2759 339 2798 scisso3
377 2761 500 2801 ungulae
525 2761 604 2791 enim
636 2772 785 2803 equorum
813 2768 884 2792 sunt

953 1629 1071 1660 solidae.
1108 1629 1210 1660 Etiam
1235 1634 1334 1658 restes
1357 1634 1515 1658 mutantur
1539 1637 1610 1658 cum

954 1689 1090 1720 corpore,
1107 1680 1188 1717 5823
1204 1678 1224 1709 i.
1238 1679 1302 1709 236
1317 1690 1322 1708 :
1347 1677 1401 1708 sed
1417 1688 1513 1719 quum
1529 1688 1610 1708 nunc

952 1729 1083 1769 palla-sit
1099 1730 1207 1764 cauda,
1223 1727 1348 1759 lascivit
1364 1726 1522 1768 ingenium
1539 1737 1610 1769 poe-

953 1784 1003 1808 tae.
1046 1778 1264 1817 Utjacubant3
1289 1776 1360 1807 vide
1373 1776 1413 1807 ad
1428 1777 1504 1807 272.

996 1828 1070 1858 673.
1090 1828 1165 1869 Vagz·
1179 1826 1300 1866 crines]
1314 1827 1399 1857 Jubae
1415 1826 1446 1856 in
1462 1836 1522 1857 uno
1538 1825 1611 1856 colli

952 1878 1050 1909 latere
1065 1877 1240 1919 dependere
1256 1876 1365 1908 solent.
1403 1876 1509 1906 Verba
1527 1877 1611 1915 pari-

955 1934 1065 1968 terque,
1091 1933 1151 1958 ete.
1180 1926 1278 1957 otiosa
1305 1931 1336 1957 et
1359 1924 1510 1967 languida
1539 1932 1611 1955 sunt

953 1983 1023 2019 post
1055 1976 1306 2018 descriptionem,
1345 1986 1414 2016 quae
1451 1974 1612 2016 praecedit.

955 2027 1068 2057 Nomen
1083 2027 1199 2062 dedere,
1214 2035 1326 2066 nempe
1342 2024 1447 2066 Hippo
1462 2029 1516 2055 aut
1531 2023 1610 2065 Hip-

952 2086 990 2117 pe
1015 2074 1100 2105 dicta
1122 2079 1189 2105 est:
1215 2081 1356 2110 monstra,
1372 2072 1610 2108 transformatio,

952 2130 985 2155 ut
1001 2125 1074 2155 367.
1090 2129 1144 2154 aut
1160 2130 1274 2154 novata
1286 2122 1389 2153 facies.

993 2173 1175 2204 676—707.
1213 2172 1330 2208 Flebat,
1366 2171 1444 2212 εἴα]
1484 2171 1609 2202 Funda-

951 2228 1089 2253 mentum
1106 2221 1219 2252 fabulae
1234 2221 1393 2263 sequentis
1410 2220 1442 2252 in
1461 2221 1608 2257 Homero,

951 2271 1058 2313 hymn.
1090 2271 1123 2302 in
1159 2270 1363 2307 Mercurium,
1400 2269 1608 2312 copiosissime

951 2326 1111 2352 tractatur.
1161 2319 1213 2358 Ibi
1243 2319 1431 2355 Mercurius,
1459 2329 1495 2350 eo
1530 2318 1609 2361 ipso,

951 2381 1012 2411 quo
1039 2375 1130 2401 natus
1151 2375 1229 2405 erat,
1251 2368 1312 2405 die,
1333 2379 1370 2399 ex
1394 2369 1497 2399 bubus
1520 2368 1607 2399 Deo—

950 2429 1028 2455 rum,
1056 2429 1133 2460 quas
1162 2418 1276 2460 Apollo
1304 2418 1336 2448 in
1363 2418 1474 2448 Pieriae
1504 2422 1609 2448 monte

950 2469 1110 2510 pascebat,
1126 2467 1354 2509 quinquaginta
1377 2477 1498 2497 summa
1521 2465 1608 2497 calli-

950 2516 1047 2548 ditate
1075 2527 1131 2559 per
1160 2516 1316 2547 Boeotiam
1345 2515 1450 2556 abegit
1481 2515 1521 2546 ad
1551 2514 1608 2545 Al-

948 2566 1060 2608 pheum
1086 2566 1118 2596 in
1145 2565 1372 2607 PeloponneSO,
1395 2573 1488 2606 atque
1510 2575 1606 2606 prope

949 2615 1061 2657 Pylum
1080 2615 1113 2645 in
1135 2620 1222 2645 antro
1243 2614 1378 2656 quodam
1399 2612 1608 2645 abscondidit.

951 2665 987 2695 In
1013 2665 1122 2695 itinere
1157 2675 1251 2706 prope
1281 2663 1475 2694 Onchestum
1501 2672 1605 2693 senem

951 2713 1112 2745 vinitorem
1142 2719 1239 2755 rogat,
1269 2723 1307 2744 ue
1335 2713 1449 2743 furtum
1477 2711 1610 2754 prodat;

953 2773 1057 2793 verum
1083 2762 1137 2793 ille
1165 2761 1304 2805 Apollini
1330 2763 1426 2792 boves
1450 2760 1612 2802 quaerenti.
