1763 3181
256 184 340 225 442

639 183 689 224 P.
723 183 932 225 OVIDII
966 184 1244 227 NASONIS

255 298 428 345 Victor
449 297 688 345 Iolciacos
713 298 878 361 tetigit
901 314 1015 345 cum
1039 300 1251 362 conjuge
1275 306 1462 363 portus.

324 375 392 422 II.
422 374 692 422 Haemoniae
717 382 898 423 matres
923 392 1010 439 pro
1036 377 1196 439 gnatis
1222 377 1352 424 dona
1375 376 1605 440 receptis,

257 452 620 515 Grandaevique
645 452 807 500 ferunt
831 461 1020 516 patres3
1050 462 1386 517 congestaque
1411 454 1610 500 flamma

255 529 386 576 Tura
409 529 684 593 liquefiunt,
711 530 1015 594 inductaque
1040 531 1269 578 cornibus
1295 547 1466 578 aurum

1539 532 1625 577 161

255 605 471 654 Victima
495 614 606 654 vota
631 606 791 665 cadit3
833 607 920 654 sed
947 607 1088 654 abest
1111 608 1418 669 gratantibus
1444 606 1610 663 AEson,

254 681 284 729 J
290 699 367 730 am
392 683 588 747 propior
612 684 725 739 leto,
753 683 1017 747 fessusque
1039 685 1274 732 senilibus
1300 684 1458 731 annis.

254 760 382 808 Tum
407 761 477 808 sic
502 760 790 809 AEsonides:
832 767 862 786 “
891 762 934 809 O
962 762 1040 809 cui
1065 761 1246 809 debere
1267 761 1478 808 salutem
1540 762 1629 808 164

257 837 523 894 Confiteor,
549 839 748 901 conjux,
777 855 1061 903 quanquam
1086 839 1205 886 mihi
1229 845 1411 886 cuncta
1433 837 1631 894 dedisti,

257 914 589 978 Excessitque
613 915 764 962 fidem
789 917 1073 964 meritorum
1098 932 1290 964 summa
1312 923 1506 963 tuorum
1527 933 1538 972 ;

257 991 311 1038 Si
330 999 497 1039 tamen
514 992 608 1039 hoc
623 1000 835 1056 possunt
851 1010 860 1041 :
891 993 1012 1056 quid
1028 993 1159 1041 enim
1174 1009 1270 1040 non
1286 991 1504 1040 carmina
1517 1007 1630 1055 pos-

257 1068 416 1116 Deme
434 1069 556 1117 meis
576 1070 715 1117 annis
734 1088 744 1127 ;
768 1077 818 1118 et
837 1071 1065 1135 demptos
1082 1071 1209 1118 adde
1223 1069 1463 1134 parenti.'’
1476 1068 1631 1131 [sint'f

257 1146 303 1193 N
310 1163 366 1194 ec
392 1146 553 1194 tenuit
576 1147 802 1195 lacrimas
822 1165 831 1197 :
871 1156 1005 1196 mota
1029 1154 1105 1196 est
1127 1149 1312 1212 pietate
1335 1145 1579 1209 rogantis3

257 1223 664 1288 Dissimilemque
685 1225 900 1274 animum
926 1226 1078 1273 subiit
1101 1225 1244 1273 AEeta
1267 1223 1484 1272 relictus.
1539 1225 1630 1270 170

301 1369 372 1399 158.
389 1367 553 1405 Iolciacos‚·
576 1367 791 1408 Thessalicos3
810 1369 911 1401 Iolcos

255 1417 337 1448 enim
360 1418 432 1448 urbs
455 1417 634 1453 Thessaliae,
659 1418 779 1449 Iasonis
801 1419 911 1460 patria.

254 1468 334 1498 Eam
362 1467 492 1497 intrasse
522 1468 669 1498 Jasonem
696 1467 841 1498 reducem
865 1468 911 1498 di-

253 1522 333 1547 serte
356 1515 482 1546 tradunt
502 1522 613 1557 poetae,
629 1515 803 1558 Euripides,
822 1517 912 1547 Med.

255 1567 340 1604 4843
378 1564 533 1606 Hyginus,
561 1565 625 1596 sab.
654 1566 718 1604 243
742 1566 911 1603 Hesiodus,

254 1615 372 1656 Theog.
389 1615 462 1646 997.
477 1613 519 1651 εἰς
534 1613 668 1646 Ἰωλκὸν
682 1613 912 1655 ἀφίκετο-ἐπὶ

256 1665 336 1703 νηὸς
352 1665 441 1706 ἄγων
457 1662 632 1695 ἑλικώπιδα
644 1663 777 1705 κούρην.

298 1713 479 1744 159—294.
501 1713 591 1743 AEson
616 1723 647 1743 ez
670 1723 736 1743 sene
766 1714 798 1742 in
817 1714 910 1752 juve-

253 1763 346 1803 nem.]
387 1762 540 1793 Fabulam
578 1767 756 1793 narraverat
793 1762 911 1792 Auctor

254 1811 398 1842 carminis
427 1811 559 1847 Νόστοι,
589 1811 672 1842 unde
701 1810 778 1841 duos
806 1820 911 1841 versus

253 1860 389 1891 servavit
424 1859 528 1890 Schol.
575 1859 736 1901 Aristoph.
775 1859 815 1890 ad
852 1860 910 1901 Eq.

256 1910 349 1940 1318.
385 1909 562 1940 Secundum
585 1909 795 1950 Pherecydem
816 1914 847 1939 et
861 1908 907 1939 Si-

253 1957 412 1988 monidem
428 1957 543 1989 Medea
559 1957 660 1999 ipsum
676 1959 823 1989 Jasonem
838 1957 908 1988 red-

255 2006 335 2036 didit
356 2006 513 2048 juvenem.
557 2006 607 2036 De
630 2006 679 2042 iis,
701 2016 770 2047 quae
793 2006 910 2037 Medea

253 2055 287 2086 in
313 2055 475 2086 Thessalia
502 2055 587 2091 fecit,
609 2054 673 2086 vid.
703 2055 850 2097 Ba’ztiger
877 2055 910 2086 in

254 2104 350 2147 Expl.
374 2114 515 2135 vasorum
536 2103 700 2145 pictorum.
746 2104 910 2146 Palaepha-

254 2159 316 2190 ως,
343 2162 414 2194 cap.
439 2153 491 2183 44.
517 2158 618 2194 putat,
646 2152 795 2183 Medeam
822 2153 908 2183 inve-

254 2201 334 2232 nisse
357 2207 389 2232 et
409 2211 536 2232 succum
562 2201 729 2242 quendam,
753 2212 815 2243 quo
839 2201 909 2232 cani

254 2250 456 2281 redderentur
471 2250 547 2292 nigri
563 2251 620 2291 (de
636 2251 747 2292 quibus
769 2251 908 2292 χρίσμα-

255 2311 288 2330 σι
306 2300 443 2336 πολιῶν,
459 2299 522 2330 vid.
544 2300 682 2330 Casaub.
703 2298 743 2330 ad
755 2300 909 2341 Theophr.

254 2349 305 2389 ii.)
333 2355 365 2379 et
390 2348 586 2379 sudationem
617 2349 682 2379 sive
715 2349 908 2379 fomentatio-

255 2408 336 2434 nem,
366 2408 436 2439 quae
468 2397 552 2428 dicta
587 2397 678 2429 fuerit
714 2397 908 2438 παρέψησις,

255 2447 428 2483 concoctio,
447 2453 539 2488 atque
562 2457 599 2478 ea
620 2447 652 2477 in
674 2457 706 2478 re
729 2457 798 2477 eam
821 2457 909 2478 usam

256 2507 323 2528 esse
353 2496 470 2533 ahenis,
499 2496 590 2537 lignis
614 2501 645 2527 et
672 2496 754 2537 igne.
809 2496 908 2533 Dona,

255 2545 395 2581 donaria,
409 2545 620 2587 ἀναθήματα.
654 2546 782 2582 Ferunt,
798 2556 908 2588 nempe

255 2594 390 2637 templis.
434 2596 494 2626 Pro
518 2594 601 2625 felici
625 2594 767 2630 filiorum,
795 2594 908 2626 amico-

255 2654 362 2676 rumve
391 2643 492 2674 reditu
521 2643 654 2675 victimae
691 2649 722 2674 et
748 2645 846 2675 voveri
878 2650 910 2674 et

257 2693 385 2724 mactari
407 2693 556 2724 solebant.
603 2693 748 2735 Congesta
770 2693 909 2723 multitu-

258 2741 339 2773 dinis
373 2741 526 2773 notionem
556 2741 696 2779 involvit,
727 2741 910 2783 constipata.

978 1371 1009 1400 in
1037 1369 1135 1400 altum
1158 1374 1324 1400 exstructa.
1369 1367 1557 1408 Liquefiunt,
1585 1365 1632 1396 in—

979 1418 1164 1450 cenduntur.
1208 1418 1258 1449 Ita
1287 1419 1444 1457 liquescere
1471 1416 1580 1446 Horat.
1604 1415 1632 1446 Ι.

978 1469 1044 1499 Sat.
1061 1479 1091 1498 v.
1105 1468 1158 1498 99.
1196 1466 1377 1497 Simillimus
1393 1471 1440 1496 est
1454 1465 1552 1500 locus,
1567 1464 1631 1494 viii.

978 1517 1041 1548 265
1056 1527 1149 1557 sqq-3
1172 1526 1243 1546 nam
1265 1515 1308 1546 ibi
1331 1524 1453 1556 quoque
1474 1513 1542 1544 haec
1562 1512 1632 1549 tria,

978 1565 1126 1600 victimae,
1144 1564 1228 1600 thus,
1246 1563 1373 1595 donaria
1388 1572 1629 1594 commemoran-

978 1621 1039 1645 tur.
1094 1614 1208 1645 Confer
1235 1613 1329 1644 etiam
1357 1611 1486 1643 Heroid.
1513 1612 1536 1642 i.
1566 1612 1629 1642 25:

978 1665 1116 1706 Argolici
1144 1664 1257 1694 rediere
1287 1664 1393 1693 duces:
1430 1662 1542 1691 altaria
1568 1660 1629 1702 fu-

976 1720 1077 1744 mant.-
1097 1713 1228 1743 Ponitur
1240 1713 1278 1742 ud
1291 1713 1403 1751 patrios
1415 1712 1541 1741 barbara
1554 1721 1629 1750 prae-

977 1764 1016 1793 da
1053 1763 1139 1793 Deos.
1200 1761 1299 1792 Grata
1331 1761 1448 1802 ferunt
1486 1759 1629 1800 Nymphae

977 1811 1111 1853 (πυρίας)
1129 1823 1183 1852 pro
1202 1812 1291 1841 salvis
1311 1812 1388 1841 dona
1409 1811 1535 1840 maritis.
1572 1809 1629 1839 In-

975 1863 1124 1902 ductaque
1137 1862 1275 1891 cornibus
1289 1871 1408 1891 aurum.
1452 1859 1629 1889 Hostiarum

973 1911 1125 1953 majorum
1160 1910 1191 1940 in
1225 1909 1319 1941 sacris
1348 1919 1462 1940 cornua
1489 1908 1630 1939 inaurare

974 1959 1067 1991 moris
1097 1965 1183 1990 erat:
1210 1958 1324 1990 Confer
1349 1958 1503 1988 Homerus
1532 1957 1633 1999 Odys.

974 2011 1008 2040 Γ.
1023 2009 1085 2039 384
1100 2020 1108 2046 3
1128 2007 1360 2039 Brouckhusius
1381 2006 1420 2038 ad
1429 2006 1588 2037 Tibullum
1608 2006 1631 2037 i.

978 2058 1027 2089 15.
1074 2058 1187 2088 Cadere
1198 2057 1327 2087 verbum
1339 2055 1495 2098 proprium
1510 2055 1550 2086 de
1565 2055 1630 2086 vic-

974 2106 1058 2137 timis
1073 2106 1238 2137 mactatis:
1262 2105 1332 2136 vide
1347 2104 1532 2143 Heinsium;
1557 2115 1629 2136 con-

976 2155 1022 2185 fer
1055 2154 1182 2185 Heroid.
1211 2154 1252 2184 vi.
1277 2155 1318 2184 73
1344 2164 1414 2195 sqq.
1469 2154 1628 2184 Grammi-

976 2204 1028 2234 bus
1043 2203 1192 2235 Ciofanus
1206 2203 1287 2233 male
1303 2201 1450 2244 explicat,
1462 2203 1481 2233 J
1485 2202 1568 2233 asoni
1586 2202 1630 2234 fe-

974 2251 1066 2283 licem
1099 2251 1232 2283 reditum
1266 2250 1503 2292 gratulantibus.
1549 2251 1630 2282 Gra-

975 2304 1037 2332 tari
1055 2312 1150 2337 nunc,
1166 2301 1237 2331 Diis
1258 2299 1374 2341 gratias
1397 2310 1486 2341 agere
1506 2310 1560 2342 pro
1585 2301 1628 2332 fe-

974 2350 1026 2381 lici
1052 2350 1164 2382 reditu.
1209 2350 1289 2381 Inde
1310 2350 1540 2391 gratulationes,
1562 2349 1629 2381 dies

974 2399 1055 2435 sesti,
1072 2399 1110 2429 de
1125 2409 1157 2429 re
1171 2399 1259 2429 laeta.
1305 2398 1417 2434 Fessus,
1433 2397 1560 2435 fractus,
1575 2399 1629 2430 de-

973 2448 1129 2478 bilitatus.

1021 2499 1090 2529 168.
1123 2497 1214 2528 Deme
1250 2497 1320 2526 meis
1356 2498 1629 2536 annis-—parer1ti;

974 2545 1113 2587 quidam,
1142 2556 1215 2576 meos
1242 2556 1354 2581 mutos,-
1378 2544 1460 2575 unde
1484 2545 1630 2577 Heinsius

975 2595 1108 2636 conjecit
1123 2596 1192 2625 meis
1208 2595 1486 2633 annos—paternis.

1021 2643 1092 2674 170.
1120 2643 1354 2683 Dissimilemque
1367 2643 1520 2678 anintwn5
1540 2641 1630 2672 rediit

977 2691 1101 2723 Medeae
1129 2692 1161 2722 in
1197 2693 1340 2727 animum,
1369 2690 1493 2722 Jasonis
1521 2689 1628 2733 pietati

977 2741 1155 2776 dissimilem,
1182 2741 1288 2771 AEetes
1311 2745 1409 2782 pater,
1433 2750 1506 2779 erga
1535 2749 1626 2780 quem
