<?xml version="1.0" encoding="UTF-8"?>
<!DOCTYPE html PUBLIC "-//W3C//DTD XHTML 1.0 Transitional//EN"
    "http://www.w3.org/TR/xhtml1/DTD/xhtml1-transitional.dtd">
<html xmlns="http://www.w3.org/1999/xhtml" xml:lang="en" lang="en">
 <head>
  <title>
</title>
<meta http-equiv="Content-Type" content="text/html;charset=utf-8" />
  <meta name='ocr-system' content='tesseract 3.04.00' />
  <meta name='ocr-capabilities' content='ocr_page ocr_carea ocr_par ocr_line ocrx_word'/>
</head>
<body>
  <div class='ocr_page' id='page_1' title='image "./povidiinasonisop03oviduoft_0101.png"; bbox 0 0 1729 3207; ppageno 0'>
   <div class='ocr_carea' id='block_1_1' title="bbox 370 209 1496 254">
    <p class='ocr_par' dir='ltr' id='par_1_1' title="bbox 370 209 1496 254">
     <span class='ocr_line' id='line_1_1' title="bbox 370 209 1496 254; baseline -0.004 -1"><span class='ocrx_word' id='word_1_1' title='bbox 370 209 998 254; x_wconf 87' lang='lat' dir='ltr'>METAMORPHOSEON</span> <span class='ocrx_word' id='word_1_2' title='bbox 1031 209 1153 251; x_wconf 91' lang='lat' dir='ltr'>LIB.</span> <span class='ocrx_word' id='word_1_3' title='bbox 1189 209 1228 249; x_wconf 94' lang='lat' dir='ltr'>I.</span> <span class='ocrx_word' id='word_1_4' title='bbox 1441 209 1496 249; x_wconf 85' lang='grc'>91</span> 
     </span>
    </p>
   </div>
   <div class='ocr_carea' id='block_1_2' title="bbox 90 325 1500 930">
    <p class='ocr_par' dir='ltr' id='par_1_2' title="bbox 90 325 1498 621">
     <span class='ocr_line' id='line_1_2' title="bbox 90 325 1420 391; baseline -0.002 -17"><span class='ocrx_word' id='word_1_5' title='bbox 90 327 266 375; x_wconf 75' lang='lat' dir='ltr'>Tura?</span> <span class='ocrx_word' id='word_1_6' title='bbox 302 327 483 375; x_wconf 81' lang='lat' dir='ltr'>ferisne</span> <span class='ocrx_word' id='word_1_7' title='bbox 509 333 651 391; x_wconf 90' lang='lat' dir='ltr'>paret</span> <span class='ocrx_word' id='word_1_8' title='bbox 675 325 986 389; x_wconf 87' lang='lat' dir='ltr'>populandas</span> <span class='ocrx_word' id='word_1_9' title='bbox 1011 325 1206 372; x_wconf 78' lang='lat' dir='ltr'>tradere</span> <span class='ocrx_word' id='word_1_10' title='bbox 1231 325 1420 372; x_wconf 80' lang='lat' dir='ltr'>terras?</span> 
     </span>
     <span class='ocr_line' id='line_1_3' title="bbox 102 401 1498 467; baseline -0.003 -16"><span class='ocrx_word' id='word_1_11' title='bbox 102 404 243 451; x_wconf 90' lang='lat' dir='ltr'>Talia</span> <span class='ocrx_word' id='word_1_12' title='bbox 266 411 544 467; x_wconf 76' lang='lat' dir='ltr'>quaerentes</span> <span class='ocrx_word' id='word_1_13' title='bbox 571 402 689 464; x_wconf 80' lang='lat' dir='ltr'>(sibi</span> <span class='ocrx_word' id='word_1_14' title='bbox 715 402 845 449; x_wconf 90' lang='lat' dir='ltr'>enim</span> <span class='ocrx_word' id='word_1_15' title='bbox 871 402 972 449; x_wconf 88' lang='lat' dir='ltr'>fore</span> <span class='ocrx_word' id='word_1_16' title='bbox 998 409 1165 449; x_wconf 88' lang='lat' dir='ltr'>cetera</span> <span class='ocrx_word' id='word_1_17' title='bbox 1189 401 1342 461; x_wconf 81' lang='lat' dir='ltr'>curae)</span> <span class='ocrx_word' id='word_1_18' title='bbox 1401 404 1498 448; x_wconf 87' lang='grc'>250</span> 
     </span>
     <span class='ocr_line' id='line_1_4' title="bbox 104 479 1465 543; baseline -0.001 -16"><span class='ocrx_word' id='word_1_19' title='bbox 104 481 217 528; x_wconf 86' lang='lat' dir='ltr'>Rex</span> <span class='ocrx_word' id='word_1_20' title='bbox 245 480 491 543; x_wconf 83' lang='lat' dir='ltr'>Superum</span> <span class='ocrx_word' id='word_1_21' title='bbox 517 480 766 543; x_wconf 88' lang='lat' dir='ltr'>trepidare</span> <span class='ocrx_word' id='word_1_22' title='bbox 790 485 941 533; x_wconf 86' lang='lat' dir='ltr'>vetat,</span> <span class='ocrx_word' id='word_1_23' title='bbox 967 480 1292 541; x_wconf 85' lang='lat' dir='ltr'>sobolemque</span> <span class='ocrx_word' id='word_1_24' title='bbox 1318 479 1465 542; x_wconf 85' lang='lat' dir='ltr'>priori</span> 
     </span>
     <span class='ocr_line' id='line_1_5' title="bbox 104 555 1267 621; baseline -0.001 -18"><span class='ocrx_word' id='word_1_25' title='bbox 104 557 412 604; x_wconf 84' lang='lat' dir='ltr'>Dissimilem</span> <span class='ocrx_word' id='word_1_26' title='bbox 436 557 619 621; x_wconf 90' lang='lat' dir='ltr'>populo</span> <span class='ocrx_word' id='word_1_27' title='bbox 646 555 892 619; x_wconf 86' lang='lat' dir='ltr'>promittit</span> <span class='ocrx_word' id='word_1_28' title='bbox 916 556 1104 618; x_wconf 80' lang='lat' dir='ltr'>origine</span> <span class='ocrx_word' id='word_1_29' title='bbox 1129 556 1267 602; x_wconf 86' lang='lat' dir='ltr'>mira.</span> 
     </span>
    </p>

    <p class='ocr_par' dir='ltr' id='par_1_3' title="bbox 105 633 1500 930">
     <span class='ocr_line' id='line_1_6' title="bbox 168 633 1495 698; baseline -0.001 -18"><span class='ocrx_word' id='word_1_30' title='bbox 168 634 230 682; x_wconf 89' lang='lat' dir='ltr'>V.</span> <span class='ocrx_word' id='word_1_31' title='bbox 251 634 466 698; x_wconf 81' lang='lat' dir='ltr'>Jamque</span> <span class='ocrx_word' id='word_1_32' title='bbox 483 641 588 682; x_wconf 91' lang='lat' dir='ltr'>erat</span> <span class='ocrx_word' id='word_1_33' title='bbox 603 635 652 679; x_wconf 91' lang='lat' dir='ltr'>in</span> <span class='ocrx_word' id='word_1_34' title='bbox 668 640 797 680; x_wconf 92' lang='lat' dir='ltr'>totas</span> <span class='ocrx_word' id='word_1_35' title='bbox 815 649 1076 696; x_wconf 85' lang='lat' dir='ltr'>sparsurus</span> <span class='ocrx_word' id='word_1_36' title='bbox 1093 633 1300 679; x_wconf 82' lang='lat' dir='ltr'>fulmina</span> <span class='ocrx_word' id='word_1_37' title='bbox 1317 640 1495 691; x_wconf 85' lang='lat' dir='ltr'>terras3</span> 
     </span>
     <span class='ocr_line' id='line_1_7' title="bbox 105 710 1408 773; baseline -0.002 -15"><span class='ocrx_word' id='word_1_38' title='bbox 105 711 206 758; x_wconf 89' lang='lat' dir='ltr'>Sed</span> <span class='ocrx_word' id='word_1_39' title='bbox 231 711 412 766; x_wconf 86' lang='lat' dir='ltr'>timuit,</span> <span class='ocrx_word' id='word_1_40' title='bbox 440 728 502 759; x_wconf 92' lang='lat' dir='ltr'>ne</span> <span class='ocrx_word' id='word_1_41' title='bbox 526 711 650 758; x_wconf 88' lang='lat' dir='ltr'>forte</span> <span class='ocrx_word' id='word_1_42' title='bbox 677 727 816 757; x_wconf 89' lang='lat' dir='ltr'>sacer</span> <span class='ocrx_word' id='word_1_43' title='bbox 840 717 914 757; x_wconf 92' lang='lat' dir='ltr'>tot</span> <span class='ocrx_word' id='word_1_44' title='bbox 941 712 1003 758; x_wconf 85' lang='lat' dir='ltr'>ab</span> <span class='ocrx_word' id='word_1_45' title='bbox 1030 710 1227 773; x_wconf 83' lang='lat' dir='ltr'>ignibus</span> <span class='ocrx_word' id='word_1_46' title='bbox 1253 711 1408 758; x_wconf 83' lang='lat' dir='ltr'>aether</span> 
     </span>
     <span class='ocr_line' id='line_1_8' title="bbox 106 787 1500 852; baseline 0.001 -18"><span class='ocrx_word' id='word_1_47' title='bbox 106 787 406 852; x_wconf 79' lang='lat' dir='ltr'>Conciperet</span> <span class='ocrx_word' id='word_1_48' title='bbox 420 789 660 844; x_wconf 87' lang='lat' dir='ltr'>flammas,</span> <span class='ocrx_word' id='word_1_49' title='bbox 674 789 952 851; x_wconf 82' lang='lat' dir='ltr'>longusque</span> <span class='ocrx_word' id='word_1_50' title='bbox 963 789 1245 836; x_wconf 83' lang='lat' dir='ltr'>ardesceret</span> <span class='ocrx_word' id='word_1_51' title='bbox 1256 789 1380 835; x_wconf 83' lang='lat' dir='ltr'>axis.</span> <span class='ocrx_word' id='word_1_52' title='bbox 1404 792 1500 836; x_wconf 84' lang='lat'>255</span> 
     </span>
     <span class='ocr_line' id='line_1_9' title="bbox 107 865 1483 930; baseline 0.001 -18"><span class='ocrx_word' id='word_1_53' title='bbox 107 865 232 913; x_wconf 89' lang='lat' dir='ltr'>Esse</span> <span class='ocrx_word' id='word_1_54' title='bbox 257 883 459 930; x_wconf 92' lang='lat' dir='ltr'>quoque</span> <span class='ocrx_word' id='word_1_55' title='bbox 484 867 533 913; x_wconf 89' lang='lat' dir='ltr'>in</span> <span class='ocrx_word' id='word_1_56' title='bbox 560 866 672 914; x_wconf 86' lang='lat' dir='ltr'>fatis</span> <span class='ocrx_word' id='word_1_57' title='bbox 699 867 1048 922; x_wconf 87' lang='lat' dir='ltr'>reminiscitur,</span> <span class='ocrx_word' id='word_1_58' title='bbox 1076 865 1243 913; x_wconf 89' lang='lat' dir='ltr'>adfore</span> <span class='ocrx_word' id='word_1_59' title='bbox 1268 873 1483 930; x_wconf 87' lang='lat' dir='ltr'>tempus,</span> 
     </span>
    </p>
   </div>
   <div class='ocr_carea' id='block_1_3' title="bbox 102 999 785 2814">
    <p class='ocr_par' dir='ltr' id='par_1_4' title="bbox 102 999 771 1386">
     <span class='ocr_line' id='line_1_10' title="bbox 102 999 770 1042; baseline -0.001 -12"><span class='ocrx_word' id='word_1_60' title='bbox 102 999 292 1042; x_wconf 88' lang='lat' dir='ltr'>temporibus</span> <span class='ocrx_word' id='word_1_61' title='bbox 307 1006 378 1030; x_wconf 80' lang='lat' dir='ltr'>tura</span> <span class='ocrx_word' id='word_1_62' title='bbox 392 999 530 1030; x_wconf 90' lang='lat' dir='ltr'>nondum</span> <span class='ocrx_word' id='word_1_63' title='bbox 543 999 770 1031; x_wconf 84' lang='lat' dir='ltr'>adhibebantur</span> 
     </span>
     <span class='ocr_line' id='line_1_11' title="bbox 102 1048 770 1091; baseline 0.001 -12"><span class='ocrx_word' id='word_1_64' title='bbox 102 1049 136 1079; x_wconf 88' lang='lat' dir='ltr'>in</span> <span class='ocrx_word' id='word_1_65' title='bbox 160 1049 266 1086; x_wconf 86' lang='lat' dir='ltr'>sacris,</span> <span class='ocrx_word' id='word_1_66' title='bbox 293 1049 409 1091; x_wconf 87' lang='lat' dir='ltr'>quippe</span> <span class='ocrx_word' id='word_1_67' title='bbox 435 1048 554 1090; x_wconf 87' lang='lat' dir='ltr'>ignota,</span> <span class='ocrx_word' id='word_1_68' title='bbox 583 1049 637 1080; x_wconf 89' lang='lat' dir='ltr'>sed</span> <span class='ocrx_word' id='word_1_69' title='bbox 665 1060 770 1080; x_wconf 83' lang='lat' dir='ltr'>eorum</span> 
     </span>
     <span class='ocr_line' id='line_1_12' title="bbox 104 1097 769 1140; baseline 0.002 -12"><span class='ocrx_word' id='word_1_70' title='bbox 104 1097 173 1129; x_wconf 85' lang='lat' dir='ltr'>loco</span> <span class='ocrx_word' id='word_1_71' title='bbox 192 1099 273 1140; x_wconf 84' lang='lat' dir='ltr'>far.-</span> <span class='ocrx_word' id='word_1_72' title='bbox 298 1098 362 1129; x_wconf 87' lang='lat' dir='ltr'>vid.</span> <span class='ocrx_word' id='word_1_73' title='bbox 388 1097 472 1129; x_wconf 76' lang='lat' dir='ltr'>Plin.</span> <span class='ocrx_word' id='word_1_74' title='bbox 497 1099 541 1129; x_wconf 79' lang='lat' dir='ltr'>H.</span> <span class='ocrx_word' id='word_1_75' title='bbox 561 1099 604 1129; x_wconf 93' lang='lat' dir='ltr'>N.</span> <span class='ocrx_word' id='word_1_76' title='bbox 627 1099 720 1129; x_wconf 81' lang='lat' dir='ltr'>XIII.</span> <span class='ocrx_word' id='word_1_77' title='bbox 743 1099 769 1137; x_wconf 86' lang='lat' dir='ltr'>i;</span> 
     </span>
     <span class='ocr_line' id='line_1_13' title="bbox 107 1146 770 1189; baseline 0 -11"><span class='ocrx_word' id='word_1_78' title='bbox 107 1147 227 1178; x_wconf 89' lang='lat' dir='ltr'>Arnob.</span> <span class='ocrx_word' id='word_1_79' title='bbox 243 1158 273 1178; x_wconf 91' lang='lat' dir='ltr'>c.</span> <span class='ocrx_word' id='word_1_80' title='bbox 292 1148 423 1182; x_wconf 86' lang='lat' dir='ltr'>Gentes,</span> <span class='ocrx_word' id='word_1_81' title='bbox 439 1147 494 1178; x_wconf 87' lang='lat' dir='ltr'>lib.</span> <span class='ocrx_word' id='word_1_82' title='bbox 510 1146 563 1177; x_wconf 93' lang='lat' dir='ltr'>vii.</span> <span class='ocrx_word' id='word_1_83' title='bbox 580 1158 611 1188; x_wconf 92' lang='lat' dir='ltr'>p.</span> <span class='ocrx_word' id='word_1_84' title='bbox 628 1149 687 1178; x_wconf 83' lang='lat'>231</span> <span class='ocrx_word' id='word_1_85' title='bbox 702 1158 770 1189; x_wconf 88' lang='lat' dir='ltr'>sqq.</span> 
     </span>
     <span class='ocr_line' id='line_1_14' title="bbox 106 1195 769 1238; baseline 0.002 -13"><span class='ocrx_word' id='word_1_86' title='bbox 106 1196 218 1237; x_wconf 85' lang='lat' dir='ltr'>Itaque</span> <span class='ocrx_word' id='word_1_87' title='bbox 235 1196 369 1227; x_wconf 88' lang='lat' dir='ltr'>Ovidius</span> <span class='ocrx_word' id='word_1_88' title='bbox 384 1195 414 1226; x_wconf 88' lang='lat' dir='ltr'>h.</span> <span class='ocrx_word' id='word_1_89' title='bbox 431 1196 455 1226; x_wconf 93' lang='lat' dir='ltr'>l.</span> <span class='ocrx_word' id='word_1_90' title='bbox 472 1201 506 1226; x_wconf 92' lang='lat' dir='ltr'>ut</span> <span class='ocrx_word' id='word_1_91' title='bbox 521 1207 615 1238; x_wconf 86' lang='lat' dir='ltr'>saepe,</span> <span class='ocrx_word' id='word_1_92' title='bbox 631 1207 669 1227; x_wconf 85' lang='lat' dir='ltr'>ex</span> <span class='ocrx_word' id='word_1_93' title='bbox 685 1207 769 1227; x_wconf 90' lang='lat' dir='ltr'>more</span> 
     </span>
     <span class='ocr_line' id='line_1_15' title="bbox 105 1244 770 1276; baseline -0.003 0"><span class='ocrx_word' id='word_1_94' title='bbox 105 1256 168 1276; x_wconf 84' lang='lat' dir='ltr'>suae</span> <span class='ocrx_word' id='word_1_95' title='bbox 181 1244 281 1275; x_wconf 88' lang='lat' dir='ltr'>aetatis</span> <span class='ocrx_word' id='word_1_96' title='bbox 291 1246 415 1275; x_wconf 84' lang='lat' dir='ltr'>locutus</span> <span class='ocrx_word' id='word_1_97' title='bbox 425 1249 484 1275; x_wconf 87' lang='lat' dir='ltr'>est.</span> <span class='ocrx_word' id='word_1_98' title='bbox 516 1245 648 1276; x_wconf 87' lang='lat' dir='ltr'>Phrases</span> <span class='ocrx_word' id='word_1_99' title='bbox 660 1245 770 1276; x_wconf 86' lang='lat' dir='ltr'>solem-</span> 
     </span>
     <span class='ocr_line' id='line_1_16' title="bbox 107 1295 771 1335; baseline 0 -10"><span class='ocrx_word' id='word_1_100' title='bbox 107 1305 161 1325; x_wconf 86' lang='lat' dir='ltr'>nes</span> <span class='ocrx_word' id='word_1_101' title='bbox 185 1300 257 1325; x_wconf 85' lang='lat' dir='ltr'>sunt</span> <span class='ocrx_word' id='word_1_102' title='bbox 275 1296 348 1325; x_wconf 76' lang='lat' dir='ltr'>dare</span> <span class='ocrx_word' id='word_1_103' title='bbox 364 1300 396 1325; x_wconf 88' lang='lat' dir='ltr'>et</span> <span class='ocrx_word' id='word_1_104' title='bbox 409 1295 500 1335; x_wconf 84' lang='lat' dir='ltr'>ferre</span> <span class='ocrx_word' id='word_1_105' title='bbox 518 1301 581 1325; x_wconf 75' lang='lat' dir='ltr'>tus:</span> <span class='ocrx_word' id='word_1_106' title='bbox 605 1295 669 1326; x_wconf 86' lang='lat' dir='ltr'>vid.</span> <span class='ocrx_word' id='word_1_107' title='bbox 685 1295 771 1325; x_wconf 87' lang='lat' dir='ltr'>Bris-</span> 
     </span>
     <span class='ocr_line' id='line_1_17' title="bbox 107 1343 548 1386; baseline -0.002 -11"><span class='ocrx_word' id='word_1_108' title='bbox 107 1355 175 1375; x_wconf 84' lang='lat' dir='ltr'>son.</span> <span class='ocrx_word' id='word_1_109' title='bbox 190 1344 229 1375; x_wconf 94' lang='lat' dir='ltr'>de</span> <span class='ocrx_word' id='word_1_110' title='bbox 246 1345 349 1374; x_wconf 88' lang='lat' dir='ltr'>Form.</span> <span class='ocrx_word' id='word_1_111' title='bbox 365 1343 387 1374; x_wconf 84' lang='lat' dir='ltr'>i.</span> <span class='ocrx_word' id='word_1_112' title='bbox 402 1354 476 1386; x_wconf 87' lang='lat' dir='ltr'>pag.</span> <span class='ocrx_word' id='word_1_113' title='bbox 493 1345 548 1375; x_wconf 85' lang='lat'>25.</span> 
     </span>
    </p>

    <p class='ocr_par' dir='ltr' id='par_1_5' title="bbox 106 1393 775 1679">
     <span class='ocr_line' id='line_1_18' title="bbox 149 1393 774 1434; baseline -0.002 -10"><span class='ocrx_word' id='word_1_114' title='bbox 149 1394 224 1425; x_wconf 82' lang='lat'>249.</span> <span class='ocrx_word' id='word_1_115' title='bbox 241 1394 377 1434; x_wconf 83' lang='lat' dir='ltr'>Terras.]</span> <span class='ocrx_word' id='word_1_116' title='bbox 404 1393 563 1424; x_wconf 87' lang='lat' dir='ltr'>Revocavi</span> <span class='ocrx_word' id='word_1_117' title='bbox 576 1399 691 1430; x_wconf 75' lang='lat' dir='ltr'>terra83</span> <span class='ocrx_word' id='word_1_118' title='bbox 713 1403 774 1423; x_wconf 86' lang='lat' dir='ltr'>non</span> 
     </span>
     <span class='ocr_line' id='line_1_19' title="bbox 106 1442 775 1484; baseline -0.001 -11"><span class='ocrx_word' id='word_1_119' title='bbox 106 1442 190 1474; x_wconf 89' lang='lat' dir='ltr'>e-nim</span> <span class='ocrx_word' id='word_1_120' title='bbox 205 1442 267 1479; x_wconf 91' lang='lat' dir='ltr'>hic,</span> <span class='ocrx_word' id='word_1_121' title='bbox 283 1448 317 1473; x_wconf 94' lang='lat' dir='ltr'>ut</span> <span class='ocrx_word' id='word_1_122' title='bbox 331 1443 441 1473; x_wconf 90' lang='lat' dir='ltr'>Burm.</span> <span class='ocrx_word' id='word_1_123' title='bbox 458 1443 601 1484; x_wconf 86' lang='lat' dir='ltr'>putabat,</span> <span class='ocrx_word' id='word_1_124' title='bbox 618 1442 656 1472; x_wconf 88' lang='lat' dir='ltr'>de</span> <span class='ocrx_word' id='word_1_125' title='bbox 680 1452 775 1483; x_wconf 89' lang='lat' dir='ltr'>poena</span> 
     </span>
     <span class='ocr_line' id='line_1_20' title="bbox 108 1491 774 1533; baseline -0.003 -10"><span class='ocrx_word' id='word_1_126' title='bbox 108 1503 208 1523; x_wconf 87' lang='lat' dir='ltr'>sermo</span> <span class='ocrx_word' id='word_1_127' title='bbox 223 1500 280 1529; x_wconf 78' lang='lat' dir='ltr'>est,</span> <span class='ocrx_word' id='word_1_128' title='bbox 295 1502 360 1533; x_wconf 87' lang='lat' dir='ltr'>qua</span> <span class='ocrx_word' id='word_1_129' title='bbox 380 1498 466 1532; x_wconf 75' lang='lat' dir='ltr'>paret</span> <span class='ocrx_word' id='word_1_130' title='bbox 482 1491 505 1522; x_wconf 90' lang='lat' dir='ltr'>i.</span> <span class='ocrx_word' id='word_1_131' title='bbox 521 1502 549 1522; x_wconf 92' lang='lat' dir='ltr'>e.</span> <span class='ocrx_word' id='word_1_132' title='bbox 565 1491 640 1522; x_wconf 91' lang='lat' dir='ltr'>velit</span> <span class='ocrx_word' id='word_1_133' title='bbox 664 1491 774 1522; x_wconf 88' lang='lat' dir='ltr'>huma-</span> 
     </span>
     <span class='ocr_line' id='line_1_21' title="bbox 108 1541 773 1583; baseline -0.003 -11"><span class='ocrx_word' id='word_1_134' title='bbox 108 1553 183 1572; x_wconf 90' lang='lat' dir='ltr'>num</span> <span class='ocrx_word' id='word_1_135' title='bbox 207 1552 305 1583; x_wconf 87' lang='lat' dir='ltr'>genus</span> <span class='ocrx_word' id='word_1_136' title='bbox 326 1542 478 1583; x_wconf 83' lang='lat' dir='ltr'>perdere;</span> <span class='ocrx_word' id='word_1_137' title='bbox 501 1541 565 1577; x_wconf 86' lang='lat' dir='ltr'>sed,</span> <span class='ocrx_word' id='word_1_138' title='bbox 583 1552 652 1582; x_wconf 84' lang='lat' dir='ltr'>quae</span> <span class='ocrx_word' id='word_1_139' title='bbox 676 1541 773 1571; x_wconf 80' lang='lat' dir='ltr'>forma</span> 
     </span>
     <span class='ocr_line' id='line_1_22' title="bbox 110 1589 771 1632; baseline -0.005 -10"><span class='ocrx_word' id='word_1_140' title='bbox 110 1598 196 1622; x_wconf 77' lang='lat' dir='ltr'>terrae</span> <span class='ocrx_word' id='word_1_141' title='bbox 221 1590 325 1621; x_wconf 85' lang='lat' dir='ltr'>futura</span> <span class='ocrx_word' id='word_1_142' title='bbox 348 1590 398 1626; x_wconf 86' lang='lat' dir='ltr'>sit,</span> <span class='ocrx_word' id='word_1_143' title='bbox 413 1590 573 1632; x_wconf 85' lang='lat' dir='ltr'>quaeritur,</span> <span class='ocrx_word' id='word_1_144' title='bbox 589 1590 699 1620; x_wconf 87' lang='lat' dir='ltr'>deletis</span> <span class='ocrx_word' id='word_1_145' title='bbox 717 1589 771 1619; x_wconf 91' lang='lat' dir='ltr'>ho-</span> 
     </span>
     <span class='ocr_line' id='line_1_23' title="bbox 111 1639 738 1679; baseline -0.002 -9"><span class='ocrx_word' id='word_1_146' title='bbox 111 1640 258 1671; x_wconf 86' lang='lat' dir='ltr'>minibus.</span> <span class='ocrx_word' id='word_1_147' title='bbox 308 1640 481 1679; x_wconf 81' lang='lat' dir='ltr'>Trepidare,</span> <span class='ocrx_word' id='word_1_148' title='bbox 496 1639 645 1670; x_wconf 86' lang='lat' dir='ltr'>sollicitos</span> <span class='ocrx_word' id='word_1_149' title='bbox 661 1650 738 1670; x_wconf 87' lang='lat' dir='ltr'>esse.</span> 
     </span>
    </p>

    <p class='ocr_par' dir='ltr' id='par_1_6' title="bbox 110 1689 785 2814">
     <span class='ocr_line' id='line_1_24' title="bbox 151 1689 773 1730; baseline -0.002 -10"><span class='ocrx_word' id='word_1_150' title='bbox 151 1691 333 1721; x_wconf 72' lang='lat'>253—415.</span> <span class='ocrx_word' id='word_1_151' title='bbox 350 1690 476 1730; x_wconf 84' lang='lat' dir='ltr'>Jamque</span> <span class='ocrx_word' id='word_1_152' title='bbox 487 1696 551 1720; x_wconf 84' lang='lat' dir='ltr'>erat</span> <span class='ocrx_word' id='word_1_153' title='bbox 563 1691 688 1725; x_wconf 74' lang='lat' dir='ltr'>intutas,</span> <span class='ocrx_word' id='word_1_154' title='bbox 696 1689 773 1729; x_wconf 87' lang='lat' dir='ltr'>etc.]</span> 
     </span>
     <span class='ocr_line' id='line_1_25' title="bbox 110 1739 775 1780; baseline -0.003 -10"><span class='ocrx_word' id='word_1_155' title='bbox 110 1739 238 1770; x_wconf 84' lang='lat' dir='ltr'>Placuit</span> <span class='ocrx_word' id='word_1_156' title='bbox 259 1750 332 1780; x_wconf 84' lang='lat' dir='ltr'>ergo</span> <span class='ocrx_word' id='word_1_157' title='bbox 353 1750 452 1780; x_wconf 87' lang='lat' dir='ltr'>genus</span> <span class='ocrx_word' id='word_1_158' title='bbox 473 1739 644 1769; x_wconf 91' lang='lat' dir='ltr'>humanum</span> <span class='ocrx_word' id='word_1_159' title='bbox 660 1740 775 1769; x_wconf 78' lang='lat' dir='ltr'>diluvio</span> 
     </span>
     <span class='ocr_line' id='line_1_26' title="bbox 110 1787 774 1830; baseline -0.005 -10"><span class='ocrx_word' id='word_1_160' title='bbox 110 1788 364 1830; x_wconf 73' lang='grc' dir='ltr'>(κατακλυσμῷ)</span> <span class='ocrx_word' id='word_1_161' title='bbox 380 1788 521 1829; x_wconf 84' lang='lat' dir='ltr'>perdere.</span> <span class='ocrx_word' id='word_1_162' title='bbox 566 1789 635 1818; x_wconf 93' lang='lat' dir='ltr'>Hoc</span> <span class='ocrx_word' id='word_1_163' title='bbox 659 1787 774 1819; x_wconf 87' lang='lat' dir='ltr'>descri-</span> 
     </span>
     <span class='ocr_line' id='line_1_27' title="bbox 110 1837 774 1879; baseline -0.002 -11"><span class='ocrx_word' id='word_1_164' title='bbox 110 1838 202 1869; x_wconf 80' lang='lat' dir='ltr'>bitur.</span> <span class='ocrx_word' id='word_1_165' title='bbox 238 1837 300 1868; x_wconf 86' lang='lat' dir='ltr'>Sed</span> <span class='ocrx_word' id='word_1_166' title='bbox 315 1838 387 1873; x_wconf 90' lang='lat' dir='ltr'>duo,</span> <span class='ocrx_word' id='word_1_167' title='bbox 402 1837 455 1879; x_wconf 85' lang='lat' dir='ltr'>qui</span> <span class='ocrx_word' id='word_1_168' title='bbox 471 1837 591 1868; x_wconf 83' lang='lat' dir='ltr'>caeteris</span> <span class='ocrx_word' id='word_1_169' title='bbox 606 1837 774 1868; x_wconf 89' lang='lat' dir='ltr'>antecelle-</span> 
     </span>
     <span class='ocr_line' id='line_1_28' title="bbox 112 1887 775 1929; baseline -0.002 -12"><span class='ocrx_word' id='word_1_170' title='bbox 112 1888 188 1918; x_wconf 87' lang='lat' dir='ltr'>bant</span> <span class='ocrx_word' id='word_1_171' title='bbox 222 1888 350 1929; x_wconf 86' lang='lat' dir='ltr'>pietate,</span> <span class='ocrx_word' id='word_1_172' title='bbox 388 1895 562 1921; x_wconf 80' lang='lat' dir='ltr'>servantur,</span> <span class='ocrx_word' id='word_1_173' title='bbox 595 1887 775 1923; x_wconf 78' lang='lat' dir='ltr'>Deucalion,</span> 
     </span>
     <span class='ocr_line' id='line_1_29' title="bbox 111 1935 776 1976; baseline -0.003 -9"><span class='ocrx_word' id='word_1_174' title='bbox 111 1935 288 1967; x_wconf 86' lang='lat' dir='ltr'>Promethei</span> <span class='ocrx_word' id='word_1_175' title='bbox 303 1941 334 1966; x_wconf 88' lang='lat' dir='ltr'>et</span> <span class='ocrx_word' id='word_1_176' title='bbox 348 1936 499 1967; x_wconf 78' lang='lat' dir='ltr'>Paudorae</span> <span class='ocrx_word' id='word_1_177' title='bbox 522 1935 614 1971; x_wconf 85' lang='lat' dir='ltr'>filius,</span> <span class='ocrx_word' id='word_1_178' title='bbox 631 1941 662 1966; x_wconf 85' lang='lat' dir='ltr'>et</span> <span class='ocrx_word' id='word_1_179' title='bbox 678 1936 776 1976; x_wconf 78' lang='lat' dir='ltr'>Pyrr-</span> 
     </span>
     <span class='ocr_line' id='line_1_30' title="bbox 113 1985 777 2027; baseline -0.002 -11"><span class='ocrx_word' id='word_1_180' title='bbox 113 1987 164 2021; x_wconf 77' lang='lat' dir='ltr'>ha,</span> <span class='ocrx_word' id='word_1_181' title='bbox 182 1986 249 2027; x_wconf 83' lang='lat' dir='ltr'>ejus</span> <span class='ocrx_word' id='word_1_182' title='bbox 271 1985 395 2027; x_wconf 88' lang='lat' dir='ltr'>conjux,</span> <span class='ocrx_word' id='word_1_183' title='bbox 412 1985 589 2027; x_wconf 85' lang='lat' dir='ltr'>Epimethei</span> <span class='ocrx_word' id='word_1_184' title='bbox 614 1985 689 2016; x_wconf 89' lang='lat' dir='ltr'>filia.</span> <span class='ocrx_word' id='word_1_185' title='bbox 736 1985 777 2015; x_wconf 92' lang='lat' dir='ltr'>Hi</span> 
     </span>
     <span class='ocr_line' id='line_1_31' title="bbox 116 2034 778 2077; baseline -0.002 -12"><span class='ocrx_word' id='word_1_186' title='bbox 116 2034 274 2077; x_wconf 84' lang='lat' dir='ltr'>lapidibus</span> <span class='ocrx_word' id='word_1_187' title='bbox 285 2035 375 2077; x_wconf 88' lang='lat' dir='ltr'>jussu</span> <span class='ocrx_word' id='word_1_188' title='bbox 389 2034 550 2065; x_wconf 85' lang='lat' dir='ltr'>Themidis</span> <span class='ocrx_word' id='word_1_189' title='bbox 570 2034 665 2077; x_wconf 83' lang='lat' dir='ltr'>jactis</span> <span class='ocrx_word' id='word_1_190' title='bbox 680 2044 778 2075; x_wconf 83' lang='lat' dir='ltr'>genus</span> 
     </span>
     <span class='ocr_line' id='line_1_32' title="bbox 112 2083 775 2126; baseline -0.003 -11"><span class='ocrx_word' id='word_1_191' title='bbox 112 2084 283 2115; x_wconf 88' lang='lat' dir='ltr'>humanum</span> <span class='ocrx_word' id='word_1_192' title='bbox 307 2083 495 2115; x_wconf 85' lang='lat' dir='ltr'>restituunt:</span> <span class='ocrx_word' id='word_1_193' title='bbox 522 2085 562 2114; x_wconf 85' lang='lat' dir='ltr'>cf.</span> <span class='ocrx_word' id='word_1_194' title='bbox 577 2083 726 2126; x_wconf 85' lang='lat' dir='ltr'>Apollod.</span> <span class='ocrx_word' id='word_1_195' title='bbox 749 2084 775 2114; x_wconf 93' lang='grc' dir='ltr'>Ι.</span> 
     </span>
     <span class='ocr_line' id='line_1_33' title="bbox 113 2133 775 2175; baseline -0.002 -11"><span class='ocrx_word' id='word_1_196' title='bbox 113 2133 166 2164; x_wconf 85' lang='lat' dir='ltr'>vii.</span> <span class='ocrx_word' id='word_1_197' title='bbox 178 2135 219 2172; x_wconf 81' lang='lat'>23</span> <span class='ocrx_word' id='word_1_198' title='bbox 242 2133 361 2175; x_wconf 88' lang='lat' dir='ltr'>Hygin.</span> <span class='ocrx_word' id='word_1_199' title='bbox 377 2134 439 2165; x_wconf 79' lang='lat' dir='ltr'>fab.</span> <span class='ocrx_word' id='word_1_200' title='bbox 458 2135 529 2165; x_wconf 88' lang='grc'><strong>153.</strong></span> <span class='ocrx_word' id='word_1_201' title='bbox 559 2133 663 2164; x_wconf 85' lang='lat' dir='ltr'>Etiam</span> <span class='ocrx_word' id='word_1_202' title='bbox 680 2133 775 2175; x_wconf 90' lang='lat' dir='ltr'>Apol-</span> 
     </span>
     <span class='ocr_line' id='line_1_34' title="bbox 115 2182 778 2224; baseline -0.003 -10"><span class='ocrx_word' id='word_1_203' title='bbox 115 2183 180 2214; x_wconf 90' lang='lat' dir='ltr'>lod.</span> <span class='ocrx_word' id='word_1_204' title='bbox 201 2183 264 2214; x_wconf 87' lang='lat'>111.</span> <span class='ocrx_word' id='word_1_205' title='bbox 278 2183 344 2214; x_wconf 87' lang='lat' dir='ltr'>viii.</span> <span class='ocrx_word' id='word_1_206' title='bbox 363 2184 395 2214; x_wconf 87' lang='grc'>2.</span> <span class='ocrx_word' id='word_1_207' title='bbox 426 2188 457 2213; x_wconf 81' lang='lat' dir='ltr'>et</span> <span class='ocrx_word' id='word_1_208' title='bbox 479 2183 584 2213; x_wconf 88' lang='lat' dir='ltr'>Schol.</span> <span class='ocrx_word' id='word_1_209' title='bbox 608 2182 714 2224; x_wconf 91' lang='lat' dir='ltr'>Eurip.</span> <span class='ocrx_word' id='word_1_210' title='bbox 738 2182 778 2213; x_wconf 89' lang='lat' dir='ltr'>ad</span> 
     </span>
     <span class='ocr_line' id='line_1_35' title="bbox 115 2231 779 2273; baseline -0.003 -9"><span class='ocrx_word' id='word_1_211' title='bbox 115 2233 220 2264; x_wconf 80' lang='lat' dir='ltr'>Orest.</span> <span class='ocrx_word' id='word_1_212' title='bbox 250 2233 342 2263; x_wconf 90' lang='grc'><strong>1646.</strong></span> <span class='ocrx_word' id='word_1_213' title='bbox 365 2232 423 2262; x_wconf 90' lang='lat' dir='ltr'>hoc</span> <span class='ocrx_word' id='word_1_214' title='bbox 459 2231 612 2262; x_wconf 90' lang='lat' dir='ltr'>diluvium</span> <span class='ocrx_word' id='word_1_215' title='bbox 644 2237 715 2273; x_wconf 90' lang='lat' dir='ltr'>post</span> <span class='ocrx_word' id='word_1_216' title='bbox 748 2237 779 2262; x_wconf 87' lang='lat' dir='ltr'>et</span> 
     </span>
     <span class='ocr_line' id='line_1_36' title="bbox 114 2280 779 2324; baseline -0.002 -12"><span class='ocrx_word' id='word_1_217' title='bbox 114 2288 238 2324; x_wconf 81' lang='lat' dir='ltr'>propter</span> <span class='ocrx_word' id='word_1_218' title='bbox 259 2280 413 2323; x_wconf 81' lang='lat' dir='ltr'>Lycaonis</span> <span class='ocrx_word' id='word_1_219' title='bbox 427 2281 477 2312; x_wconf 86' lang='lat' dir='ltr'>vel</span> <span class='ocrx_word' id='word_1_220' title='bbox 500 2280 632 2312; x_wconf 88' lang='lat' dir='ltr'>filiorum</span> <span class='ocrx_word' id='word_1_221' title='bbox 657 2280 779 2311; x_wconf 87' lang='lat' dir='ltr'>facinus</span> 
     </span>
     <span class='ocr_line' id='line_1_37' title="bbox 115 2330 780 2371; baseline -0.003 -9"><span class='ocrx_word' id='word_1_222' title='bbox 115 2331 288 2362; x_wconf 88' lang='lat' dir='ltr'>immissum</span> <span class='ocrx_word' id='word_1_223' title='bbox 303 2335 440 2361; x_wconf 88' lang='lat' dir='ltr'>narrant.</span> <span class='ocrx_word' id='word_1_224' title='bbox 487 2331 602 2361; x_wconf 84' lang='lat' dir='ltr'>Noster</span> <span class='ocrx_word' id='word_1_225' title='bbox 615 2330 709 2371; x_wconf 81' lang='lat' dir='ltr'>igitur</span> <span class='ocrx_word' id='word_1_226' title='bbox 724 2331 780 2361; x_wconf 82' lang='lat' dir='ltr'>has</span> 
     </span>
     <span class='ocr_line' id='line_1_38' title="bbox 117 2379 779 2422; baseline -0.002 -11"><span class='ocrx_word' id='word_1_227' title='bbox 117 2380 239 2412; x_wconf 87' lang='lat' dir='ltr'>fabulas</span> <span class='ocrx_word' id='word_1_228' title='bbox 255 2380 300 2411; x_wconf 90' lang='lat' dir='ltr'>ita</span> <span class='ocrx_word' id='word_1_229' title='bbox 319 2379 491 2422; x_wconf 81' lang='lat' dir='ltr'>conjunxit,</span> <span class='ocrx_word' id='word_1_230' title='bbox 507 2386 541 2410; x_wconf 91' lang='lat' dir='ltr'>ut</span> <span class='ocrx_word' id='word_1_231' title='bbox 561 2390 615 2421; x_wconf 90' lang='lat' dir='ltr'>pro</span> <span class='ocrx_word' id='word_1_232' title='bbox 639 2390 702 2410; x_wconf 82' lang='lat' dir='ltr'>una</span> <span class='ocrx_word' id='word_1_233' title='bbox 723 2380 779 2410; x_wconf 90' lang='lat' dir='ltr'>ha-</span> 
     </span>
     <span class='ocr_line' id='line_1_39' title="bbox 118 2429 779 2472; baseline 0 -12"><span class='ocrx_word' id='word_1_234' title='bbox 118 2429 184 2460; x_wconf 88' lang='lat' dir='ltr'>beri</span> <span class='ocrx_word' id='word_1_235' title='bbox 199 2430 328 2472; x_wconf 80' lang='lat' dir='ltr'>possint.</span> <span class='ocrx_word' id='word_1_236' title='bbox 374 2430 440 2460; x_wconf 92' lang='lat' dir='ltr'>Nos</span> <span class='ocrx_word' id='word_1_237' title='bbox 455 2435 562 2460; x_wconf 77' lang='lat' dir='ltr'>tamen</span> <span class='ocrx_word' id='word_1_238' title='bbox 577 2429 779 2471; x_wconf 85' lang='lat' dir='ltr'>sejunximus,</span> 
     </span>
     <span class='ocr_line' id='line_1_40' title="bbox 116 2478 780 2521; baseline -0.002 -11"><span class='ocrx_word' id='word_1_239' title='bbox 116 2484 150 2510; x_wconf 87' lang='lat' dir='ltr'>ut</span> <span class='ocrx_word' id='word_1_240' title='bbox 162 2486 234 2510; x_wconf 86' lang='lat' dir='ltr'>sunt</span> <span class='ocrx_word' id='word_1_241' title='bbox 249 2479 378 2510; x_wconf 84' lang='lat' dir='ltr'>diversae</span> <span class='ocrx_word' id='word_1_242' title='bbox 394 2478 463 2509; x_wconf 91' lang='lat' dir='ltr'>loco</span> <span class='ocrx_word' id='word_1_243' title='bbox 479 2484 511 2509; x_wconf 92' lang='lat' dir='ltr'>et</span> <span class='ocrx_word' id='word_1_244' title='bbox 524 2484 672 2521; x_wconf 88' lang='lat' dir='ltr'>tempore.</span> <span class='ocrx_word' id='word_1_245' title='bbox 713 2479 780 2509; x_wconf 85' lang='lat' dir='ltr'>Res</span> 
     </span>
     <span class='ocr_line' id='line_1_41' title="bbox 117 2527 779 2563; baseline -0.003 -4"><span class='ocrx_word' id='word_1_246' title='bbox 117 2533 220 2559; x_wconf 84' lang='lat' dir='ltr'>autem</span> <span class='ocrx_word' id='word_1_247' title='bbox 235 2529 279 2558; x_wconf 88' lang='lat' dir='ltr'>sic</span> <span class='ocrx_word' id='word_1_248' title='bbox 295 2527 402 2558; x_wconf 79' lang='lat' dir='ltr'>habet.</span> <span class='ocrx_word' id='word_1_249' title='bbox 447 2527 635 2563; x_wconf 84' lang='lat' dir='ltr'>Deucalion,</span> <span class='ocrx_word' id='word_1_250' title='bbox 651 2538 682 2558; x_wconf 86' lang='lat' dir='ltr'>a.</span> <span class='ocrx_word' id='word_1_251' title='bbox 698 2528 779 2558; x_wconf 85' lang='lat'>1574</span> 
     </span>
     <span class='ocr_line' id='line_1_42' title="bbox 118 2575 781 2618; baseline -0.002 -11"><span class='ocrx_word' id='word_1_252' title='bbox 118 2582 189 2607; x_wconf 89' lang='lat' dir='ltr'>ante</span> <span class='ocrx_word' id='word_1_253' title='bbox 220 2586 313 2607; x_wconf 86' lang='lat' dir='ltr'>aeram</span> <span class='ocrx_word' id='word_1_254' title='bbox 346 2575 462 2608; x_wconf 86' lang='lat' dir='ltr'>Christ.</span> <span class='ocrx_word' id='word_1_255' title='bbox 489 2582 626 2618; x_wconf 88' lang='lat' dir='ltr'>tempore</span> <span class='ocrx_word' id='word_1_256' title='bbox 656 2576 781 2611; x_wconf 88' lang='lat' dir='ltr'>Cranai,</span> 
     </span>
     <span class='ocr_line' id='line_1_43' title="bbox 118 2624 784 2667; baseline -0.002 -10"><span class='ocrx_word' id='word_1_257' title='bbox 118 2637 156 2658; x_wconf 82' lang='lat' dir='ltr'>ex</span> <span class='ocrx_word' id='word_1_258' title='bbox 172 2626 251 2657; x_wconf 87' lang='lat' dir='ltr'>Asia</span> <span class='ocrx_word' id='word_1_259' title='bbox 265 2626 350 2657; x_wconf 85' lang='lat' dir='ltr'>venit</span> <span class='ocrx_word' id='word_1_260' title='bbox 372 2626 406 2656; x_wconf 91' lang='lat' dir='ltr'>in</span> <span class='ocrx_word' id='word_1_261' title='bbox 422 2624 589 2661; x_wconf 83' lang='lat' dir='ltr'>Graeciam,</span> <span class='ocrx_word' id='word_1_262' title='bbox 604 2631 635 2656; x_wconf 91' lang='lat' dir='ltr'>et</span> <span class='ocrx_word' id='word_1_263' title='bbox 650 2625 784 2667; x_wconf 84' lang='lat' dir='ltr'>subjecit</span> 
     </span>
     <span class='ocr_line' id='line_1_44' title="bbox 119 2674 783 2717; baseline -0.002 -12"><span class='ocrx_word' id='word_1_264' title='bbox 119 2675 178 2705; x_wconf 83' lang='lat' dir='ltr'>sibi</span> <span class='ocrx_word' id='word_1_265' title='bbox 206 2676 379 2717; x_wconf 89' lang='lat' dir='ltr'>Lycoream</span> <span class='ocrx_word' id='word_1_266' title='bbox 408 2674 450 2705; x_wconf 86' lang='lat' dir='ltr'>ad</span> <span class='ocrx_word' id='word_1_267' title='bbox 481 2675 668 2706; x_wconf 82' lang='lat' dir='ltr'>Parnassum</span> <span class='ocrx_word' id='word_1_268' title='bbox 681 2688 687 2705; x_wconf 93' lang='lat'>:</span> <span class='ocrx_word' id='word_1_269' title='bbox 713 2674 783 2705; x_wconf 86' lang='lat' dir='ltr'>vide</span> 
     </span>
     <span class='ocr_line' id='line_1_45' title="bbox 119 2723 785 2766; baseline 0 -12"><span class='ocrx_word' id='word_1_270' title='bbox 119 2725 258 2754; x_wconf 85' lang='lat' dir='ltr'>Marmor</span> <span class='ocrx_word' id='word_1_271' title='bbox 272 2724 426 2755; x_wconf 83' lang='lat' dir='ltr'>Arundel.</span> <span class='ocrx_word' id='word_1_272' title='bbox 443 2724 466 2754; x_wconf 91' lang='lat' dir='ltr'>i.</span> <span class='ocrx_word' id='word_1_273' title='bbox 476 2723 547 2754; x_wconf 86' lang='lat' dir='ltr'>init.</span> <span class='ocrx_word' id='word_1_274' title='bbox 578 2724 681 2766; x_wconf 85' lang='lat' dir='ltr'>Hujus</span> <span class='ocrx_word' id='word_1_275' title='bbox 692 2729 785 2754; x_wconf 84' lang='lat' dir='ltr'>aetate</span> 
     </span>
     <span class='ocr_line' id='line_1_46' title="bbox 119 2772 785 2814; baseline -0.002 -11"><span class='ocrx_word' id='word_1_276' title='bbox 119 2772 204 2803; x_wconf 87' lang='lat' dir='ltr'>fluvii</span> <span class='ocrx_word' id='word_1_277' title='bbox 214 2772 395 2810; x_wconf 84' lang='lat' dir='ltr'>Thessaliae,</span> <span class='ocrx_word' id='word_1_278' title='bbox 405 2772 537 2814; x_wconf 87' lang='lat' dir='ltr'>copiosis</span> <span class='ocrx_word' id='word_1_279' title='bbox 549 2772 700 2803; x_wconf 82' lang='lat' dir='ltr'>imbribus</span> <span class='ocrx_word' id='word_1_280' title='bbox 713 2782 785 2803; x_wconf 89' lang='lat' dir='ltr'>auc-</span> 
     </span>
    </p>
   </div>
   <div class='ocr_carea' id='block_1_4' title="bbox 838 1000 1516 2816">
    <p class='ocr_par' dir='ltr' id='par_1_7' title="bbox 838 1000 1510 2175">
     <span class='ocr_line' id='line_1_47' title="bbox 838 1000 1505 1043; baseline 0 -13"><span class='ocrx_word' id='word_1_281' title='bbox 838 1001 872 1036; x_wconf 89' lang='lat' dir='ltr'>ti,</span> <span class='ocrx_word' id='word_1_282' title='bbox 907 1001 990 1043; x_wconf 88' lang='lat' dir='ltr'>ripas</span> <span class='ocrx_word' id='word_1_283' title='bbox 1026 1000 1139 1042; x_wconf 83' lang='lat' dir='ltr'>egressi</span> <span class='ocrx_word' id='word_1_284' title='bbox 1174 1006 1259 1036; x_wconf 84' lang='lat' dir='ltr'>sunt,</span> <span class='ocrx_word' id='word_1_285' title='bbox 1296 1010 1505 1042; x_wconf 76' lang='lat' dir='ltr'>magnamque</span> 
     </span>
     <span class='ocr_line' id='line_1_48' title="bbox 838 1049 1505 1091; baseline 0 -11"><span class='ocrx_word' id='word_1_286' title='bbox 838 1051 1006 1082; x_wconf 86' lang='lat' dir='ltr'>Thessaliae</span> <span class='ocrx_word' id='word_1_287' title='bbox 1033 1058 1064 1082; x_wconf 88' lang='lat' dir='ltr'>et</span> <span class='ocrx_word' id='word_1_288' title='bbox 1081 1049 1250 1080; x_wconf 89' lang='lat' dir='ltr'>vicinitatis</span> <span class='ocrx_word' id='word_1_289' title='bbox 1265 1055 1385 1091; x_wconf 85' lang='lat' dir='ltr'>partem</span> <span class='ocrx_word' id='word_1_290' title='bbox 1400 1055 1505 1080; x_wconf 84' lang='lat' dir='ltr'>vasta-</span> 
     </span>
     <span class='ocr_line' id='line_1_49' title="bbox 838 1098 1505 1142; baseline -0.001 -11"><span class='ocrx_word' id='word_1_291' title='bbox 838 1107 927 1132; x_wconf 91' lang='lat' dir='ltr'>runt:</span> <span class='ocrx_word' id='word_1_292' title='bbox 955 1099 1103 1142; x_wconf 84' lang='lat' dir='ltr'>Apollod.</span> <span class='ocrx_word' id='word_1_293' title='bbox 1120 1099 1150 1129; x_wconf 88' lang='lat' dir='ltr'>d.</span> <span class='ocrx_word' id='word_1_294' title='bbox 1167 1099 1188 1129; x_wconf 89' lang='lat' dir='ltr'>l.</span> <span class='ocrx_word' id='word_1_295' title='bbox 1211 1104 1242 1129; x_wconf 89' lang='lat' dir='ltr'>et</span> <span class='ocrx_word' id='word_1_296' title='bbox 1257 1098 1385 1129; x_wconf 86' lang='lat' dir='ltr'>Aristot.</span> <span class='ocrx_word' id='word_1_297' title='bbox 1401 1100 1505 1130; x_wconf 85' lang='lat' dir='ltr'>Mete-</span> 
     </span>
     <span class='ocr_line' id='line_1_50' title="bbox 838 1148 1504 1190; baseline -0.002 -9"><span class='ocrx_word' id='word_1_298' title='bbox 838 1161 880 1181; x_wconf 88' lang='lat' dir='ltr'>or.</span> <span class='ocrx_word' id='word_1_299' title='bbox 897 1150 917 1180; x_wconf 88' lang='lat' dir='ltr'>i.</span> <span class='ocrx_word' id='word_1_300' title='bbox 937 1151 985 1180; x_wconf 85' lang='lat'>14.</span> <span class='ocrx_word' id='word_1_301' title='bbox 1031 1148 1206 1180; x_wconf 85' lang='lat' dir='ltr'>Deucalion</span> <span class='ocrx_word' id='word_1_302' title='bbox 1219 1159 1303 1184; x_wconf 91' lang='lat' dir='ltr'>vero,</span> <span class='ocrx_word' id='word_1_303' title='bbox 1318 1148 1369 1189; x_wconf 91' lang='lat' dir='ltr'>qui</span> <span class='ocrx_word' id='word_1_304' title='bbox 1387 1148 1504 1190; x_wconf 82' lang='lat' dir='ltr'>effuge-</span> 
     </span>
     <span class='ocr_line' id='line_1_51' title="bbox 838 1198 1504 1234; baseline 0 -4"><span class='ocrx_word' id='word_1_305' title='bbox 838 1206 884 1230; x_wconf 86' lang='lat' dir='ltr'>rat</span> <span class='ocrx_word' id='word_1_306' title='bbox 896 1199 981 1229; x_wconf 91' lang='lat' dir='ltr'>illam</span> <span class='ocrx_word' id='word_1_307' title='bbox 998 1198 1130 1234; x_wconf 86' lang='lat' dir='ltr'>cladem,</span> <span class='ocrx_word' id='word_1_308' title='bbox 1142 1204 1172 1229; x_wconf 91' lang='lat' dir='ltr'>et</span> <span class='ocrx_word' id='word_1_309' title='bbox 1185 1199 1313 1228; x_wconf 85' lang='lat' dir='ltr'>fortasse</span> <span class='ocrx_word' id='word_1_310' title='bbox 1327 1198 1358 1228; x_wconf 89' lang='lat' dir='ltr'>in</span> <span class='ocrx_word' id='word_1_311' title='bbox 1370 1199 1504 1230; x_wconf 85' lang='lat' dir='ltr'>Parnas-</span> 
     </span>
     <span class='ocr_line' id='line_1_52' title="bbox 839 1247 1507 1289; baseline -0.001 -10"><span class='ocrx_word' id='word_1_312' title='bbox 839 1259 907 1279; x_wconf 89' lang='lat' dir='ltr'>sum</span> <span class='ocrx_word' id='word_1_313' title='bbox 930 1259 961 1278; x_wconf 92' lang='lat' dir='ltr'>se</span> <span class='ocrx_word' id='word_1_314' title='bbox 989 1253 1159 1289; x_wconf 82' lang='lat' dir='ltr'>receperat,</span> <span class='ocrx_word' id='word_1_315' title='bbox 1176 1258 1246 1278; x_wconf 86' lang='lat' dir='ltr'>mox</span> <span class='ocrx_word' id='word_1_316' title='bbox 1264 1247 1405 1278; x_wconf 87' lang='lat' dir='ltr'>Athenas</span> <span class='ocrx_word' id='word_1_317' title='bbox 1421 1249 1507 1278; x_wconf 87' lang='lat' dir='ltr'>venit</span> 
     </span>
     <span class='ocr_line' id='line_1_53' title="bbox 840 1296 1507 1338; baseline -0.001 -9"><span class='ocrx_word' id='word_1_318' title='bbox 840 1299 879 1329; x_wconf 88' lang='lat' dir='ltr'>ad</span> <span class='ocrx_word' id='word_1_319' title='bbox 896 1298 1065 1333; x_wconf 82' lang='lat' dir='ltr'>Cranaum,</span> <span class='ocrx_word' id='word_1_320' title='bbox 1080 1297 1215 1338; x_wconf 86' lang='lat' dir='ltr'>Jovique</span> <span class='ocrx_word' id='word_1_321' title='bbox 1231 1296 1353 1338; x_wconf 79' lang='lat' dir='ltr'>Phyxio</span> <span class='ocrx_word' id='word_1_322' title='bbox 1369 1298 1408 1328; x_wconf 94' lang='lat' dir='ltr'>ob</span> <span class='ocrx_word' id='word_1_323' title='bbox 1424 1298 1507 1329; x_wconf 88' lang='lat' dir='ltr'>salu-</span> 
     </span>
     <span class='ocr_line' id='line_1_54' title="bbox 839 1346 1504 1388; baseline -0.002 -10"><span class='ocrx_word' id='word_1_324' title='bbox 839 1354 903 1378; x_wconf 89' lang='lat' dir='ltr'>tem</span> <span class='ocrx_word' id='word_1_325' title='bbox 940 1346 1110 1388; x_wconf 83' lang='lat' dir='ltr'>praestitam</span> <span class='ocrx_word' id='word_1_326' title='bbox 1148 1346 1300 1388; x_wconf 85' lang='lat' dir='ltr'>templum</span> <span class='ocrx_word' id='word_1_327' title='bbox 1337 1346 1504 1377; x_wconf 85' lang='lat' dir='ltr'>excitavit:</span> 
     </span>
     <span class='ocr_line' id='line_1_55' title="bbox 840 1395 1505 1427; baseline 0 0"><span class='ocrx_word' id='word_1_328' title='bbox 840 1397 910 1427; x_wconf 85' lang='lat' dir='ltr'>vide</span> <span class='ocrx_word' id='word_1_329' title='bbox 929 1397 1076 1426; x_wconf 84' lang='lat' dir='ltr'>Marmor.</span> <span class='ocrx_word' id='word_1_330' title='bbox 1091 1395 1213 1425; x_wconf 83' lang='lat' dir='ltr'>Arund.</span> <span class='ocrx_word' id='word_1_331' title='bbox 1230 1395 1250 1425; x_wconf 91' lang='lat' dir='ltr'>i.</span> <span class='ocrx_word' id='word_1_332' title='bbox 1266 1396 1296 1427; x_wconf 90' lang='grc'>7.</span> <span class='ocrx_word' id='word_1_333' title='bbox 1340 1396 1505 1427; x_wconf 89' lang='lat' dir='ltr'>Diluvium</span> 
     </span>
     <span class='ocr_line' id='line_1_56' title="bbox 842 1444 1507 1487; baseline 0 -11"><span class='ocrx_word' id='word_1_334' title='bbox 842 1457 914 1487; x_wconf 83' lang='lat' dir='ltr'>ergo</span> <span class='ocrx_word' id='word_1_335' title='bbox 941 1444 1020 1475; x_wconf 87' lang='lat' dir='ltr'>illud</span> <span class='ocrx_word' id='word_1_336' title='bbox 1048 1444 1297 1475; x_wconf 82' lang='lat' dir='ltr'>Deucalioneum</span> <span class='ocrx_word' id='word_1_337' title='bbox 1320 1445 1359 1475; x_wconf 89' lang='lat' dir='ltr'>ad</span> <span class='ocrx_word' id='word_1_338' title='bbox 1387 1451 1507 1486; x_wconf 78' lang='lat' dir='ltr'>partem</span> 
     </span>
     <span class='ocr_line' id='line_1_57' title="bbox 842 1493 1506 1535; baseline 0.002 -11"><span class='ocrx_word' id='word_1_339' title='bbox 842 1500 963 1525; x_wconf 87' lang='lat' dir='ltr'>tantum</span> <span class='ocrx_word' id='word_1_340' title='bbox 987 1493 1119 1524; x_wconf 71' lang='lat' dir='ltr'>Graeciae</span> <span class='ocrx_word' id='word_1_341' title='bbox 1145 1493 1310 1535; x_wconf 79' lang='lat' dir='ltr'>pertinuit3</span> <span class='ocrx_word' id='word_1_342' title='bbox 1333 1494 1387 1524; x_wconf 85' lang='lat' dir='ltr'>sed</span> <span class='ocrx_word' id='word_1_343' title='bbox 1409 1506 1506 1535; x_wconf 91' lang='lat' dir='ltr'>quum</span> 
     </span>
     <span class='ocr_line' id='line_1_58' title="bbox 842 1542 1507 1585; baseline 0.002 -11"><span class='ocrx_word' id='word_1_344' title='bbox 842 1543 945 1575; x_wconf 81' lang='lat' dir='ltr'>Graeci</span> <span class='ocrx_word' id='word_1_345' title='bbox 961 1554 1015 1585; x_wconf 89' lang='lat' dir='ltr'>per</span> <span class='ocrx_word' id='word_1_346' title='bbox 1036 1543 1160 1573; x_wconf 88' lang='lat' dir='ltr'>colonos</span> <span class='ocrx_word' id='word_1_347' title='bbox 1186 1542 1365 1573; x_wconf 86' lang='lat' dir='ltr'>Phoenicios</span> <span class='ocrx_word' id='word_1_348' title='bbox 1386 1543 1507 1585; x_wconf 86' lang='lat' dir='ltr'>aliquid</span> 
     </span>
     <span class='ocr_line' id='line_1_59' title="bbox 842 1591 1506 1634; baseline -0.002 -10"><span class='ocrx_word' id='word_1_349' title='bbox 842 1592 1036 1634; x_wconf 81' lang='lat' dir='ltr'>accepissent</span> <span class='ocrx_word' id='word_1_350' title='bbox 1057 1592 1095 1623; x_wconf 88' lang='lat' dir='ltr'>de</span> <span class='ocrx_word' id='word_1_351' title='bbox 1121 1591 1239 1622; x_wconf 87' lang='lat' dir='ltr'>diluvio</span> <span class='ocrx_word' id='word_1_352' title='bbox 1254 1592 1415 1622; x_wconf 86' lang='lat' dir='ltr'>Noachico</span> <span class='ocrx_word' id='word_1_353' title='bbox 1439 1594 1506 1623; x_wconf 89' lang='lat' dir='ltr'>uni-</span> 
     </span>
     <span class='ocr_line' id='line_1_60' title="bbox 841 1640 1508 1676; baseline 0.001 -4"><span class='ocrx_word' id='word_1_354' title='bbox 841 1641 964 1676; x_wconf 85' lang='lat' dir='ltr'>versali,</span> <span class='ocrx_word' id='word_1_355' title='bbox 973 1640 1244 1671; x_wconf 82' lang='lat' dir='ltr'>accommodarunt</span> <span class='ocrx_word' id='word_1_356' title='bbox 1257 1640 1284 1670; x_wconf 91' lang='lat' dir='ltr'>ei</span> <span class='ocrx_word' id='word_1_357' title='bbox 1296 1640 1508 1673; x_wconf 84' lang='lat' dir='ltr'>Deucalione-</span> 
     </span>
     <span class='ocr_line' id='line_1_61' title="bbox 841 1689 1504 1730; baseline 0.002 -10"><span class='ocrx_word' id='word_1_358' title='bbox 841 1702 905 1721; x_wconf 90' lang='lat' dir='ltr'>um.</span> <span class='ocrx_word' id='word_1_359' title='bbox 950 1690 1061 1730; x_wconf 82' lang='lat' dir='ltr'>Itaque</span> <span class='ocrx_word' id='word_1_360' title='bbox 1087 1694 1118 1719; x_wconf 89' lang='lat' dir='ltr'>et</span> <span class='ocrx_word' id='word_1_361' title='bbox 1144 1689 1280 1719; x_wconf 83' lang='lat' dir='ltr'>Romani</span> <span class='ocrx_word' id='word_1_362' title='bbox 1303 1695 1504 1730; x_wconf 84' lang='lat' dir='ltr'>putaverunt,</span> 
     </span>
     <span class='ocr_line' id='line_1_62' title="bbox 842 1738 1506 1781; baseline 0.002 -11"><span class='ocrx_word' id='word_1_363' title='bbox 842 1740 926 1770; x_wconf 89' lang='lat' dir='ltr'>illam</span> <span class='ocrx_word' id='word_1_364' title='bbox 944 1739 1180 1770; x_wconf 83' lang='lat' dir='ltr'>inundationem</span> <span class='ocrx_word' id='word_1_365' title='bbox 1193 1739 1232 1769; x_wconf 88' lang='lat' dir='ltr'>ad</span> <span class='ocrx_word' id='word_1_366' title='bbox 1246 1738 1370 1768; x_wconf 86' lang='lat' dir='ltr'>Italiam</span> <span class='ocrx_word' id='word_1_367' title='bbox 1383 1749 1506 1781; x_wconf 89' lang='lat' dir='ltr'>quoque</span> 
     </span>
     <span class='ocr_line' id='line_1_63' title="bbox 842 1786 1506 1830; baseline 0 -11"><span class='ocrx_word' id='word_1_368' title='bbox 842 1788 1044 1830; x_wconf 84' lang='lat' dir='ltr'>pertinuisse:</span> <span class='ocrx_word' id='word_1_369' title='bbox 1070 1787 1152 1817; x_wconf 89' lang='lat' dir='ltr'>Plin.</span> <span class='ocrx_word' id='word_1_370' title='bbox 1166 1788 1209 1818; x_wconf 93' lang='lat' dir='ltr'>H.</span> <span class='ocrx_word' id='word_1_371' title='bbox 1224 1788 1268 1817; x_wconf 87' lang='lat' dir='ltr'>N.</span> <span class='ocrx_word' id='word_1_372' title='bbox 1282 1786 1326 1817; x_wconf 89' lang='lat' dir='ltr'>iii.</span> <span class='ocrx_word' id='word_1_373' title='bbox 1342 1788 1390 1818; x_wconf 79' lang='lat'>14.</span> <span class='ocrx_word' id='word_1_374' title='bbox 1417 1789 1506 1819; x_wconf 89' lang='lat' dir='ltr'>Deu-</span> 
     </span>
     <span class='ocr_line' id='line_1_64' title="bbox 842 1835 1507 1877; baseline 0 -9"><span class='ocrx_word' id='word_1_375' title='bbox 842 1838 943 1868; x_wconf 87' lang='lat' dir='ltr'>calion</span> <span class='ocrx_word' id='word_1_376' title='bbox 958 1848 1029 1868; x_wconf 88' lang='lat' dir='ltr'>vero</span> <span class='ocrx_word' id='word_1_377' title='bbox 1044 1836 1217 1867; x_wconf 82' lang='lat' dir='ltr'>habebatur</span> <span class='ocrx_word' id='word_1_378' title='bbox 1237 1835 1357 1877; x_wconf 85' lang='lat' dir='ltr'>generis</span> <span class='ocrx_word' id='word_1_379' title='bbox 1379 1837 1507 1868; x_wconf 89' lang='lat' dir='ltr'>humani</span> 
     </span>
     <span class='ocr_line' id='line_1_65' title="bbox 842 1885 1508 1928; baseline 0 -10"><span class='ocrx_word' id='word_1_380' title='bbox 842 1892 1038 1922; x_wconf 87' lang='lat' dir='ltr'>restaurator,</span> <span class='ocrx_word' id='word_1_381' title='bbox 1055 1886 1167 1928; x_wconf 84' lang='lat' dir='ltr'>partim</span> <span class='ocrx_word' id='word_1_382' title='bbox 1184 1885 1258 1927; x_wconf 83' lang='lat' dir='ltr'>quia</span> <span class='ocrx_word' id='word_1_383' title='bbox 1280 1885 1433 1927; x_wconf 86' lang='lat' dir='ltr'>dispersos</span> <span class='ocrx_word' id='word_1_384' title='bbox 1453 1887 1508 1918; x_wconf 86' lang='lat' dir='ltr'>ho-</span> 
     </span>
     <span class='ocr_line' id='line_1_66' title="bbox 842 1935 1508 1978; baseline 0 -11"><span class='ocrx_word' id='word_1_385' title='bbox 842 1937 941 1967; x_wconf 88' lang='lat' dir='ltr'>mines</span> <span class='ocrx_word' id='word_1_386' title='bbox 954 1935 1081 1976; x_wconf 86' lang='lat' dir='ltr'>collegit</span> <span class='ocrx_word' id='word_1_387' title='bbox 1097 1935 1220 1976; x_wconf 88' lang='lat' dir='ltr'>(Justin</span> <span class='ocrx_word' id='word_1_388' title='bbox 1235 1935 1280 1965; x_wconf 89' lang='lat' dir='ltr'>II.</span> <span class='ocrx_word' id='word_1_389' title='bbox 1296 1935 1339 1965; x_wconf 92' lang='lat' dir='ltr'>vi.</span> <span class='ocrx_word' id='word_1_390' title='bbox 1362 1936 1425 1975; x_wconf 87' lang='grc'><strong>11.)</strong></span> <span class='ocrx_word' id='word_1_391' title='bbox 1438 1947 1508 1978; x_wconf 88' lang='lat' dir='ltr'>par-</span> 
     </span>
     <span class='ocr_line' id='line_1_67' title="bbox 844 1984 1508 2026; baseline 0 -10"><span class='ocrx_word' id='word_1_392' title='bbox 844 1985 900 2016; x_wconf 87' lang='lat' dir='ltr'>tim</span> <span class='ocrx_word' id='word_1_393' title='bbox 925 1984 1001 2026; x_wconf 85' lang='lat' dir='ltr'>quia</span> <span class='ocrx_word' id='word_1_394' title='bbox 1025 1984 1269 2025; x_wconf 85' lang='lat' dir='ltr'>copiosissimam</span> <span class='ocrx_word' id='word_1_395' title='bbox 1296 1984 1411 2026; x_wconf 88' lang='lat' dir='ltr'>prolem</span> <span class='ocrx_word' id='word_1_396' title='bbox 1437 1986 1508 2016; x_wconf 87' lang='lat' dir='ltr'>reli-</span> 
     </span>
     <span class='ocr_line' id='line_1_68' title="bbox 846 2033 1510 2076; baseline 0 -11"><span class='ocrx_word' id='word_1_397' title='bbox 846 2034 931 2076; x_wconf 88' lang='lat' dir='ltr'>quit:</span> <span class='ocrx_word' id='word_1_398' title='bbox 958 2033 1030 2065; x_wconf 88' lang='lat' dir='ltr'>vide</span> <span class='ocrx_word' id='word_1_399' title='bbox 1055 2034 1180 2064; x_wconf 88' lang='lat' dir='ltr'>omnino</span> <span class='ocrx_word' id='word_1_400' title='bbox 1202 2033 1336 2074; x_wconf 86' lang='lat' dir='ltr'>Goguet.</span> <span class='ocrx_word' id='word_1_401' title='bbox 1362 2034 1433 2063; x_wconf 67' lang='lat' dir='ltr'>iiber</span> <span class='ocrx_word' id='word_1_402' title='bbox 1453 2037 1510 2065; x_wconf 79' lang='lat' dir='ltr'>den</span> 
     </span>
     <span class='ocr_line' id='line_1_69' title="bbox 847 2083 1510 2126; baseline 0.002 -12"><span class='ocrx_word' id='word_1_403' title='bbox 847 2084 1008 2125; x_wconf 77' lang='lat' dir='ltr'>Ursprung</span> <span class='ocrx_word' id='word_1_404' title='bbox 1031 2085 1085 2113; x_wconf 80' lang='lat' dir='ltr'>‹ler</span> <span class='ocrx_word' id='word_1_405' title='bbox 1111 2083 1242 2118; x_wconf 76' lang='lat' dir='ltr'>Gesetze,</span> <span class='ocrx_word' id='word_1_406' title='bbox 1265 2088 1325 2112; x_wconf 85' lang='lat' dir='ltr'>etc.</span> <span class='ocrx_word' id='word_1_407' title='bbox 1341 2087 1417 2114; x_wconf 89' lang='lat' dir='ltr'>tom.</span> <span class='ocrx_word' id='word_1_408' title='bbox 1431 2083 1463 2114; x_wconf 90' lang='lat' dir='ltr'>ii.</span> <span class='ocrx_word' id='word_1_409' title='bbox 1479 2095 1510 2126; x_wconf 95' lang='lat' dir='ltr'>p.</span> 
     </span>
     <span class='ocr_line' id='line_1_70' title="bbox 844 2136 970 2175; baseline -0.008 -10"><span class='ocrx_word' id='word_1_410' title='bbox 844 2136 884 2165; x_wconf 87' lang='grc'>23</span> <span class='ocrx_word' id='word_1_411' title='bbox 899 2145 970 2175; x_wconf 87' lang='lat' dir='ltr'>sqq.</span> 
     </span>
    </p>

    <p class='ocr_par' dir='ltr' id='par_1_8' title="bbox 846 2181 1512 2422">
     <span class='ocr_line' id='line_1_71' title="bbox 888 2181 1511 2222; baseline 0 -8"><span class='ocrx_word' id='word_1_412' title='bbox 888 2185 962 2215; x_wconf 81' lang='lat'>254.</span> <span class='ocrx_word' id='word_1_413' title='bbox 984 2181 1172 2222; x_wconf 78' lang='lat' dir='ltr'>Sacer,etc.]</span> <span class='ocrx_word' id='word_1_414' title='bbox 1199 2182 1282 2218; x_wconf 83' lang='lat' dir='ltr'>Quia</span> <span class='ocrx_word' id='word_1_415' title='bbox 1293 2181 1407 2212; x_wconf 83' lang='lat' dir='ltr'>coelum</span> <span class='ocrx_word' id='word_1_416' title='bbox 1421 2184 1511 2215; x_wconf 86' lang='lat' dir='ltr'>sedes</span> 
     </span>
     <span class='ocr_line' id='line_1_72' title="bbox 846 2231 1512 2275; baseline 0.002 -11"><span class='ocrx_word' id='word_1_417' title='bbox 846 2234 995 2264; x_wconf 85' lang='lat' dir='ltr'>Deorum.</span> <span class='ocrx_word' id='word_1_418' title='bbox 1042 2232 1147 2262; x_wconf 85' lang='lat' dir='ltr'>Etiam</span> <span class='ocrx_word' id='word_1_419' title='bbox 1165 2231 1285 2262; x_wconf 80' lang='lat' dir='ltr'>Graecis</span> <span class='ocrx_word' id='word_1_420' title='bbox 1304 2231 1417 2263; x_wconf 89' lang='lat' dir='ltr'>dicitur</span> <span class='ocrx_word' id='word_1_421' title='bbox 1432 2233 1512 2275; x_wconf 72' lang='grc' dir='ltr'><em>ἱερὸς</em></span> 
     </span>
     <span class='ocr_line' id='line_1_73' title="bbox 846 2279 1511 2325; baseline 0 -13"><span class='ocrx_word' id='word_1_422' title='bbox 846 2283 953 2325; x_wconf 78' lang='grc' dir='ltr'>αέθὴρ·</span> <span class='ocrx_word' id='word_1_423' title='bbox 970 2281 1039 2312; x_wconf 88' lang='lat' dir='ltr'>vide</span> <span class='ocrx_word' id='word_1_424' title='bbox 1055 2281 1189 2312; x_wconf 72' lang='lat' dir='ltr'>Valken.</span> <span class='ocrx_word' id='word_1_425' title='bbox 1203 2279 1339 2310; x_wconf 87' lang='lat' dir='ltr'>Diatrib.</span> <span class='ocrx_word' id='word_1_426' title='bbox 1355 2281 1462 2323; x_wconf 87' lang='lat' dir='ltr'>Eurip.</span> <span class='ocrx_word' id='word_1_427' title='bbox 1477 2294 1511 2324; x_wconf 93' lang='lat' dir='ltr'>p.</span> 
     </span>
     <span class='ocr_line' id='line_1_74' title="bbox 846 2331 1510 2372; baseline 0.002 -10"><span class='ocrx_word' id='word_1_428' title='bbox 846 2334 898 2364; x_wconf 87' lang='lat'>49.</span> <span class='ocrx_word' id='word_1_429' title='bbox 945 2332 1078 2372; x_wconf 76' lang='lat' dir='ltr'>Longus,</span> <span class='ocrx_word' id='word_1_430' title='bbox 1104 2335 1148 2366; x_wconf 79' lang='lat' dir='ltr'>ut,</span> <span class='ocrx_word' id='word_1_431' title='bbox 1174 2331 1245 2360; x_wconf 80' lang='lat'>123.</span> <span class='ocrx_word' id='word_1_432' title='bbox 1267 2331 1348 2372; x_wconf 77' lang='lat' dir='ltr'>longi</span> <span class='ocrx_word' id='word_1_433' title='bbox 1371 2333 1447 2362; x_wconf 78' lang='lat' dir='ltr'>sulci</span> <span class='ocrx_word' id='word_1_434' title='bbox 1470 2338 1510 2368; x_wconf 82' lang='lat' dir='ltr'>et,</span> 
     </span>
     <span class='ocr_line' id='line_1_75' title="bbox 849 2381 1149 2422; baseline -0.01 -10"><span class='ocrx_word' id='word_1_435' title='bbox 849 2383 919 2412; x_wconf 85' lang='lat'>136.</span> <span class='ocrx_word' id='word_1_436' title='bbox 938 2382 1042 2422; x_wconf 80' lang='lat' dir='ltr'>longus</span> <span class='ocrx_word' id='word_1_437' title='bbox 1059 2381 1149 2409; x_wconf 75' lang='lat' dir='ltr'>limes.</span> 
     </span>
    </p>

    <p class='ocr_par' dir='ltr' id='par_1_9' title="bbox 847 2429 1516 2816">
     <span class='ocr_line' id='line_1_76' title="bbox 890 2429 1512 2469; baseline 0 -8"><span class='ocrx_word' id='word_1_438' title='bbox 890 2432 963 2461; x_wconf 84' lang='lat'>256.</span> <span class='ocrx_word' id='word_1_439' title='bbox 992 2429 1057 2460; x_wconf 79' lang='lat' dir='ltr'>Esse</span> <span class='ocrx_word' id='word_1_440' title='bbox 1082 2439 1193 2469; x_wconf 74' lang='lat' dir='ltr'>quoque</span> <span class='ocrx_word' id='word_1_441' title='bbox 1216 2429 1370 2469; x_wconf 51' lang='lat' dir='ltr'>ursaria]</span> <span class='ocrx_word' id='word_1_442' title='bbox 1406 2431 1512 2461; x_wconf 87' lang='lat' dir='ltr'>Defla-</span> 
     </span>
     <span class='ocr_line' id='line_1_77' title="bbox 847 2476 1511 2521; baseline 0 -11"><span class='ocrx_word' id='word_1_443' title='bbox 847 2479 1018 2521; x_wconf 82' lang='lat' dir='ltr'>grationem</span> <span class='ocrx_word' id='word_1_444' title='bbox 1029 2477 1137 2508; x_wconf 89' lang='lat' dir='ltr'>mundi</span> <span class='ocrx_word' id='word_1_445' title='bbox 1155 2477 1302 2512; x_wconf 82' lang='lat' dir='ltr'>futuram,</span> <span class='ocrx_word' id='word_1_446' title='bbox 1315 2476 1416 2518; x_wconf 82' lang='lat' dir='ltr'>inquit</span> <span class='ocrx_word' id='word_1_447' title='bbox 1432 2480 1511 2510; x_wconf 84' lang='lat' dir='ltr'>Lac-</span> 
     </span>
     <span class='ocr_line' id='line_1_78' title="bbox 848 2526 1512 2568; baseline -0.003 -8"><span class='ocrx_word' id='word_1_448' title='bbox 848 2529 974 2562; x_wconf 79' lang='lat' dir='ltr'>tantius.</span> <span class='ocrx_word' id='word_1_449' title='bbox 999 2528 1054 2558; x_wconf 89' lang='lat' dir='ltr'>lib.</span> <span class='ocrx_word' id='word_1_450' title='bbox 1079 2527 1118 2557; x_wconf 90' lang='lat' dir='ltr'>de</span> <span class='ocrx_word' id='word_1_451' title='bbox 1148 2527 1200 2557; x_wconf 82' lang='lat' dir='ltr'>Ira</span> <span class='ocrx_word' id='word_1_452' title='bbox 1225 2526 1298 2562; x_wconf 87' lang='lat' dir='ltr'>Dei,</span> <span class='ocrx_word' id='word_1_453' title='bbox 1324 2537 1394 2568; x_wconf 88' lang='lat' dir='ltr'>cap.</span> <span class='ocrx_word' id='word_1_454' title='bbox 1423 2527 1512 2559; x_wconf 85' lang='lat' dir='ltr'>xxiii.</span> 
     </span>
     <span class='ocr_line' id='line_1_79' title="bbox 849 2574 1513 2616; baseline -0.003 -8"><span class='ocrx_word' id='word_1_455' title='bbox 849 2576 1019 2609; x_wconf 87' lang='lat' dir='ltr'>vaticinata</span> <span class='ocrx_word' id='word_1_456' title='bbox 1034 2581 1080 2605; x_wconf 88' lang='lat' dir='ltr'>est</span> <span class='ocrx_word' id='word_1_457' title='bbox 1090 2575 1228 2616; x_wconf 79' lang='lat' dir='ltr'>Sibylla3</span> <span class='ocrx_word' id='word_1_458' title='bbox 1252 2574 1440 2616; x_wconf 82' lang='lat' dir='ltr'>subjicitque</span> <span class='ocrx_word' id='word_1_459' title='bbox 1454 2576 1513 2606; x_wconf 91' lang='lat' dir='ltr'>ibi-</span> 
     </span>
     <span class='ocr_line' id='line_1_80' title="bbox 849 2623 1513 2661; baseline -0.003 -4"><span class='ocrx_word' id='word_1_460' title='bbox 849 2627 921 2657; x_wconf 86' lang='lat' dir='ltr'>dem</span> <span class='ocrx_word' id='word_1_461' title='bbox 937 2631 999 2656; x_wconf 88' lang='lat' dir='ltr'>tres</span> <span class='ocrx_word' id='word_1_462' title='bbox 1014 2624 1106 2655; x_wconf 89' lang='lat' dir='ltr'>hosce</span> <span class='ocrx_word' id='word_1_463' title='bbox 1122 2623 1255 2654; x_wconf 89' lang='lat' dir='ltr'>Ovidius</span> <span class='ocrx_word' id='word_1_464' title='bbox 1270 2634 1389 2653; x_wconf 82' lang='lat' dir='ltr'>versus.</span> <span class='ocrx_word' id='word_1_465' title='bbox 1421 2625 1513 2661; x_wconf 85' lang='lat' dir='ltr'>Quod</span> 
     </span>
     <span class='ocr_line' id='line_1_81' title="bbox 850 2672 1516 2715; baseline -0.003 -9"><span class='ocrx_word' id='word_1_466' title='bbox 850 2681 881 2706; x_wconf 89' lang='lat' dir='ltr'>et</span> <span class='ocrx_word' id='word_1_467' title='bbox 896 2675 1006 2705; x_wconf 88' lang='lat' dir='ltr'>Senec.</span> <span class='ocrx_word' id='word_1_468' title='bbox 1020 2672 1187 2715; x_wconf 87' lang='lat' dir='ltr'>praescivit,</span> <span class='ocrx_word' id='word_1_469' title='bbox 1203 2672 1360 2703; x_wconf 86' lang='lat' dir='ltr'>Consolat.</span> <span class='ocrx_word' id='word_1_470' title='bbox 1377 2673 1416 2703; x_wconf 90' lang='lat' dir='ltr'>ad</span> <span class='ocrx_word' id='word_1_471' title='bbox 1428 2674 1516 2704; x_wconf 81' lang='lat' dir='ltr'>Mar-</span> 
     </span>
     <span class='ocr_line' id='line_1_82' title="bbox 852 2722 1514 2765; baseline -0.003 -9"><span class='ocrx_word' id='word_1_472' title='bbox 852 2725 945 2761; x_wconf 89' lang='lat' dir='ltr'>ciam,</span> <span class='ocrx_word' id='word_1_473' title='bbox 967 2725 1023 2755; x_wconf 89' lang='lat' dir='ltr'>sub</span> <span class='ocrx_word' id='word_1_474' title='bbox 1051 2723 1118 2765; x_wconf 90' lang='lat' dir='ltr'>ipsa</span> <span class='ocrx_word' id='word_1_475' title='bbox 1141 2722 1227 2753; x_wconf 88' lang='lat' dir='ltr'>calce</span> <span class='ocrx_word' id='word_1_476' title='bbox 1251 2722 1337 2753; x_wconf 84' lang='lat' dir='ltr'>libri:</span> <span class='ocrx_word' id='word_1_477' title='bbox 1371 2727 1393 2739; x_wconf 90' lang='lat'><strong>“</strong></span> <span class='ocrx_word' id='word_1_478' title='bbox 1409 2724 1514 2759; x_wconf 86' lang='lat' dir='ltr'>Quum</span> 
     </span>
     <span class='ocr_line' id='line_1_83' title="bbox 854 2771 1516 2816; baseline -0.003 -12"><span class='ocrx_word' id='word_1_479' title='bbox 854 2779 975 2816; x_wconf 81' lang='lat' dir='ltr'>tempus</span> <span class='ocrx_word' id='word_1_480' title='bbox 1000 2771 1169 2806; x_wconf 84' lang='lat' dir='ltr'>advenerit,</span> <span class='ocrx_word' id='word_1_481' title='bbox 1187 2782 1247 2812; x_wconf 88' lang='lat' dir='ltr'>quo</span> <span class='ocrx_word' id='word_1_482' title='bbox 1270 2782 1301 2801; x_wconf 81' lang='lat' dir='ltr'>se</span> <span class='ocrx_word' id='word_1_483' title='bbox 1321 2771 1454 2802; x_wconf 89' lang='lat' dir='ltr'>mundus</span> <span class='ocrx_word' id='word_1_484' title='bbox 1470 2783 1516 2802; x_wconf 85' lang='lat' dir='ltr'>re-</span> 
     </span>
    </p>
   </div>
  </div>
 </body>
</html>
