1763 3181
397 168 1019 212 METAMORPHOSEON
1053 168 1172 209 LIB.
1197 168 1277 210 IV.

1453 170 1540 211 323

154 285 400 333 Duritiem
424 293 557 333 tacto
582 286 782 349 capiant
805 291 861 331 ut
885 286 947 332 ab
973 300 1114 342 aere;
1156 284 1392 347 quodque
1442 287 1538 332 750

150 363 329 410 Vimen
353 363 404 410 in
428 379 625 426 aequore
649 369 771 417 erat,
799 361 884 408 fiat
910 377 1058 425 super
1083 377 1284 423 aequora
1309 376 1502 408 saxum.

162 454 165 456 ·
216 439 306 487 VI.
336 440 425 487 Dis
441 441 598 488 tribus
615 440 697 487 ille
717 439 853 486 focos
869 439 1078 486 totidem
1094 439 1157 485 de
1177 439 1368 502 cespite
1384 439 1537 502 ponit,

152 515 352 564 Laevum
378 517 656 575 Mercurio3
698 517 929 564 dextrum
954 516 1060 572 tibi,
1088 516 1268 563 bellica
1291 516 1455 578 virgo3

151 593 253 640 Ara
274 592 305 639 J
309 594 412 641 ovis
438 594 602 641 media
627 601 728 641 est:
769 600 1017 640 mactatur
1040 609 1192 640 vacca
1217 592 1484 651 Minervae;

151 668 349 734 Alipedi
370 671 580 728 vitulus;
621 678 791 718 taurus
817 670 922 725 tibi,
947 660 1138 717 summe
1165 669 1402 717 Deorum.
1444 674 1538 718 755

152 746 387 795 Protinus
413 748 781 804 Andromedan,
808 754 858 795 et
880 747 1005 794 tanti
1030 747 1235 812 praemia
1259 747 1376 794 facti

153 907 223 931 tura
247 908 294 932 est
309 902 356 939 iis,
381 914 451 945 quae
475 909 561 935 tacto
586 904 624 935 ab
650 914 719 934 aere
744 909 775 933 et
796 914 814 934 a

151 955 235 981 tacto
252 951 395 983 Medusze
412 953 513 995 capite
529 953 708 984 durescunt.
752 953 813 984 Sed

152 999 285 1030 Ovidius
314 1012 384 1042 quae
414 1002 452 1033 de
481 1002 667 1033 curaliorum
702 1007 814 1033 natura

152 1048 365 1086 tradebantur,
384 1051 491 1093 mytho
511 1051 745 1082 accommodare
760 1063 812 1082 vo-

152 1097 222 1128 luit.
256 1099 307 1130 De
333 1100 371 1131 iis
397 1101 490 1131 etiam
517 1101 600 1132 Plin.
627 1101 711 1132 Hist.
737 1102 813 1132 Nat.

154 1148 293 1179 XXXII.
316 1149 349 1180 ii.
376 1151 432 1180 ll:
472 1151 576 1181 Bar-cce
601 1153 736 1181 candida?
760 1152 813 1181 sub

153 1209 232 1238 aqua
247 1205 275 1228 et
289 1201 408 1230 molles:
433 1207 567 1240 eaemptoe
583 1201 735 1241 confestim
756 1203 812 1231 du-

155 1253 265 1278 rantur
279 1255 308 1279 eh
322 1251 494 1280 rubescunt.
519 1251 629 1285 Aiunt,
648 1256 732 1280 tactu.
747 1261 814 1289 pro-

155 1297 236 1327 tinus
252 1298 441 1338 lapidescere.
489 1299 605 1329 Verum
622 1298 688 1328 haec
704 1305 816 1329 natura

153 1346 261 1378 cortici
277 1352 399 1379 tantum
417 1354 473 1384 est,
488 1359 549 1379 non
564 1348 699 1379 interiori
720 1348 812 1389 parti,

155 1406 224 1436 quae
236 1396 305 1439 jum
319 1398 376 1428 sub
394 1407 476 1438 aqua
488 1397 565 1428 dura
576 1396 736 1439 reperitur.
764 1398 813 1428 Vi-

154 1456 230 1482 men,
246 1446 267 1477 i.
279 1457 310 1488 q.
325 1449 423 1488 virga.
446 1446 612 1477 Claudian.
629 1458 658 1478 x,
674 1447 733 1477 169
744 1458 792 1488 sq.
806 1460 812 1477 ε

158 1494 259 1525 Vimen
283 1502 359 1531 erat,
383 1498 453 1526 dum
475 1502 584 1536 stagna
603 1497 691 1526 subit.
737 1496 814 1525 Pro-

151 1551 276 1575 cesserat
289 1547 397 1576 undis:
417 1556 532 1587 gemma
545 1546 631 1586 fnit.
678 1545 760 1576 Hinc
778 1548 814 1576 Ιί-

155 1594 296 1635 clzoplzyca
323 1594 417 1626 dicta.
472 1594 574 1625 Hodie
603 1594 721 1626 curalia
748 1595 814 1626 ani-

154 1643 298 1675 malculis
322 1643 469 1685 originem
497 1644 611 1675 debere
637 1644 815 1681 creduntur,

154 1702 335 1734 quanquam
358 1703 427 1723 eam
450 1692 628 1735 opinionem
653 1692 816 1734 impugnat

153 1742 319 1778 Mullerus,
336 1754 429 1784 quem
446 1742 516 1773 vide
539 1742 578 1773 ad
599 1742 720 1773 Linnaei
743 1744 816 1784 Sys-

154 1796 238 1822 tema
252 1792 394 1828 Naturae,
409 1798 483 1822 tom.
499 1791 540 1822 vi.
555 1802 587 1833 p.
605 1792 666 1822 643
683 1802 752 1833 sqq.

200 1841 383 1872 752—802.
413 1841 542 1871 Medusae
562 1841 682 1881 capum]
731 1840 816 1872 Inter

154 1891 267 1931 pocula
290 1891 422 1921 Perseus
443 1890 507 1932 ipse
528 1894 643 1926 narrat,
664 1900 727 1931 qua
751 1896 816 1921 arte

158 1940 300 1971 Medusae
326 1946 421 1982 caput
446 1939 619 1970 abstulerit.
666 1941 722 1970 Est
749 1939 816 1970 haec

157 1989 265 2020 fabula
285 2000 348 2020 una
371 2000 409 2020 ex
433 1988 666 2031 antiquissimis,
683 1999 777 2030 quam
799 1999 817 2020 a

155 2038 369 2075 Phoenicibus,
396 2038 450 2079 qui
478 2037 619 2068 Africam
649 2043 818 2068 extremam

157 2086 308 2124 adierant,
323 2087 408 2118 haud
423 2086 519 2118 dubie
535 2092 698 2128 acceptam
715 2087 818 2118 Graeci

156 2136 262 2167 Persei
277 2137 369 2167 rebus
382 2135 590 2167 inseruerunt.
630 2136 660 2166 N
664 2142 820 2167 artaverat

157 2196 225 2217 eam
253 2185 471 2227 Pherecydes3
508 2191 695 2217 tractaverat
724 2186 819 2216 etiam

160 2234 327 2276 AEschyles
341 2234 373 2265 in
396 2234 554 2276 tragoedia
578 2235 749 2271 Phorcides,
765 2236 818 2276 qui

157 2283 251 2320 idem,
266 2283 298 2315 in
311 2284 470 2315 Prometh.
486 2285 548 2315 798
560 2295 629 2326 sqq.
645 2283 684 2314 de
701 2284 819 2326 Gorgo-

157 2333 250 2364 nibus
279 2344 448 2375 earumque
483 2333 637 2364 sororibus
672 2334 821 2364 nonnulla

156 2384 264 2414 habet.
298 2383 365 2413 Nos
379 2393 448 2413 eam
464 2382 623 2413 haurimus
636 2393 673 2412 ex
689 2382 820 2413 Hesiodi

155 2433 216 2464 Th.
226 2433 397 2464 270—285
407 2444 415 2471 3
426 2433 511 2462 Scut.
520 2431 649 2462 Hercul.
657 2432 720 2461 216
729 2442 798 2473 sqq.
809 2444 817 2471 3

158 2481 315 2513 Eratosth.
330 2482 383 2512 22.
398 2491 491 2522 quem
514 2480 675 2511 transtulit
700 2481 819 2522 Hygin.

158 2530 198 2562 Ρ.
211 2530 252 2562 Α.
265 2530 300 2561 ii.
316 2531 355 2561 12
368 2542 377 2569 3
392 2529 538 2571 Apollon.
549 2530 595 2560 II.
608 2529 648 2560 iv.
661 2530 700 2567 23
715 2529 820 2560 Schol.

158 2579 309 2622 Apollon.
330 2579 371 2611 iv.
391 2580 493 2617 1515;
525 2579 643 2621 Orphei
666 2589 761 2609 carm.
781 2578 819 2609 de

159 2628 271 2671 Lapid.
286 2640 338 2660 xv.
350 2630 392 2660 3O
401 2640 471 2670 sqq.
500 2628 644 2659 Studiose
657 2628 820 2670 scriptores

160 2684 280 2710 veteres
294 2679 516 2721 quaesiverunt,
533 2678 609 2720 quid
625 2678 689 2714 veri
710 2678 766 2708 sub
783 2687 821 2708 ea

160 2727 277 2759 lateat:
301 2728 364 2760 vid.
387 2728 523 2759 Pausan.
544 2727 687 2758 Corinth.
703 2738 734 2768 p.
752 2727 821 2757 159.

882 903 934 934 ubi
956 908 986 934 et
1003 914 1091 934 suam
1113 910 1143 934 et
1167 904 1271 934 Procli
1287 903 1472 934 sententiam
1496 904 1542 934 af-

882 953 951 983 fert.
996 954 1042 983 Ex
1059 953 1222 984 Pausania)
1238 953 1394 993 opinione,
1410 953 1546 984 Medusa

883 1002 940 1032 fuit
961 1002 1069 1043 regina
1089 1013 1194 1032 eorum
1217 1002 1412 1044 populorum,
1428 1002 1480 1043 qui
1505 1003 1545 1033 ad

883 1051 985 1081 lacum
1011 1051 1202 1081 'l'ritonidem
1232 1051 1263 1081 in
1288 1051 1396 1082 Africa
1422 1051 1544 1082 habita-

880 1100 968 1131 bant.
1006 1101 1093 1130 Ausa
1109 1100 1162 1130 illa
1174 1110 1245 1130 cum
1262 1101 1375 1130 Perseo
1386 1101 1545 1141 congredi,

881 1149 964 1179 victa
979 1154 1026 1178 est
1047 1155 1077 1179 et
1096 1149 1262 1179 trucidata.
1299 1150 1430 1179 Perseus
1446 1150 1544 1181 admi-

881 1204 965 1228 ratus
984 1199 1050 1239 ejus
1073 1198 1213 1233 formam,
1230 1204 1326 1239 caput
1350 1198 1416 1239 ejus
1436 1208 1545 1239 ampu-

882 1248 970 1283 tavit,
981 1254 1075 1288 atque
1092 1258 1199 1278 secum
1213 1247 1245 1277 in
1258 1246 1414 1277 Graeciam
1427 1247 1544 1283 attulit,

883 1297 936 1327 ubi
961 1297 1115 1339 sepultum
1141 1302 1198 1327 est.
1225 1296 1392 1331 Diodorus,
1419 1295 1477 1326 lib.
1501 1297 1544 1327 iv.

883 1352 1000 1382 censet,
1016 1345 1110 1377 fuisse
1126 1346 1289 1386 Gorgones
1304 1345 1435 1376 feminas
1454 1346 1546 1376 belli-

883 1407 971 1426 cosas
983 1395 1015 1426 in
1034 1396 1151 1431 Africa,
1168 1395 1433 1436 quemadmodum
1448 1395 1546 1426 Ama-

884 1456 974 1476 zones
997 1446 1028 1476 in
1050 1444 1200 1486 Scythia3
1225 1456 1278 1476 eas
1299 1455 1366 1475 esse
1391 1455 1410 1475 a
1433 1445 1547 1475 Perseo

883 1495 1070 1526 debellatas.
1099 1494 1206 1524 Aliam
1220 1493 1395 1535 opinionem
1409 1494 1546 1536 amplec-

883 1544 957 1574 titur
973 1544 1114 1585 Palaeph.
1128 1545 1179 1574 32.
1192 1544 1287 1574 aliam
1298 1543 1391 1573 etiam
1407 1543 1547 1579 Proclus,

883 1593 976 1623 aliam
1008 1604 1111 1623 rursus
1141 1592 1299 1633 Didymus
1315 1604 1322 1630 3
1358 1592 1412 1622 sed
1439 1603 1548 1622 omnes

883 1653 948 1672 rem
964 1642 1143 1684 conjectura
1157 1641 1280 1682 assequi
1296 1647 1457 1672 conantur.
1491 1642 1546 1672 Sa-

884 1702 936 1722 cra
951 1692 1025 1722 fecit
1039 1697 1164 1734 propter
1177 1691 1350 1727 victoriam,
1366 1701 1547 1733 quanquam

884 1747 915 1771 et
944 1741 1069 1783 nuptias
1095 1741 1149 1771 illa
1178 1740 1363 1771 antecedere
1391 1741 1546 1772 solebant.

884 1790 972 1821 Fecit
984 1796 1088 1821 autem
1105 1790 1249 1820 Minerua
1259 1795 1289 1820 et
1303 1790 1468 1826 Mercurio,
1480 1791 1548 1832 qui-

883 1840 941 1869 bus
967 1839 1079 1869 eximie
1106 1849 1205 1874 caruS,
1223 1844 1254 1869 et
1279 1849 1297 1869 a
1316 1838 1429 1880 quibus
1459 1839 1547 1881 adju-

883 1894 933 1919 tus
957 1888 988 1918 in
1013 1887 1211 1930 expeditione
1236 1895 1345 1918 contra
1368 1888 1548 1926 Medusam,

885 1937 968 1979 quod
984 1937 1096 1979 reliqui
1118 1936 1248 1978 mythici
1273 1937 1386 1968 diserte
1409 1937 1549 1969 tradunt.

886 1988 986 2023 For-os,
1005 1997 1086 2018 aras.
1134 1987 1248 2017 Derter
1263 1987 1350 2017 focus
1373 1986 1550 2028 assignatur

885 2038 1050 2068 Minervae.
1095 2037 1141 2067 Ea
1156 2036 1239 2067 enim
1261 2035 1333 2067 Jovi
1350 2047 1412 2078 prae
1429 2037 1551 2068 caeteris

886 2087 991 2118 liberis
1016 2097 1098 2123 cara,
1123 2097 1260 2117 summos
1286 2086 1419 2116 honores
1442 2097 1550 2118 conse-

887 2142 986 2178 quuta
1010 2144 1079 2175 est3
1115 2136 1206 2177 eique
1233 2135 1328 2166 etiam
1356 2135 1415 2166 hoc
1441 2136 1548 2166 datum

887 2192 964 2222 erat,
980 2191 1014 2216 ut
1028 2196 1150 2226 semper
1165 2184 1205 2215 ad
1221 2184 1364 2214 dextram
1384 2184 1480 2225 patris
1501 2196 1549 2216 se-

887 2235 983 2270 deret,
997 2245 1054 2265 nec
1071 2243 1210 2274 unquam
1222 2243 1241 2263 a
1255 2233 1354 2263 latere
1369 2233 1436 2274 ejus
1449 2233 1548 2264 disce-

887 2284 985 2315 deret.
1001 2284 1110 2314 Horat.
1123 2282 1150 2312 1.
1165 2281 1228 2312 Od.
1240 2281 1294 2312 xii.
1310 2283 1329 2312 9
1343 2294 1350 2312 ;
1367 2281 1437 2312 vide
1450 2283 1548 2324 Span-

887 2333 972 2364 hem.
1001 2332 1041 2363 ad
1071 2331 1311 2367 Callimachum,
1341 2330 1375 2361 h.
1402 2330 1551 2372 Apollod.

888 2393 950 2413 ver.
964 2383 1016 2413 29.
1028 2387 1059 2412 et
1075 2382 1192 2411 Lavac.
1204 2381 1274 2411 Pal.
1285 2391 1348 2411 ver.
1362 2381 1434 2411 132.
1465 2382 1549 2411 Ean-

885 2431 957 2462 dem
971 2431 1066 2471 igitur
1087 2429 1272 2470 dignitatem
1286 2429 1314 2460 ei
1331 2436 1552 2460 concesserunt

886 2487 917 2511 et
936 2486 1037 2523 poetae
1057 2485 1088 2510 et
1113 2479 1269 2517 artifices;
1295 2489 1430 2519 namque
1454 2479 1548 2509 etiam

886 2530 918 2560 in
934 2530 1068 2560 nummis
1083 2528 1189 2559 multis
1203 2528 1274 2559 Jovi
1295 2527 1476 2569 σύνθρονος
1496 2538 1550 2558 ex-

886 2579 1022 2609 hibetur.
1068 2577 1191 2618 Cuique
1214 2577 1284 2607 Deo
1305 2582 1397 2606 certae
1414 2576 1549 2607 victimae

888 2634 976 2658 erant
997 2626 1172 2661 destinatae,
1189 2630 1220 2655 et
1235 2625 1418 2660 cavebatur,
1436 2635 1474 2655 ne
1489 2626 1548 2655 ali-

887 2688 943 2706 ena
954 2677 1047 2706 hostia
1062 2674 1131 2717 quis
1142 2674 1331 2716 placaretur.
1356 2674 1438 2704 Plin.
1454 2674 1495 2705 H.
1506 2674 1550 2705 N.

888 2725 952 2756 viii.
968 2727 1022 2756 45.
