1763 3181
234 186 317 226 406
624 184 673 225 P.
703 182 913 224 OVIDII
949 182 1226 225 NASONIS

238 300 399 354 Quem
424 299 705 345 Tritoniaca
731 297 913 345 Latoiis
939 298 1178 346 arundine
1202 298 1385 345 victum

233 375 415 423 Affecit
438 391 598 439 poena.
654 380 683 398 “
707 372 838 428 Quid
864 389 942 420 me
965 373 1083 419 mihi
1109 373 1387 422 detrahis?
1427 374 1612 437 inquit:

236 458 265 475 “
288 452 367 498 Ah
392 452 557 515 piget!
596 451 658 498 ah
683 466 781 496 non
805 448 931 504 est‚'’
953 450 1216 505 clamabat,
1246 450 1414 498 “tibia
1438 451 1616 498 tanti!''

235 528 484 576 Clamanti
509 528 636 575 cutis
662 534 738 574 est
762 543 979 573 summos
1005 527 1212 591 derepta
1235 543 1321 591 per
1347 535 1510 583 artus;

238 605 344 653 Nec
382 605 655 668 quidquam
693 604 786 651 nisi
818 604 995 651 vulnus
1033 612 1164 653 erat:
1220 621 1363 652 cruor
1398 605 1617 668 undique

435 688 603 729 manat
620 699 629 729 :

238 760 539 823 Detectique
565 766 737 824 patent
761 759 922 816 nervi3

237 836 376 884 Pelle
401 837 587 884 micant
610 852 774 883 venae:
816 836 1040 883 salientia
1062 836 1252 884 viscera
1276 836 1451 899 possis,

963 760 1271 824 trepidaeque
1297 759 1402 806 sine
1428 758 1529 805 ulla

1523 837 1619 881 390

239 913 306 960 Et
330 914 644 977 perlucentes
670 928 928 960 numerare
954 912 1002 958 in
1030 919 1231 976 pectore
1255 912 1419 960 fibras.

239 990 385 1037 Illum
411 991 649 1045 ruricolae,
677 989 909 1036 silvarum
934 990 1153 1045 numina,
1184 989 1354 1045 Fauni,

235 1066 301 1114 Et
327 1067 492 1131 Satyri
518 1067 708 1122 fratres,
727 1073 776 1113 et
799 1073 917 1113 tunc
945 1083 1145 1130 quoque
1171 1067 1331 1113 clarus
1353 1065 1615 1130 Olympus,

238 1142 304 1191 Et
330 1144 580 1208 Nymphae
606 1144 811 1199 flerunt;
852 1149 902 1190 et
926 1143 1154 1206 quisquis
1181 1143 1431 1189 montibus
1456 1142 1552 1189 illis

236 1219 605 1284 Lanigerosque
630 1235 821 1282 greges,
850 1227 1171 1283 armentaque
1195 1220 1378 1267 bucera
1402 1219 1552 1283 pavit.

234 1296 427 1345 Fertilis
446 1297 720 1352 immaduit,
738 1296 1115 1360 madefactaque
1131 1307 1261 1345 terra
1279 1297 1495 1344 caducas
1520 1299 1615 1344 396

242 1373 490 1440 Concepit
514 1375 757 1430 lacrimas,
785 1389 841 1421 ac
866 1374 1003 1421 venis
1030 1375 1244 1438 perbibit
1268 1374 1406 1431 imis;

281 1557 355 1588 385.
377 1556 459 1591 Quid
474 1568 518 1588 me
532 1558 605 1588 mihi
619 1559 751 1588 detrahis
759 1558 787 1599 ?]
812 1558 898 1596 Quid

238 1610 342 1636 cutem
357 1616 458 1636 meam
473 1606 549 1636 mihi
565 1605 724 1637 detrahis?
746 1607 796 1638 Sic
811 1606 899 1638 irruit

236 1652 268 1684 in
290 1655 424 1686 mediam
448 1666 532 1693 rem;
569 1655 623 1686 sed
646 1656 747 1686 lusum
771 1656 900 1687 adhibet

236 1702 473 1735 intolerabilem.
517 1703 666 1735 Similiter
691 1715 720 1736 v.
749 1705 824 1736 546.
846 1706 900 1735 sibi

238 1753 367 1783 ablatus.
413 1753 482 1783 Non
496 1759 536 1783 est
548 1754 620 1784 tibia
634 1754 732 1784 tanti!
748 1764 808 1784 non
823 1759 900 1790 erat,

238 1811 293 1831 cur
308 1801 386 1832 tibia
400 1812 510 1833 canere
526 1802 689 1839 discerem,
705 1813 802 1844 quum
824 1803 899 1834 mihi

239 1859 334 1881 causa
362 1851 447 1882 exitii
477 1851 527 1883 sit.
586 1851 668 1882 Vide
699 1852 834 1883 Valken.
860 1852 900 1883 ad

240 1899 434 1941 Euripidem,
450 1900 578 1943 Hippol.
596 1902 670 1933 441.

281 1949 355 1980 387.
381 1950 486 1980 Cutem
509 1950 538 1981 ei
565 1950 700 1981 detraxit
718 1950 767 1982 vel
791 1950 831 1981 ad
854 1951 900 1993 pi-

239 2007 324 2034 num,
339 1998 389 2029 vel
401 1998 440 2029 ad
457 2000 616 2040 platanum
631 2000 718 2041 (quae
734 1999 829 2030 Plinii
845 2000 900 2030 ad-

239 2045 300 2077 huc
315 2052 407 2078 aetate
423 2047 657 2079 ostendebatur.
687 2048 821 2087 Plinius,
838 2048 901 2079 xvi.

240 2095 310 2135 44.)
327 2095 433 2137 ligato.
478 2097 524 2127 Ea
537 2099 614 2127 cutis
629 2107 779 2139 suspensa
799 2103 846 2128 est
861 2099 900 2128 ab

240 2143 385 2185 Apolline
410 2145 557 2176 Celaenis.
604 2146 792 2182 Herodotus,
809 2146 840 2178 d.
861 2146 900 2185 l.;

237 2194 395 2231 Lucanus,
421 2194 529 2226 Phars.
550 2194 594 2225 iii.
613 2195 696 2233 2063
743 2195 901 2232 Amanus,

240 2242 365 2275 xiii.2l.
410 2243 505 2286 Apud
522 2244 693 2285 Hyginum,
705 2245 901 2275 membratim

239 2292 434 2334 discerpitur.
465 2293 611 2334 Sequitur
626 2293 792 2335 descriptio
809 2293 901 2324 foedae

238 2341 326 2372 istius
349 2341 545 2383 operationis,
568 2352 638 2383 quae
661 2342 813 2373 Romanis
837 2342 897 2373 sor-

237 2395 319 2421 tasse
342 2390 471 2432 placuit,
496 2401 626 2432 quorum
649 2391 731 2422 oculi
754 2390 897 2433 sanguini

240 2439 354 2470 assueti
374 2445 474 2476 erant,
492 2439 547 2470 sed
563 2440 673 2471 nostris
687 2440 737 2471 vix
754 2441 898 2483 probabi-

240 2492 300 2517 tur.

284 2538 357 2568 390.
385 2539 482 2568 Salii-e
503 2543 536 2569 et
557 2540 669 2569 micare
694 2543 727 2569 et
751 2540 900 2579 trepidare

240 2586 344 2622 verba,
362 2597 458 2628 quum
479 2587 518 2618 de
539 2593 623 2619 motu
644 2587 745 2618 cordis
759 2594 790 2618 et
806 2598 898 2619 vena—

242 2645 307 2664 rum
323 2635 435 2676 agitur,
450 2642 637 2678 usurpantur
650 2648 655 2666 :
676 2636 738 2667 vid.
750 2637 900 2668 Ciosanus

241 2689 271 2713 et
288 2684 498 2715 Burmannus.
550 2685 679 2721 Viscera,
698 2695 760 2716 cor.

283 2733 358 2763 393.
406 2734 453 2764 De
480 2734 616 2774 Olympo,
640 2733 792 2775 discipulo
814 2734 898 2765 Mar-

964 1570 1040 1601 syae,
1068 1558 1147 1595 vide,
1170 1564 1281 1602 praeter
1306 1557 1446 1600 superius
1469 1556 1624 1593 laudatos,

966 1609 1108 1640 Eustath.
1131 1607 1171 1639 ad
1195 1609 1375 1639 Homerum.
1399 1607 1440 1638 Il.
1460 1608 1499 1637 A.
1520 1618 1551 1648 p.
1572 1607 1625 1637 21.

969 1657 1154 1695 Pausanias,
1183 1658 1282 1688 Phoc.
1316 1668 1348 1699 p.
1380 1658 1456 1688 873.
1486 1655 1624 1687 tabulam

966 1707 1133 1748 Polygnoti
1161 1706 1319 1741 describit,
1343 1707 1374 1737 in
1403 1716 1465 1748 qua
1488 1707 1623 1746 Marsyae

967 1756 1124 1788 assidebat
1139 1756 1304 1798 Olympus,
1320 1755 1428 1787 habitu
1444 1755 1623 1786 adolescen-

968 1805 1006 1836 tis
1020 1805 1075 1841 ita,
1090 1811 1126 1836 ut
1140 1804 1224 1836 tibiis
1238 1804 1356 1836 discere
1372 1804 1538 1835 videretur.
1570 1803 1624 1834 In-

967 1854 1052 1885 venit
1065 1853 1173 1885 modos
1184 1854 1224 1884 ad
1239 1853 1358 1891 tibiam,
1370 1853 1424 1895 qui
1439 1863 1625 1884 commemo-

967 1908 1073 1933 rantur
1097 1903 1135 1933 ab
1162 1902 1322 1944 Euripide,
1347 1902 1419 1944 Iph.
1443 1901 1520 1932 Aul.
1542 1902 1626 1939 576;

968 1951 1021 1982 ubi
1051 1950 1121 1982 vide
1151 1952 1283 1982 Barnes.
1340 1952 1372 1981 Is
1402 1957 1474 1982 tunc
1504 1961 1626 1991 quoque,

968 2001 1091 2031 vivente
1116 1999 1219 2031 adhuc
1246 1998 1405 2040 magistro,
1431 2000 1532 2030 clarus
1558 2009 1624 2030 esse

968 2048 1076 2090 coepit.
1112 2048 1207 2090 Apud
1222 2047 1395 2089 Hyginum,
1408 2048 1543 2089 Marsyae
1560 2058 1626 2078 cor-

965 2108 1024 2139 pus
1047 2096 1235 2138 discerptum
1251 2096 1278 2127 ei
1294 2096 1505 2138 sepeIIendum
1526 2095 1623 2127 tradi-

967 2152 1026 2177 tur.
1071 2146 1112 2175 Et
1131 2145 1196 2187 ipse
1215 2144 1248 2175 in
1264 2145 1472 2176 monumentis
1487 2144 1623 2186 antiquis

966 2205 1047 2237 saepe
1077 2193 1222 2225 occurrit.
1268 2194 1409 2235 Heynius
1439 2194 1469 2224 in
1499 2195 1625 2234 Antiqu.

968 2244 1055 2286 AuJ'S.
1077 2244 1115 2274 P.
1132 2243 1164 2274 ii.
1188 2254 1219 2285 p.
1235 2244 1287 2274 69.
1332 2244 1488 2284 Nymphce.
1532 2244 1625 2285 Apud

967 2291 1165 2329 Athenaeurm
1191 2292 1253 2323 xiv.
1276 2294 1306 2323 2.
1330 2292 1477 2334 Nympha
1501 2292 1624 2333 genitus

967 2340 1061 2371 fuisse
1104 2347 1256 2372 narratur.
1317 2342 1435 2372 Bucera
1471 2348 1620 2379 armenta,

964 2390 1072 2421 boves.
1126 2390 1258 2427 But-era,
1290 2396 1430 2426 cornuta,
1462 2400 1479 2421 e
1514 2390 1623 2431 graecis

964 2438 1045 2478 βοῦς
1067 2444 1099 2470 et
1120 2438 1214 2481 κέρας
1227 2439 1403 2478 vocabulis3
1427 2441 1552 2471 Lucret.
1568 2439 1622 2470 ubi

966 2488 1072 2518 bucera
1096 2489 1183 2524 secla,
1200 2494 1230 2519 et
1253 2490 1376 2519 buceriae
1395 2499 1498 2530 greges
1514 2498 1621 2519 occur-

967 2543 1049 2567 runt.

1009 2586 1083 2617 396.
1108 2586 1254 2622 Curlucas,
1276 2586 1467 2623 decidentes,
1489 2592 1521 2617 ut
1538 2586 1621 2628 folia

966 2637 1091 2666 caduca.
1146 2636 1297 2676 Concepit.
1345 2635 1488 2678 Excepit.
1537 2636 1623 2667 Venis

964 2687 1090 2723 perbibit
1114 2687 1201 2722 imis;
1225 2695 1319 2716 venas
1344 2691 1431 2715 terrae
1454 2691 1530 2726 puta
1555 2696 1621 2716 esse

966 2740 1086 2766 meatus
1102 2744 1252 2776 aquarum
1268 2741 1299 2765 et
1313 2733 1488 2776 spirituum.
