1763 3181
368 167 987 210 METAMORPHOSEON
1021 169 1139 209 LIB.
1172 168 1282 210 VII.
1438 171 1525 212 433

141 281 535 346 Terrigenasque
556 282 702 339 ferOS,
730 282 1101 348 insopitumque
1126 284 1425 331 draconem?

142 359 207 406 Di
231 360 436 408 meliora
458 360 639 409 velint:
680 377 968 425 quanquam
994 379 1092 409 non
1116 362 1214 409 ista
1237 363 1502 426 precanda,

143 435 245 483 Sed
263 436 492 485 facienda
511 437 632 483 mihi
651 454 660 485 :
689 439 963 501 prodamne
985 455 1076 502 ego
1095 455 1248 502 regna
1269 441 1526 502 parentis?

141 511 308 576 Atque
333 530 428 578 ope
453 515 622 562 neseio
648 515 760 578 quis
785 517 1059 563 servabitur
1084 517 1275 564 advena
1298 523 1484 572 nostra,

144 589 213 636 Ut
236 606 325 654 per
348 607 428 638 me
453 607 641 655 sospes,
669 591 775 639 sine
800 609 896 649 me,
923 593 1008 640 det
1032 594 1186 640 lintea
1204 593 1380 648 ventis,
1463 596 1528 639 40

140 665 328 730 Virque
354 667 417 715 sit
441 668 676 715 alterius?
713 686 871 733 poenae
898 661 1082 717 Medea
1106 670 1394 733 relinquar?

143 742 197 790 Si
221 743 383 792 facere
407 745 517 801 hoe,
546 746 753 794 aliamve
775 754 940 810 potest
963 763 1251 811 praeponere
1276 747 1435 803 nobis,

142 820 358 868 Occidat
381 821 633 885 ingratus:
674 823 762 870 sed
788 840 886 870 non
912 824 953 871 is
978 825 1143 872 vultus
1168 825 1217 871 in
1243 825 1342 880 illo,

141 897 256 945 Non
282 914 341 946 ea
364 899 598 947 nobilitas
624 900 787 947 animo
813 908 906 957 est,
934 917 994 949 ea
1018 902 1177 964 gratia
1197 901 1381 957 formae,

143 974 214 1022 Ut
237 975 440 1023 timeam
464 975 706 1034 fraudem,
734 978 996 1041 meritique
1017 979 1198 1026 oblivia
1222 978 1394 1026 nostri.
1465 982 1529 1026 45

141 1051 208 1099 Et
231 1052 372 1100 dabit
395 1060 510 1102 ante
534 1054 684 1102 fidem
703 1072 714 1112 3
756 1070 1034 1118 cogamque
1059 1056 1109 1102 in
1133 1055 1319 1103 foedera
1342 1062 1497 1103 testes

141 1128 268 1178 Esse
290 1130 454 1178 Deos:
484 1131 605 1194 quid
620 1138 728 1179 tuta
745 1132 926 1179 times?
952 1132 1212 1195 accingere
1229 1151 1240 1189 ;
1267 1139 1318 1180 et
1332 1149 1529 1181 omnem

141 1205 282 1255 Pelle
306 1223 522 1256 moram:
562 1208 653 1255 tibi
680 1225 733 1256 se
759 1225 955 1273 semper
979 1210 1184 1257 debebit
1209 1209 1386 1258 Iason:

140 1283 213 1332 Te
236 1284 344 1333 face
370 1286 562 1333 solenni
582 1288 761 1350 junget
785 1287 907 1344 sibi;
948 1303 1140 1351 perque
1166 1286 1408 1349 Pelasgas

143 1361 395 1410 Servatrix
416 1364 564 1411 urbes
581 1370 794 1411 matrum
811 1365 1129 1412 celebrabere
1145 1365 1305 1411 turba.
1333 1365 1528 1427 [osque,

144 1438 276 1502 Ergo
299 1456 391 1502 ego
415 1456 717 1502 germanam,
740 1441 1059 1504 fratremque,
1087 1448 1399 1505 patremque,
1429 1441 1531 1488 De-

141 1514 208 1563 Et
231 1517 396 1564 natale
422 1518 597 1574 solum,
623 1518 785 1565 ventis
810 1518 992 1573 ablata,
1019 1518 1330 1581 relinquam?
1467 1521 1529 1565 52

143 1592 341 1658 Nempe
360 1600 501 1659 pater
515 1611 691 1652 saevus,
709 1612 889 1659 nempe
909 1603 987 1643 est
1001 1611 1113 1643 mea
1129 1596 1339 1643 barbara
1354 1595 1502 1643 tellus
1516 1613 1526 1653 ;

142 1669 313 1719 Frater
337 1672 499 1719 adhuc
525 1671 712 1730 infans3
754 1679 888 1720 stant
911 1688 1108 1720 meeum
1132 1680 1249 1719 vota
1274 1672 1470 1719 sororis.

143 1747 399 1797 Maximus
413 1749 542 1797 intra
556 1763 636 1797 me
654 1749 791 1798 Deus
807 1756 907 1798 est:
925 1766 1023 1797 non
1038 1750 1527 1813 magnarelinquam3

183 1942 238 1973 43.
264 1942 335 1973 Non
363 1944 397 1979 is,
421 1948 487 1973 tam
515 1942 660 1978 infidelis,
687 1944 800 1980 vultus,

140 2003 200 2023 non
213 2004 258 2029 ea,
272 1998 337 2024 tam
352 1993 500 2034 degener,
515 1995 664 2028 nobilitas,
682 2005 739 2023 non
756 2004 800 2029 ea,

141 2046 204 2072 tam
219 2042 327 2078 fallax,
341 2045 447 2084 gratia
452 2042 573 2084 forma.
611 2043 684 2073 Non
699 2041 731 2072 id
747 2042 801 2073 de—

140 2091 270 2123 nunciat
285 2092 398 2128 vuhus,
415 2092 570 2127 nobilitas,
587 2092 695 2123 forma.
728 2092 800 2122 Μο-

140 2145 194 2172 net
215 2142 415 2172 Burmannus
436 2141 612 2182 elegantem
631 2151 697 2172 esse
712 2141 802 2172 illurn

141 2200 231 2221 usum
251 2190 439 2231 pronominis
455 2193 488 2221 is.
511 2190 580 2221 Liv.
596 2190 617 2220 i.
632 2191 691 2220 34:
727 2190 803 2221 Eam

140 2240 255 2275 alitem,
268 2250 303 2269 ea
314 2242 434 2281 regione
446 2241 523 2276 coeli,
534 2246 561 2270 et
576 2241 639 2278 ejus
651 2239 711 2270 Dei
722 2251 803 2269 ¹nun-

141 2290 243 2326 cium‚·
267 2287 353 2319 Plin.
370 2289 411 2319 V.
427 2289 485 2330 Ep.
499 2289 540 2319 vi.
558 2289 614 2319 13:
642 2289 688 2318 Ea
705 2290 801 2320 varie-

140 2344 203 2368 tate
228 2349 263 2368 ea
288 2338 483 2377 descriptione
507 2338 586 2367 oculi
612 2338 803 2377 reficiuntur.

142 2386 303 2428 Quinque,
325 2387 484 2416 mobilitas.
530 2386 571 2416 Et
589 2387 702 2416 mobilis
716 2387 800 2417 AEso-

140 2438 224 2467 nides
237 2441 284 2467 est
298 2435 425 2466 Heroid.
438 2435 482 2465 vi.
501 2436 560 2466 109
572 2447 581 2475 3
603 2435 658 2466 sed
673 2435 802 2477 vulgata

141 2484 297 2516 servanda
308 2490 432 2526 propter
444 2485 547 2515 vultus
562 2490 592 2515 et
604 2487 720 2526 gratia.
742 2485 802 2516 Pro

132 2534 244 2576 formae
271 2533 421 2564 Heinsius
453 2533 544 2564 malit
575 2545 699 2569 morum,
729 2532 803 2574 quia

142 2581 300 2625 praecessit
315 2584 429 2613 vultus.
464 2582 526 2613 Sed
542 2583 644 2613 vultus
659 2588 691 2613 et
695 2583 803 2624 forma

142 2631 300 2663 differunt.

187 2681 240 2712 46.
264 2681 305 2711 Et
326 2681 407 2711 dabit
427 2686 496 2711 ante
509 2681 627 2721 fidem,·
652 2686 694 2716 et,
716 2686 801 2712 ante-

145 2740 239 2771 quam
267 2729 313 2760 illi
350 2740 440 2771 opem
470 2730 578 2765 feram,
603 2729 803 2771 jurejurando

868 1942 1027 1984 promittet
1056 1953 1110 1973 me
1133 1941 1192 1972 sibi
1228 1951 1355 1972 uxorem
1382 1940 1532 1972 futuram.

870 1993 989 2028 Foedus,
1004 2002 1095 2023 omne
1118 1992 1161 2028 id,
1177 1991 1216 2022 de
1239 2001 1301 2033 quo
1324 1991 1406 2021 inter
1426 1991 1532 2032 plures

868 2041 1024 2072 convenit.

912 2091 965 2122 48.
991 2089 1141 2130 Debebit]
1189 2091 1228 2121 Se
1252 2091 1334 2120 debet
1359 2089 1458 2126 alteri,
1479 2090 1533 2131 qui

870 2140 997 2176 fatetur,
1023 2150 1056 2171 se
1080 2150 1205 2170 omnem
1231 2140 1366 2171 salutem
1391 2149 1480 2170 suam
1503 2139 1532 2170 ei

870 2189 1002 2220 debere:
1042 2189 1148 2220 confer
1176 2200 1239 2220 ver.
1272 2190 1342 2219 164.
1403 2189 1531 2225 Matres,

870 2250 981 2280 nempe
998 2240 1252 2279 Argonautarum
1271 2239 1310 2268 ob
1327 2238 1406 2268 filios
1426 2249 1530 2269 serva-

870 2293 927 2318 tos.
952 2289 1026 2318 Ver.
1041 2288 1114 2318 159.

913 2338 965 2367 53.
990 2336 1102 2375 Nempe
1121 2342 1208 2375 pater
1228 2336 1346 2376 savus]
1396 2336 1532 2377 Elegans

870 2390 918 2416 est
934 2385 983 2416 hic
1004 2396 1078 2415 usus
1094 2384 1178 2415 vocis
1200 2396 1311 2425 nempe,
1328 2384 1380 2426 qui
1396 2392 1534 2417 removet

871 2434 954 2476 quod
974 2434 1131 2475 objectum
1152 2439 1209 2465 est.
1255 2434 1405 2471 Barbara,
1421 2445 1533 2477 nempe

871 2493 887 2513 e
912 2493 1050 2514 sermone
1076 2483 1266 2514 Graecorum.
1312 2484 1411 2519 Soror,
1437 2483 1533 2515 Chal-

870 2533 970 2574 ciope.
1015 2533 1091 2574 Ejus
1111 2538 1142 2563 et
1162 2532 1279 2574 Phryxi
1296 2532 1361 2568 filii,
1377 2533 1416 2563 ab
1431 2533 1533 2574 Argo-

872 2581 975 2612 nautis
990 2582 1022 2612 in
1037 2581 1101 2611 Dia
1124 2581 1227 2612 insula
1246 2581 1369 2622 reperti,
1385 2583 1533 2613 Jasonem

872 2631 912 2662 ad
924 2630 1059 2662 Colchos
1074 2630 1193 2661 ducunt
1207 2630 1360 2671 matrique
1376 2640 1531 2661 commen-

871 2681 966 2718 dant3
990 2691 1060 2721 quae
1073 2679 1208 2711 eundem
1223 2679 1347 2710 Medeae
1363 2679 1455 2710 sorori
1471 2685 1532 2711 tra-

871 2729 928 2759 dit.
953 2728 1110 2770 Hyginus,
1126 2728 1232 2759 fabula
1245 2729 1298 2758 21.
