<?xml version="1.0" encoding="UTF-8"?>
<!DOCTYPE html PUBLIC "-//W3C//DTD XHTML 1.0 Transitional//EN"
    "http://www.w3.org/TR/xhtml1/DTD/xhtml1-transitional.dtd">
<html xmlns="http://www.w3.org/1999/xhtml" xml:lang="en" lang="en">
 <head>
  <title>
</title>
<meta http-equiv="Content-Type" content="text/html;charset=utf-8" />
  <meta name='ocr-system' content='tesseract 3.04.00' />
  <meta name='ocr-capabilities' content='ocr_page ocr_carea ocr_par ocr_line ocrx_word'/>
</head>
<body>
  <div class='ocr_page' id='page_1' title='image "./povidiinasonisop03oviduoft_0068.png"; bbox 0 0 1729 3207; ppageno 0'>
   <div class='ocr_carea' id='block_1_1' title="bbox 214 226 1019 272">
    <p class='ocr_par' dir='ltr' id='par_1_1' title="bbox 214 226 1019 272">
     <span class='ocr_line' id='line_1_1' title="bbox 214 226 1019 272; baseline -0.007 0"><span class='ocrx_word' id='word_1_1' title='bbox 214 232 296 272; x_wconf 80' lang='lat' dir='ltr'><strong>lviii</strong></span> <span class='ocrx_word' id='word_1_2' title='bbox 797 226 1019 267; x_wconf 69' lang='lat' dir='ltr'>SERJES</span> 
     </span>
    </p>
   </div>
   <div class='ocr_carea' id='block_1_2' title="bbox 216 337 1619 2719">
    <p class='ocr_par' dir='ltr' id='par_1_2' title="bbox 216 337 1617 1872">
     <span class='ocr_line' id='line_1_2' title="bbox 275 337 1606 392; baseline -0.005 -8"><span class='ocrx_word' id='word_1_3' title='bbox 275 344 371 384; x_wconf 86' lang='lat' dir='ltr'><strong>Lib.</strong></span> <span class='ocrx_word' id='word_1_4' title='bbox 397 343 476 383; x_wconf 88' lang='lat' dir='ltr'><strong>XI.</strong></span> <span class='ocrx_word' id='word_1_5' title='bbox 511 341 625 382; x_wconf 86' lang='lat' dir='ltr'><strong>Hinc</strong></span> <span class='ocrx_word' id='word_1_6' title='bbox 655 341 850 381; x_wconf 72' lang='lat' dir='ltr'><strong>Thrac-ia:</strong></span> <span class='ocrx_word' id='word_1_7' title='bbox 867 339 1056 379; x_wconf 79' lang='lat' dir='ltr'><strong>mulieres</strong></span> <span class='ocrx_word' id='word_1_8' title='bbox 1071 352 1200 392; x_wconf 87' lang='lat' dir='ltr'><strong>quum</strong></span> <span class='ocrx_word' id='word_1_9' title='bbox 1219 337 1399 391; x_wconf 89' lang='lat' dir='ltr'><strong>Orphea</strong></span> <span class='ocrx_word' id='word_1_10' title='bbox 1419 337 1606 390; x_wconf 86' lang='lat' dir='ltr'><strong>discerp-</strong></span> 
     </span>
     <span class='ocr_line' id='line_1_3' title="bbox 217 413 1607 475; baseline -0.006 -13"><span class='ocrx_word' id='word_1_11' title='bbox 217 423 382 470; x_wconf 72' lang='lat' dir='ltr'><strong>sissent,</strong></span> <span class='ocrx_word' id='word_1_12' title='bbox 404 425 607 475; x_wconf 68' lang='lat' dir='ltr'><strong>setpente,</strong></span> <span class='ocrx_word' id='word_1_13' title='bbox 624 420 697 473; x_wconf 91' lang='lat' dir='ltr'><strong>qui</strong></span> <span class='ocrx_word' id='word_1_14' title='bbox 718 433 764 459; x_wconf 84' lang='lat' dir='ltr'><strong>os</strong></span> <span class='ocrx_word' id='word_1_15' title='bbox 786 419 878 472; x_wconf 88' lang='lat' dir='ltr'><strong>ejus</strong></span> <span class='ocrx_word' id='word_1_16' title='bbox 894 418 1084 471; x_wconf 87' lang='lat' dir='ltr'><strong>petebat,</strong></span> <span class='ocrx_word' id='word_1_17' title='bbox 1103 417 1143 456; x_wconf 91' lang='lat' dir='ltr'><strong>in</strong></span> <span class='ocrx_word' id='word_1_18' title='bbox 1165 416 1346 470; x_wconf 75' lang='lat' dir='ltr'><em>lapidem</em></span> <span class='ocrx_word' id='word_1_19' title='bbox 1366 421 1542 462; x_wconf 89' lang='lat' dir='ltr'><strong>mutato,</strong></span> <span class='ocrx_word' id='word_1_20' title='bbox 1564 413 1607 453; x_wconf 87' lang='lat' dir='ltr'><strong>in</strong></span> 
     </span>
     <span class='ocr_line' id='line_1_4' title="bbox 216 491 1609 548; baseline -0.005 -10"><span class='ocrx_word' id='word_1_21' title='bbox 216 500 388 539; x_wconf 78' lang='lat' dir='ltr'><strong>arbores</strong></span> <span class='ocrx_word' id='word_1_22' title='bbox 409 511 623 539; x_wconf 76' lang='lat' dir='ltr'><strong>conversae</strong></span> <span class='ocrx_word' id='word_1_23' title='bbox 647 503 745 536; x_wconf 87' lang='lat' dir='ltr'><strong>sunt</strong></span> <span class='ocrx_word' id='word_1_24' title='bbox 773 510 798 535; x_wconf 86' lang='lat' dir='ltr'><strong>a</strong></span> <span class='ocrx_word' id='word_1_25' title='bbox 829 494 1018 543; x_wconf 86' lang='lat' dir='ltr'><strong>Baccho,</strong></span> <span class='ocrx_word' id='word_1_26' title='bbox 1041 495 1129 548; x_wconf 92' lang='lat' dir='ltr'><strong>qui,</strong></span> <span class='ocrx_word' id='word_1_27' title='bbox 1151 492 1313 542; x_wconf 81' lang='lat' dir='ltr'><strong>relicta,</strong></span> <span class='ocrx_word' id='word_1_28' title='bbox 1335 493 1391 533; x_wconf 90' lang='lat' dir='ltr'><strong>ob</strong></span> <span class='ocrx_word' id='word_1_29' title='bbox 1411 491 1609 532; x_wconf 86' lang='lat' dir='ltr'><strong>interfec-</strong></span> 
     </span>
     <span class='ocr_line' id='line_1_5' title="bbox 217 569 1608 626; baseline -0.004 -10"><span class='ocrx_word' id='word_1_30' title='bbox 217 584 306 617; x_wconf 88' lang='lat' dir='ltr'><strong>tum</strong></span> <span class='ocrx_word' id='word_1_31' title='bbox 327 582 478 623; x_wconf 82' lang='lat' dir='ltr'><strong>vatem,</strong></span> <span class='ocrx_word' id='word_1_32' title='bbox 501 573 705 622; x_wconf 82' lang='lat' dir='ltr'><strong>Thracia,</strong></span> <span class='ocrx_word' id='word_1_33' title='bbox 727 573 770 612; x_wconf 91' lang='lat' dir='ltr'><strong>in</strong></span> <span class='ocrx_word' id='word_1_34' title='bbox 801 571 1033 626; x_wconf 84' lang='lat' dir='ltr'>Phrygiam</span> <span class='ocrx_word' id='word_1_35' title='bbox 1061 586 1105 612; x_wconf 89' lang='lat' dir='ltr'><strong>se</strong></span> <span class='ocrx_word' id='word_1_36' title='bbox 1134 570 1326 619; x_wconf 86' lang='lat' dir='ltr'><strong>contulit,</strong></span> <span class='ocrx_word' id='word_1_37' title='bbox 1349 570 1423 611; x_wconf 88' lang='lat' dir='ltr'><strong>uhi</strong></span> <span class='ocrx_word' id='word_1_38' title='bbox 1443 569 1608 617; x_wconf 72' lang='lat' dir='ltr'><strong>Midas,</strong></span> 
     </span>
     <span class='ocr_line' id='line_1_6' title="bbox 219 647 1610 707; baseline -0.004 -14"><span class='ocrx_word' id='word_1_39' title='bbox 219 654 286 693; x_wconf 82' lang='lat' dir='ltr'><strong>cui</strong></span> <span class='ocrx_word' id='word_1_40' title='bbox 316 667 394 707; x_wconf 88' lang='lat' dir='ltr'><strong>pro</strong></span> <span class='ocrx_word' id='word_1_41' title='bbox 423 651 567 692; x_wconf 86' lang='lat' dir='ltr'><strong>Sileno</strong></span> <span class='ocrx_word' id='word_1_42' title='bbox 597 651 796 691; x_wconf 85' lang='lat' dir='ltr'><strong>restituto</strong></span> <span class='ocrx_word' id='word_1_43' title='bbox 825 649 920 690; x_wconf 77' lang='lat' dir='ltr'><strong>auri</strong></span> <span class='ocrx_word' id='word_1_44' title='bbox 948 649 1111 704; x_wconf 75' lang='lat' dir='ltr'><strong>copiam</strong></span> <span class='ocrx_word' id='word_1_45' title='bbox 1135 648 1249 690; x_wconf 86' lang='lat' dir='ltr'><strong>fecit.</strong></span> <span class='ocrx_word' id='word_1_46' title='bbox 1311 647 1447 702; x_wconf 74' lang='lat' dir='ltr'><strong>CuJus</strong></span> <span class='ocrx_word' id='word_1_47' title='bbox 1478 660 1610 701; x_wconf 89' lang='lat' dir='ltr'><strong>quum</strong></span> 
     </span>
     <span class='ocr_line' id='line_1_7' title="bbox 217 725 1612 785; baseline -0.004 -14"><span class='ocrx_word' id='word_1_48' title='bbox 217 730 331 771; x_wconf 88' lang='lat' dir='ltr'><strong>illum</strong></span> <span class='ocrx_word' id='word_1_49' title='bbox 352 731 596 785; x_wconf 85' lang='lat' dir='ltr'><strong>poeniteret,</strong></span> <span class='ocrx_word' id='word_1_50' title='bbox 618 730 660 769; x_wconf 91' lang='lat' dir='ltr'><strong>in</strong></span> <span class='ocrx_word' id='word_1_51' title='bbox 680 729 854 769; x_wconf 81' lang='lat' dir='ltr'><em>Pactolo</em></span> <span class='ocrx_word' id='word_1_52' title='bbox 875 727 988 769; x_wconf 83' lang='lat' dir='ltr'><strong>lotus</strong></span> <span class='ocrx_word' id='word_1_53' title='bbox 1009 742 1162 769; x_wconf 76' lang='lat' dir='ltr'><strong>arenas</strong></span> <span class='ocrx_word' id='word_1_54' title='bbox 1182 729 1274 782; x_wconf 82' lang='lat' dir='ltr'><strong>ejus</strong></span> <span class='ocrx_word' id='word_1_55' title='bbox 1295 740 1450 767; x_wconf 77' lang='lat' dir='ltr'><strong>aureas</strong></span> <span class='ocrx_word' id='word_1_56' title='bbox 1468 725 1612 766; x_wconf 87' lang='lat' dir='ltr'><strong>reddi-</strong></span> 
     </span>
     <span class='ocr_line' id='line_1_8' title="bbox 219 803 1611 859; baseline -0.004 -11"><span class='ocrx_word' id='word_1_57' title='bbox 219 809 295 848; x_wconf 83' lang='lat' dir='ltr'><strong>dit.</strong></span> <span class='ocrx_word' id='word_1_58' title='bbox 347 807 504 848; x_wconf 78' lang='lat' dir='ltr'><strong>Postea</strong></span> <span class='ocrx_word' id='word_1_59' title='bbox 530 806 725 846; x_wconf 79' lang='lat' dir='ltr'><strong>Phoebus</strong></span> <span class='ocrx_word' id='word_1_60' title='bbox 747 820 826 859; x_wconf 86' lang='lat' dir='ltr'><strong>pro</strong></span> <span class='ocrx_word' id='word_1_61' title='bbox 847 805 992 858; x_wconf 88' lang='lat' dir='ltr'><strong>iniquo</strong></span> <span class='ocrx_word' id='word_1_62' title='bbox 1009 806 1172 859; x_wconf 81' lang='lat' dir='ltr'><strong>judicio</strong></span> <span class='ocrx_word' id='word_1_63' title='bbox 1194 819 1319 846; x_wconf 79' lang='lat' dir='ltr'><strong>aures</strong></span> <span class='ocrx_word' id='word_1_64' title='bbox 1342 803 1401 844; x_wconf 91' lang='lat' dir='ltr'><strong>illi</strong></span> <span class='ocrx_word' id='word_1_65' title='bbox 1421 803 1611 844; x_wconf 76' lang='lat' dir='ltr'><strong>asininas</strong></span> 
     </span>
     <span class='ocr_line' id='line_1_9' title="bbox 221 881 1613 937; baseline -0.004 -12"><span class='ocrx_word' id='word_1_66' title='bbox 221 886 380 926; x_wconf 78' lang='lat' dir='ltr'><strong>tribuit.</strong></span> <span class='ocrx_word' id='word_1_67' title='bbox 444 884 544 930; x_wconf 79' lang='lat' dir='ltr'><strong>Quo</strong></span> <span class='ocrx_word' id='word_1_68' title='bbox 569 884 696 933; x_wconf 79' lang='lat' dir='ltr'><strong>facto,</strong></span> <span class='ocrx_word' id='word_1_69' title='bbox 719 883 897 936; x_wconf 70' lang='lat' dir='ltr'><strong>&#39;frojam</strong></span> <span class='ocrx_word' id='word_1_70' title='bbox 919 883 1136 936; x_wconf 80' lang='lat' dir='ltr'><strong>profectus</strong></span> <span class='ocrx_word' id='word_1_71' title='bbox 1158 881 1333 937; x_wconf 81' lang='lat' dir='ltr'>Apollo,</span> <span class='ocrx_word' id='word_1_72' title='bbox 1355 881 1613 922; x_wconf 81' lang='lat' dir='ltr'><strong>Laomedon-</strong></span> 
     </span>
     <span class='ocr_line' id='line_1_10' title="bbox 220 959 1612 1015; baseline -0.004 -12"><span class='ocrx_word' id='word_1_73' title='bbox 220 970 298 1003; x_wconf 76' lang='lat' dir='ltr'><strong>tem</strong></span> <span class='ocrx_word' id='word_1_74' title='bbox 339 977 480 1002; x_wconf 62' lang='lat' dir='ltr'><strong>muros</strong></span> <span class='ocrx_word' id='word_1_75' title='bbox 515 961 729 1014; x_wconf 79' lang='lat' dir='ltr'><strong>Trojanos</strong></span> <span class='ocrx_word' id='word_1_76' title='bbox 770 968 1060 1001; x_wconf 80' lang='lat' dir='ltr'><strong>exstruentem</strong></span> <span class='ocrx_word' id='word_1_77' title='bbox 1099 960 1273 1015; x_wconf 86' lang='lat' dir='ltr'><strong>adjuvit.</strong></span> <span class='ocrx_word' id='word_1_78' title='bbox 1336 959 1485 999; x_wconf 76' lang='lat' dir='ltr'><strong>Filiam</strong></span> <span class='ocrx_word' id='word_1_79' title='bbox 1520 959 1612 1012; x_wconf 87' lang='lat' dir='ltr'><strong>ejus</strong></span> 
     </span>
     <span class='ocr_line' id='line_1_11' title="bbox 224 1037 1612 1093; baseline -0.003 -13"><span class='ocrx_word' id='word_1_80' title='bbox 224 1040 450 1087; x_wconf 72' lang='lat' dir='ltr'><strong>Hesionen,</strong></span> <span class='ocrx_word' id='word_1_81' title='bbox 487 1054 589 1079; x_wconf 80' lang='lat' dir='ltr'><strong>saxo</strong></span> <span class='ocrx_word' id='word_1_82' title='bbox 629 1038 855 1093; x_wconf 76' lang='lat' dir='ltr'><strong>alligatam,</strong></span> <span class='ocrx_word' id='word_1_83' title='bbox 891 1037 1088 1078; x_wconf 85' lang='lat' dir='ltr'><strong>liberavit</strong></span> <span class='ocrx_word' id='word_1_84' title='bbox 1121 1037 1348 1085; x_wconf 82' lang='lat' dir='ltr'><strong>Hercules,</strong></span> <span class='ocrx_word' id='word_1_85' title='bbox 1386 1038 1612 1091; x_wconf 86' lang='lat' dir='ltr'><strong>conjugem</strong></span> 
     </span>
     <span class='ocr_line' id='line_1_12' title="bbox 222 1113 1613 1170; baseline -0.004 -12"><span class='ocrx_word' id='word_1_86' title='bbox 222 1126 362 1159; x_wconf 86' lang='lat' dir='ltr'><strong>autem</strong></span> <span class='ocrx_word' id='word_1_87' title='bbox 410 1118 534 1158; x_wconf 82' lang='lat' dir='ltr'><strong>duxit</strong></span> <span class='ocrx_word' id='word_1_88' title='bbox 581 1118 790 1165; x_wconf 72' lang='lat' dir='ltr'><strong>Telamon,</strong></span> <span class='ocrx_word' id='word_1_89' title='bbox 831 1116 1190 1170; x_wconf 81' lang='lat' dir='ltr'>quemadmodum</span> <span class='ocrx_word' id='word_1_90' title='bbox 1232 1115 1384 1155; x_wconf 71' lang='lat' dir='ltr'><strong>Peleus</strong></span> <span class='ocrx_word' id='word_1_91' title='bbox 1421 1113 1613 1154; x_wconf 84' lang='lat' dir='ltr'><strong>Thetida</strong></span> 
     </span>
     <span class='ocr_line' id='line_1_13' title="bbox 220 1191 1614 1248; baseline -0.004 -12"><span class='ocrx_word' id='word_1_92' title='bbox 220 1196 526 1237; x_wconf 78' lang='lat' dir='ltr'><strong>transformem.</strong></span> <span class='ocrx_word' id='word_1_93' title='bbox 586 1196 628 1235; x_wconf 82' lang='lat' dir='ltr'><strong>Is</strong></span> <span class='ocrx_word' id='word_1_94' title='bbox 655 1195 710 1236; x_wconf 82' lang='lat' dir='ltr'><strong>ad</strong></span> <span class='ocrx_word' id='word_1_95' title='bbox 736 1194 918 1248; x_wconf 85' lang='lat' dir='ltr'><strong>Ceycem</strong></span> <span class='ocrx_word' id='word_1_96' title='bbox 950 1201 1102 1248; x_wconf 84' lang='lat' dir='ltr'><strong>postea</strong></span> <span class='ocrx_word' id='word_1_97' title='bbox 1133 1193 1365 1247; x_wconf 80' lang='lat' dir='ltr'><strong>profectus,</strong></span> <span class='ocrx_word' id='word_1_98' title='bbox 1394 1191 1614 1233; x_wconf 65' lang='lat' dir='ltr'><strong>Daedalio-</strong></span> 
     </span>
     <span class='ocr_line' id='line_1_14' title="bbox 222 1269 1613 1329; baseline -0.005 -14"><span class='ocrx_word' id='word_1_99' title='bbox 222 1290 310 1316; x_wconf 75' lang='lat' dir='ltr'><strong>nem</strong></span> <span class='ocrx_word' id='word_1_100' title='bbox 338 1275 379 1315; x_wconf 88' lang='lat' dir='ltr'><strong>in</strong></span> <span class='ocrx_word' id='word_1_101' title='bbox 407 1275 665 1329; x_wconf 71' lang='lat' dir='ltr'><strong>accipitrem,</strong></span> <span class='ocrx_word' id='word_1_102' title='bbox 689 1282 730 1315; x_wconf 90' lang='lat' dir='ltr'><strong>et</strong></span> <span class='ocrx_word' id='word_1_103' title='bbox 758 1274 897 1328; x_wconf 74' lang='lat' dir='ltr'><strong>lupum</strong></span> <span class='ocrx_word' id='word_1_104' title='bbox 925 1273 968 1313; x_wconf 90' lang='lat' dir='ltr'><strong>in</strong></span> <span class='ocrx_word' id='word_1_105' title='bbox 995 1287 1142 1313; x_wconf 79' lang='lat' dir='ltr'><strong>Saxum</strong></span> <span class='ocrx_word' id='word_1_106' title='bbox 1174 1270 1437 1319; x_wconf 68' lang='lat' dir='ltr'><strong>conversum,</strong></span> <span class='ocrx_word' id='word_1_107' title='bbox 1459 1269 1613 1324; x_wconf 86' lang='lat' dir='ltr'><strong>partim</strong></span> 
     </span>
     <span class='ocr_line' id='line_1_15' title="bbox 222 1346 1614 1406; baseline -0.004 -13"><span class='ocrx_word' id='word_1_108' title='bbox 222 1351 502 1401; x_wconf 76' lang='lat' dir='ltr'><strong>intellexerat,</strong></span> <span class='ocrx_word' id='word_1_109' title='bbox 525 1352 678 1406; x_wconf 84' lang='lat' dir='ltr'><strong>partim</strong></span> <span class='ocrx_word' id='word_1_110' title='bbox 709 1353 800 1405; x_wconf 85' lang='lat' dir='ltr'><strong>ipse</strong></span> <span class='ocrx_word' id='word_1_111' title='bbox 822 1351 1001 1392; x_wconf 86' lang='lat' dir='ltr'><strong>viderat.</strong></span> <span class='ocrx_word' id='word_1_112' title='bbox 1055 1350 1142 1391; x_wconf 77' lang='lat' dir='ltr'><strong>Sed</strong></span> <span class='ocrx_word' id='word_1_113' title='bbox 1168 1350 1289 1403; x_wconf 70' lang='lat' dir='ltr'><strong>Ceyx</strong></span> <span class='ocrx_word' id='word_1_114' title='bbox 1312 1349 1355 1388; x_wconf 91' lang='lat' dir='ltr'><strong>in</strong></span> <span class='ocrx_word' id='word_1_115' title='bbox 1382 1348 1532 1389; x_wconf 86' lang='lat' dir='ltr'><strong>itinere</strong></span> <span class='ocrx_word' id='word_1_116' title='bbox 1560 1346 1614 1387; x_wconf 87' lang='lat' dir='ltr'><strong>ad</strong></span> 
     </span>
     <span class='ocr_line' id='line_1_16' title="bbox 223 1425 1616 1484; baseline -0.003 -14"><span class='ocrx_word' id='word_1_117' title='bbox 223 1429 441 1471; x_wconf 86' lang='lat' dir='ltr'><strong>oraculum</strong></span> <span class='ocrx_word' id='word_1_118' title='bbox 463 1429 651 1470; x_wconf 78' lang='lat' dir='ltr'><strong>Clarium</strong></span> <span class='ocrx_word' id='word_1_119' title='bbox 680 1436 880 1484; x_wconf 83' lang='lat' dir='ltr'><strong>suscepto</strong></span> <span class='ocrx_word' id='word_1_120' title='bbox 901 1430 1029 1484; x_wconf 87' lang='lat' dir='ltr'><strong>periit</strong></span> <span class='ocrx_word' id='word_1_121' title='bbox 1050 1428 1285 1482; x_wconf 85' lang='lat' dir='ltr'><strong>naufragio.</strong></span> <span class='ocrx_word' id='word_1_122' title='bbox 1349 1426 1522 1468; x_wconf 85' lang='lat' dir='ltr'><strong>Accidit</strong></span> <span class='ocrx_word' id='word_1_123' title='bbox 1542 1425 1616 1466; x_wconf 88' lang='lat' dir='ltr'><strong>de-</strong></span> 
     </span>
     <span class='ocr_line' id='line_1_17' title="bbox 223 1503 1616 1560; baseline -0.003 -13"><span class='ocrx_word' id='word_1_124' title='bbox 223 1508 334 1556; x_wconf 84' lang='lat' dir='ltr'><strong>inde,</strong></span> <span class='ocrx_word' id='word_1_125' title='bbox 365 1514 411 1547; x_wconf 90' lang='lat' dir='ltr'><strong>ut</strong></span> <span class='ocrx_word' id='word_1_126' title='bbox 439 1507 679 1560; x_wconf 72' lang='lat' dir='ltr'><strong>Halcyone,</strong></span> <span class='ocrx_word' id='word_1_127' title='bbox 707 1507 857 1547; x_wconf 86' lang='lat' dir='ltr'><strong>marito</strong></span> <span class='ocrx_word' id='word_1_128' title='bbox 884 1513 982 1560; x_wconf 87' lang='lat' dir='ltr'><strong>post</strong></span> <span class='ocrx_word' id='word_1_129' title='bbox 1008 1504 1277 1560; x_wconf 84' lang='lat' dir='ltr'><strong>naufragium</strong></span> <span class='ocrx_word' id='word_1_130' title='bbox 1309 1505 1389 1545; x_wconf 79' lang='lat' dir='ltr'><strong>sub</strong></span> <span class='ocrx_word' id='word_1_131' title='bbox 1414 1503 1616 1558; x_wconf 73' lang='lat' dir='ltr'><strong>Illorphei</strong></span> 
     </span>
     <span class='ocr_line' id='line_1_18' title="bbox 222 1584 1613 1639; baseline -0.002 -14"><span class='ocrx_word' id='word_1_132' title='bbox 222 1586 361 1639; x_wconf 81' lang='lat' dir='ltr'><strong>figura</strong></span> <span class='ocrx_word' id='word_1_133' title='bbox 397 1584 630 1625; x_wconf 75' lang='lat' dir='ltr'><strong>secundum</strong></span> <span class='ocrx_word' id='word_1_134' title='bbox 653 1584 839 1637; x_wconf 82' lang='lat' dir='ltr'><strong>quietem</strong></span> <span class='ocrx_word' id='word_1_135' title='bbox 871 1591 1117 1638; x_wconf 83' lang='lat' dir='ltr'><strong>conspecto,</strong></span> <span class='ocrx_word' id='word_1_136' title='bbox 1146 1584 1190 1623; x_wconf 90' lang='lat' dir='ltr'><strong>in</strong></span> <span class='ocrx_word' id='word_1_137' title='bbox 1217 1584 1448 1637; x_wconf 70' lang='lat' dir='ltr'><strong>lea-leyonen</strong></span> <span class='ocrx_word' id='word_1_138' title='bbox 1479 1596 1613 1630; x_wconf 88' lang='lat' dir='ltr'><strong>avem,</strong></span> 
     </span>
     <span class='ocr_line' id='line_1_19' title="bbox 225 1661 1617 1716; baseline -0.001 -15"><span class='ocrx_word' id='word_1_139' title='bbox 225 1663 332 1703; x_wconf 67' lang='lat' dir='ltr'><strong>sieut</strong></span> <span class='ocrx_word' id='word_1_140' title='bbox 352 1669 394 1702; x_wconf 86' lang='lat' dir='ltr'><strong>et</strong></span> <span class='ocrx_word' id='word_1_141' title='bbox 416 1662 602 1709; x_wconf 80' lang='lat' dir='ltr'><strong>maritus,</strong></span> <span class='ocrx_word' id='word_1_142' title='bbox 625 1669 874 1703; x_wconf 83' lang='lat' dir='ltr'><strong>mutaretur.</strong></span> <span class='ocrx_word' id='word_1_143' title='bbox 930 1663 1051 1709; x_wconf 82' lang='lat' dir='ltr'><strong>Quos</strong></span> <span class='ocrx_word' id='word_1_144' title='bbox 1073 1662 1260 1703; x_wconf 84' lang='lat' dir='ltr'><strong>volantes</strong></span> <span class='ocrx_word' id='word_1_145' title='bbox 1277 1676 1410 1716; x_wconf 84' lang='lat' dir='ltr'><strong>quum</strong></span> <span class='ocrx_word' id='word_1_146' title='bbox 1431 1661 1617 1701; x_wconf 82' lang='lat' dir='ltr'><strong>animad-</strong></span> 
     </span>
     <span class='ocr_line' id='line_1_20' title="bbox 224 1739 1616 1794; baseline -0.001 -14"><span class='ocrx_word' id='word_1_147' title='bbox 224 1742 447 1781; x_wconf 79' lang='lat' dir='ltr'><strong>vertissent</strong></span> <span class='ocrx_word' id='word_1_148' title='bbox 480 1740 667 1794; x_wconf 80' lang='lat' dir='ltr'><strong>quidam,</strong></span> <span class='ocrx_word' id='word_1_149' title='bbox 701 1740 924 1789; x_wconf 64' lang='lat' dir='ltr'><strong>AEi‘saeum,</strong></span> <span class='ocrx_word' id='word_1_150' title='bbox 955 1740 1111 1780; x_wconf 81' lang='lat' dir='ltr'><strong>Priami</strong></span> <span class='ocrx_word' id='word_1_151' title='bbox 1143 1739 1290 1789; x_wconf 87' lang='lat' dir='ltr'><strong>filium,</strong></span> <span class='ocrx_word' id='word_1_152' title='bbox 1321 1739 1535 1794; x_wconf 83' lang='lat' dir='ltr'><strong>quondam</strong></span> <span class='ocrx_word' id='word_1_153' title='bbox 1573 1739 1616 1778; x_wconf 89' lang='lat' dir='ltr'><strong>in</strong></span> 
     </span>
     <span class='ocr_line' id='line_1_21' title="bbox 225 1817 1566 1872; baseline 0 -15"><span class='ocrx_word' id='word_1_154' title='bbox 225 1832 422 1872; x_wconf 72' lang='lat' dir='ltr'><strong>mergum,</strong></span> <span class='ocrx_word' id='word_1_155' title='bbox 444 1817 518 1870; x_wconf 90' lang='lat' dir='ltr'><strong>qui</strong></span> <span class='ocrx_word' id='word_1_156' title='bbox 539 1825 626 1856; x_wconf 85' lang='lat' dir='ltr'><strong>tum</strong></span> <span class='ocrx_word' id='word_1_157' title='bbox 648 1817 756 1857; x_wconf 86' lang='lat' dir='ltr'><strong>forte</strong></span> <span class='ocrx_word' id='word_1_158' title='bbox 778 1818 940 1865; x_wconf 76' lang='lat' dir='ltr'><strong>aderat,</strong></span> <span class='ocrx_word' id='word_1_159' title='bbox 963 1819 1188 1858; x_wconf 73' lang='lat' dir='ltr'><strong>meminere</strong></span> <span class='ocrx_word' id='word_1_160' title='bbox 1210 1817 1566 1858; x_wconf 87' lang='lat' dir='ltr'><strong>transformatum.</strong></span> 
     </span>
    </p>

    <p class='ocr_par' dir='ltr' id='par_1_3' title="bbox 227 1894 1619 2719">
     <span class='ocr_line' id='line_1_22' title="bbox 284 1894 1616 1949; baseline 0.001 -15"><span class='ocrx_word' id='word_1_161' title='bbox 284 1895 381 1935; x_wconf 82' lang='lat' dir='ltr'><strong>Lib.</strong></span> <span class='ocrx_word' id='word_1_162' title='bbox 407 1894 510 1934; x_wconf 85' lang='grc' dir='ltr'><strong>ΧΙῘ.</strong></span> <span class='ocrx_word' id='word_1_163' title='bbox 546 1894 661 1934; x_wconf 76' lang='lat' dir='ltr'><strong>Huic</strong></span> <span class='ocrx_word' id='word_1_164' title='bbox 694 1902 782 1935; x_wconf 80' lang='lat' dir='ltr'><strong>tum</strong></span> <span class='ocrx_word' id='word_1_165' title='bbox 810 1894 1008 1935; x_wconf 60' lang='lat' dir='ltr'><strong>Pf‘z‘smms</strong></span> <span class='ocrx_word' id='word_1_166' title='bbox 1039 1902 1175 1949; x_wconf 84' lang='lat' dir='ltr'><strong>pater,</strong></span> <span class='ocrx_word' id='word_1_167' title='bbox 1206 1903 1406 1949; x_wconf 83' lang='lat' dir='ltr'><strong>tanquam</strong></span> <span class='ocrx_word' id='word_1_168' title='bbox 1433 1902 1616 1944; x_wconf 88' lang='lat' dir='ltr'><strong>mortuo,</strong></span> 
     </span>
     <span class='ocr_line' id='line_1_23' title="bbox 227 1972 1618 2028; baseline 0.001 -15"><span class='ocrx_word' id='word_1_169' title='bbox 227 1973 450 2026; x_wconf 80' lang='lat' dir='ltr'><strong>exsequias</strong></span> <span class='ocrx_word' id='word_1_170' title='bbox 471 1972 570 2013; x_wconf 64' lang='lat' dir='ltr'><strong>fecit</strong></span> <span class='ocrx_word' id='word_1_171' title='bbox 591 1987 673 2013; x_wconf 84' lang='lat' dir='ltr'><strong>una</strong></span> <span class='ocrx_word' id='word_1_172' title='bbox 695 1987 789 2014; x_wconf 89' lang='lat' dir='ltr'><strong>cum</strong></span> <span class='ocrx_word' id='word_1_173' title='bbox 809 1972 921 2021; x_wconf 81' lang='lat' dir='ltr'><strong>filiis,</strong></span> <span class='ocrx_word' id='word_1_174' title='bbox 944 1981 1127 2028; x_wconf 78' lang='lat' dir='ltr'><strong>excepto</strong></span> <span class='ocrx_word' id='word_1_175' title='bbox 1149 1974 1322 2022; x_wconf 72' lang='lat' dir='ltr'><strong>Paride,</strong></span> <span class='ocrx_word' id='word_1_176' title='bbox 1340 1973 1413 2027; x_wconf 83' lang='lat' dir='ltr'><strong>qui</strong></span> <span class='ocrx_word' id='word_1_177' title='bbox 1435 1974 1476 2013; x_wconf 90' lang='lat' dir='ltr'><strong>in</strong></span> <span class='ocrx_word' id='word_1_178' title='bbox 1494 1973 1618 2014; x_wconf 86' lang='lat' dir='ltr'><strong>Grae-</strong></span> 
     </span>
     <span class='ocr_line' id='line_1_24' title="bbox 228 2050 1617 2106; baseline 0 -14"><span class='ocrx_word' id='word_1_179' title='bbox 228 2052 334 2092; x_wconf 84' lang='lat' dir='ltr'><strong>ciam</strong></span> <span class='ocrx_word' id='word_1_180' title='bbox 365 2050 584 2105; x_wconf 81' lang='lat' dir='ltr'><strong>profectus</strong></span> <span class='ocrx_word' id='word_1_181' title='bbox 621 2051 829 2091; x_wconf 80' lang='lat' dir='ltr'><strong>Helenam</strong></span> <span class='ocrx_word' id='word_1_182' title='bbox 864 2053 1020 2106; x_wconf 82' lang='lat' dir='ltr'><strong>rapuit.</strong></span> <span class='ocrx_word' id='word_1_183' title='bbox 1084 2052 1320 2106; x_wconf 78' lang='lat' dir='ltr'><strong>Raptorem</strong></span> <span class='ocrx_word' id='word_1_184' title='bbox 1353 2052 1488 2092; x_wconf 83' lang='lat' dir='ltr'><strong>secuti</strong></span> <span class='ocrx_word' id='word_1_185' title='bbox 1518 2060 1617 2092; x_wconf 89' lang='lat' dir='ltr'><strong>sunt</strong></span> 
     </span>
     <span class='ocr_line' id='line_1_25' title="bbox 231 2127 1619 2185; baseline 0.003 -17"><span class='ocrx_word' id='word_1_186' title='bbox 231 2128 389 2177; x_wconf 83' lang='lat' dir='ltr'><strong>Graeci‚</strong></span> <span class='ocrx_word' id='word_1_187' title='bbox 412 2135 637 2182; x_wconf 84' lang='lat' dir='ltr'><strong>postquam</strong></span> <span class='ocrx_word' id='word_1_188' title='bbox 659 2127 832 2177; x_wconf 80' lang='lat' dir='ltr'><strong>Aulide,</strong></span> <span class='ocrx_word' id='word_1_189' title='bbox 850 2136 1040 2183; x_wconf 73' lang='lat' dir='ltr'><strong>serpente</strong></span> <span class='ocrx_word' id='word_1_190' title='bbox 1060 2131 1246 2183; x_wconf 85' lang='lat' dir='ltr'><strong>quodam</strong></span> <span class='ocrx_word' id='word_1_191' title='bbox 1266 2131 1307 2170; x_wconf 88' lang='lat' dir='ltr'><strong>in</strong></span> <span class='ocrx_word' id='word_1_192' title='bbox 1329 2131 1510 2185; x_wconf 70' lang='lat' dir='ltr'><strong>lapidem</strong></span> <span class='ocrx_word' id='word_1_193' title='bbox 1530 2145 1619 2172; x_wconf 85' lang='lat' dir='ltr'><strong>mu-</strong></span> 
     </span>
     <span class='ocr_line' id='line_1_26' title="bbox 227 2206 1617 2263; baseline 0.001 -16"><span class='ocrx_word' id='word_1_194' title='bbox 227 2214 331 2257; x_wconf 80' lang='lat' dir='ltr'><strong>tato,</strong></span> <span class='ocrx_word' id='word_1_195' title='bbox 354 2207 536 2247; x_wconf 86' lang='lat' dir='ltr'><strong>Dianam</strong></span> <span class='ocrx_word' id='word_1_196' title='bbox 562 2206 730 2260; x_wconf 80' lang='lat' dir='ltr'><strong>placare</strong></span> <span class='ocrx_word' id='word_1_197' title='bbox 751 2207 972 2248; x_wconf 83' lang='lat' dir='ltr'><strong>voluerant</strong></span> <span class='ocrx_word' id='word_1_198' title='bbox 992 2208 1221 2263; x_wconf 68' lang='lat' dir='ltr'><strong>Iphigenia</strong></span> <span class='ocrx_word' id='word_1_199' title='bbox 1249 2207 1405 2258; x_wconf 77' lang='lat' dir='ltr'><strong>oblata,</strong></span> <span class='ocrx_word' id='word_1_200' title='bbox 1428 2209 1496 2249; x_wconf 86' lang='lat' dir='ltr'><strong>cui</strong></span> <span class='ocrx_word' id='word_1_201' title='bbox 1518 2223 1617 2249; x_wconf 83' lang='lat' dir='ltr'><strong>vero</strong></span> 
     </span>
     <span class='ocr_line' id='line_1_27' title="bbox 227 2284 1619 2339; baseline 0.001 -14"><span class='ocrx_word' id='word_1_202' title='bbox 227 2291 399 2325; x_wconf 88' lang='lat' dir='ltr'><strong>mutatae</strong></span> <span class='ocrx_word' id='word_1_203' title='bbox 427 2284 523 2324; x_wconf 73' lang='lat' dir='ltr'><strong>Dea</strong></span> <span class='ocrx_word' id='word_1_204' title='bbox 551 2285 766 2325; x_wconf 69' lang='lat' dir='ltr'><strong>substituit</strong></span> <span class='ocrx_word' id='word_1_205' title='bbox 795 2298 973 2324; x_wconf 83' lang='lat' dir='ltr'><strong>cervam.</strong></span> <span class='ocrx_word' id='word_1_206' title='bbox 1037 2284 1215 2339; x_wconf 77' lang='lat' dir='ltr'><strong>Trojani</strong></span> <span class='ocrx_word' id='word_1_207' title='bbox 1243 2300 1374 2338; x_wconf 85' lang='lat' dir='ltr'><strong>quum</strong></span> <span class='ocrx_word' id='word_1_208' title='bbox 1404 2284 1514 2326; x_wconf 81' lang='lat' dir='ltr'><strong>fama</strong></span> <span class='ocrx_word' id='word_1_209' title='bbox 1546 2286 1619 2326; x_wconf 87' lang='lat' dir='ltr'><strong>ad-</strong></span> 
     </span>
     <span class='ocr_line' id='line_1_28' title="bbox 229 2362 1615 2417; baseline 0 -14"><span class='ocrx_word' id='word_1_210' title='bbox 229 2369 400 2403; x_wconf 88' lang='lat' dir='ltr'><strong>ventum</strong></span> <span class='ocrx_word' id='word_1_211' title='bbox 436 2362 687 2402; x_wconf 76' lang='lat' dir='ltr'><strong>Graecorum</strong></span> <span class='ocrx_word' id='word_1_212' title='bbox 720 2363 1030 2415; x_wconf 65' lang='lat' dir='ltr'><strong>cognovissent,</strong></span> <span class='ocrx_word' id='word_1_213' title='bbox 1059 2363 1207 2403; x_wconf 82' lang='lat' dir='ltr'><strong>armati</strong></span> <span class='ocrx_word' id='word_1_214' title='bbox 1238 2377 1311 2403; x_wconf 86' lang='lat' dir='ltr'><strong>eos</strong></span> <span class='ocrx_word' id='word_1_215' title='bbox 1350 2369 1615 2417; x_wconf 82' lang='lat' dir='ltr'><strong>exspectant.</strong></span> 
     </span>
     <span class='ocr_line' id='line_1_29' title="bbox 230 2438 1617 2495; baseline 0.001 -16"><span class='ocrx_word' id='word_1_216' title='bbox 230 2438 372 2479; x_wconf 87' lang='lat' dir='ltr'><strong>Primo</strong></span> <span class='ocrx_word' id='word_1_217' title='bbox 395 2439 532 2478; x_wconf 82' lang='lat' dir='ltr'><strong>statim</strong></span> <span class='ocrx_word' id='word_1_218' title='bbox 556 2454 785 2493; x_wconf 75' lang='lat' dir='ltr'><strong>congressu</strong></span> <span class='ocrx_word' id='word_1_219' title='bbox 812 2440 991 2495; x_wconf 74' lang='lat' dir='ltr'><strong>Cycnus,</strong></span> <span class='ocrx_word' id='word_1_220' title='bbox 1014 2441 1068 2480; x_wconf 85' lang='lat' dir='ltr'><strong>ab</strong></span> <span class='ocrx_word' id='word_1_221' title='bbox 1090 2440 1259 2481; x_wconf 84' lang='lat' dir='ltr'><strong>Achille</strong></span> <span class='ocrx_word' id='word_1_222' title='bbox 1284 2455 1411 2494; x_wconf 86' lang='lat' dir='ltr'><strong>super</strong></span> <span class='ocrx_word' id='word_1_223' title='bbox 1432 2440 1617 2495; x_wconf 86' lang='lat' dir='ltr'><strong>lapidem</strong></span> 
     </span>
     <span class='ocr_line' id='line_1_30' title="bbox 228 2518 1615 2571; baseline 0.002 -15"><span class='ocrx_word' id='word_1_224' title='bbox 228 2524 417 2565; x_wconf 71' lang='lat' dir='ltr'><strong>necatus,</strong></span> <span class='ocrx_word' id='word_1_225' title='bbox 441 2518 700 2557; x_wconf 83' lang='lat' dir='ltr'><strong>convertitur</strong></span> <span class='ocrx_word' id='word_1_226' title='bbox 732 2533 756 2557; x_wconf 87' lang='lat' dir='ltr'><strong>a</strong></span> <span class='ocrx_word' id='word_1_227' title='bbox 790 2518 998 2571; x_wconf 82' lang='lat' dir='ltr'><strong>Neptuno</strong></span> <span class='ocrx_word' id='word_1_228' title='bbox 1025 2519 1066 2557; x_wconf 85' lang='lat' dir='ltr'><strong>in</strong></span> <span class='ocrx_word' id='word_1_229' title='bbox 1094 2533 1210 2558; x_wconf 73' lang='lat' dir='ltr'><strong>arem</strong></span> <span class='ocrx_word' id='word_1_230' title='bbox 1239 2519 1304 2558; x_wconf 85' lang='lat' dir='ltr'><strong>sui</strong></span> <span class='ocrx_word' id='word_1_231' title='bbox 1331 2519 1521 2559; x_wconf 88' lang='lat' dir='ltr'><strong>nominis.</strong></span> <span class='ocrx_word' id='word_1_232' title='bbox 1573 2518 1615 2559; x_wconf 89' lang='lat' dir='ltr'><strong>Is</strong></span> 
     </span>
     <span class='ocr_line' id='line_1_31' title="bbox 228 2594 1616 2649; baseline 0.002 -16"><span class='ocrx_word' id='word_1_233' title='bbox 228 2602 384 2639; x_wconf 78' lang='lat' dir='ltr'><strong>autem,</strong></span> <span class='ocrx_word' id='word_1_234' title='bbox 407 2595 478 2648; x_wconf 85' lang='lat' dir='ltr'><strong>qui</strong></span> <span class='ocrx_word' id='word_1_235' title='bbox 509 2594 591 2634; x_wconf 80' lang='lat' dir='ltr'><strong>telo</strong></span> <span class='ocrx_word' id='word_1_236' title='bbox 620 2595 734 2635; x_wconf 81' lang='lat' dir='ltr'><strong>nullo</strong></span> <span class='ocrx_word' id='word_1_237' title='bbox 755 2595 900 2636; x_wconf 80' lang='lat' dir='ltr'><strong>violari</strong></span> <span class='ocrx_word' id='word_1_238' title='bbox 929 2603 1138 2649; x_wconf 80' lang='lat' dir='ltr'><strong>potuerat,</strong></span> <span class='ocrx_word' id='word_1_239' title='bbox 1162 2597 1203 2636; x_wconf 88' lang='lat' dir='ltr'><strong>in</strong></span> <span class='ocrx_word' id='word_1_240' title='bbox 1225 2596 1414 2636; x_wconf 71' lang='lat' dir='ltr'><strong>convivio</strong></span> <span class='ocrx_word' id='word_1_241' title='bbox 1439 2595 1616 2637; x_wconf 88' lang='lat' dir='ltr'><strong>heroum</strong></span> 
     </span>
     <span class='ocr_line' id='line_1_32' title="bbox 229 2671 1616 2719; baseline 0.003 -8"><span class='ocrx_word' id='word_1_242' title='bbox 229 2671 406 2712; x_wconf 71' lang='lat' dir='ltr'><strong>Nestori</strong></span> <span class='ocrx_word' id='word_1_243' title='bbox 438 2673 479 2711; x_wconf 85' lang='lat' dir='ltr'><strong>iu</strong></span> <span class='ocrx_word' id='word_1_244' title='bbox 520 2674 758 2713; x_wconf 75' lang='lat' dir='ltr'><strong>memoriam</strong></span> <span class='ocrx_word' id='word_1_245' title='bbox 798 2675 1023 2715; x_wconf 80' lang='lat' dir='ltr'><strong>revocabat</strong></span> <span class='ocrx_word' id='word_1_246' title='bbox 1060 2683 1142 2715; x_wconf 85' lang='lat' dir='ltr'><strong>tam</strong></span> <span class='ocrx_word' id='word_1_247' title='bbox 1181 2676 1347 2719; x_wconf 66' lang='lat' dir='ltr'><strong>Genea,</strong></span> <span class='ocrx_word' id='word_1_248' title='bbox 1381 2674 1616 2716; x_wconf 78' lang='lat' dir='ltr'><strong>invulnera-</strong></span> 
     </span>
    </p>
   </div>
   <div class='ocr_carea' id='block_1_3' title="bbox 226 2748 1614 2804">
    <p class='ocr_par' dir='ltr' id='par_1_4' title="bbox 226 2748 1614 2804">
     <span class='ocr_line' id='line_1_33' title="bbox 226 2748 1614 2804; baseline 0.004 -17"><span class='ocrx_word' id='word_1_249' title='bbox 226 2748 351 2788; x_wconf 81' lang='lat' dir='ltr'><strong>bilem</strong></span> <span class='ocrx_word' id='word_1_250' title='bbox 377 2759 416 2789; x_wconf 82' lang='lat' dir='ltr'><strong>et</strong></span> <span class='ocrx_word' id='word_1_251' title='bbox 446 2751 596 2803; x_wconf 67' lang='lat' dir='ltr'><strong>ipsum.</strong></span> <span class='ocrx_word' id='word_1_252' title='bbox 622 2759 748 2804; x_wconf 76' lang='lat' dir='ltr'><strong>utque</strong></span> <span class='ocrx_word' id='word_1_253' title='bbox 771 2753 948 2804; x_wconf 81' lang='lat' dir='ltr'><strong>primum</strong></span> <span class='ocrx_word' id='word_1_254' title='bbox 980 2768 1001 2792; x_wconf 76' lang='lat' dir='ltr'><strong>e</strong></span> <span class='ocrx_word' id='word_1_255' title='bbox 1029 2753 1176 2793; x_wconf 68' lang='lat' dir='ltr'><strong>semina</strong></span> <span class='ocrx_word' id='word_1_256' title='bbox 1203 2755 1242 2793; x_wconf 89' lang='lat' dir='ltr'><strong>iu</strong></span> <span class='ocrx_word' id='word_1_257' title='bbox 1271 2768 1437 2801; x_wconf 75' lang='lat' dir='ltr'><strong>marem,</strong></span> <span class='ocrx_word' id='word_1_258' title='bbox 1460 2753 1614 2794; x_wconf 82' lang='lat' dir='ltr'><strong>deinde</strong></span> 
     </span>
    </p>
   </div>
  </div>
 </body>
</html>
