<?xml version="1.0" encoding="UTF-8"?>
<!DOCTYPE html PUBLIC "-//W3C//DTD XHTML 1.0 Transitional//EN"
    "http://www.w3.org/TR/xhtml1/DTD/xhtml1-transitional.dtd">
<html xmlns="http://www.w3.org/1999/xhtml" xml:lang="en" lang="en">
 <head>
  <title>
</title>
<meta http-equiv="Content-Type" content="text/html;charset=utf-8" />
  <meta name='ocr-system' content='tesseract 3.04.00' />
  <meta name='ocr-capabilities' content='ocr_page ocr_carea ocr_par ocr_line ocrx_word'/>
</head>
<body>
  <div class='ocr_page' id='page_1' title='image "./povidiinasonisop03oviduoft_0373.png"; bbox 0 0 1763 3181; ppageno 0'>
   <div class='ocr_carea' id='block_1_1' title="bbox 404 185 1266 229">
    <p class='ocr_par' dir='ltr' id='par_1_1' title="bbox 404 185 1266 229">
     <span class='ocr_line' id='line_1_1' title="bbox 404 185 1266 229; baseline -0.001 -1"><span class='ocrx_word' id='word_1_1' title='bbox 404 186 1025 229; x_wconf 87' lang='lat' dir='ltr'>METAMORPHOSEON</span> <span class='ocrx_word' id='word_1_2' title='bbox 1058 186 1176 227; x_wconf 84' lang='lat' dir='ltr'>LIB.</span> <span class='ocrx_word' id='word_1_3' title='bbox 1210 185 1266 227; x_wconf 87' lang='lat' dir='ltr'>V.</span> 
     </span>
    </p>
   </div>
   <div class='ocr_carea' id='block_1_2' title="bbox 1437 188 1522 229">
    <p class='ocr_par' dir='ltr' id='par_1_2' title="bbox 1437 188 1522 229">
     <span class='ocr_line' id='line_1_2' title="bbox 1437 188 1522 229; baseline 0.012 -1"><span class='ocrx_word' id='word_1_4' title='bbox 1437 188 1522 229; x_wconf 84' lang='lat'>363</span> 
     </span>
    </p>
   </div>
   <div class='ocr_carea' id='block_1_3' title="bbox 128 301 1512 597">
    <p class='ocr_par' dir='ltr' id='par_1_3' title="bbox 131 301 1171 351">
     <span class='ocr_line' id='line_1_3' title="bbox 131 301 1171 351; baseline 0.001 -3"><span class='ocrx_word' id='word_1_5' title='bbox 131 301 270 351; x_wconf 90' lang='lat' dir='ltr'>Neve</span> <span class='ocrx_word' id='word_1_6' title='bbox 293 302 384 349; x_wconf 89' lang='lat' dir='ltr'>tibi</span> <span class='ocrx_word' id='word_1_7' title='bbox 404 303 515 350; x_wconf 86' lang='lat' dir='ltr'>fidae</span> <span class='ocrx_word' id='word_1_8' title='bbox 536 303 750 351; x_wconf 88' lang='lat' dir='ltr'>violenta</span> <span class='ocrx_word' id='word_1_9' title='bbox 773 303 985 350; x_wconf 79' lang='lat' dir='ltr'>irascere</span> <span class='ocrx_word' id='word_1_10' title='bbox 1010 309 1171 350; x_wconf 86' lang='lat' dir='ltr'>terrae.</span> 
     </span>
    </p>

    <p class='ocr_par' dir='ltr' id='par_1_4' title="bbox 128 377 1362 444">
     <span class='ocr_line' id='line_1_4' title="bbox 128 377 1362 444; baseline 0.002 -20"><span class='ocrx_word' id='word_1_11' title='bbox 128 377 281 426; x_wconf 89' lang='lat' dir='ltr'>Terra</span> <span class='ocrx_word' id='word_1_12' title='bbox 303 379 423 426; x_wconf 90' lang='lat' dir='ltr'>nihil</span> <span class='ocrx_word' id='word_1_13' title='bbox 448 379 652 437; x_wconf 90' lang='lat' dir='ltr'>meruit;</span> <span class='ocrx_word' id='word_1_14' title='bbox 694 380 956 444; x_wconf 88' lang='lat' dir='ltr'>patuitque</span> <span class='ocrx_word' id='word_1_15' title='bbox 982 379 1135 426; x_wconf 89' lang='lat' dir='ltr'>invita</span> <span class='ocrx_word' id='word_1_16' title='bbox 1159 379 1362 442; x_wconf 79' lang='lat' dir='ltr'>rapinae.</span> 
     </span>
    </p>

    <p class='ocr_par' dir='ltr' id='par_1_5' title="bbox 129 455 1512 597">
     <span class='ocr_line' id='line_1_5' title="bbox 131 455 1452 521; baseline 0 -19"><span class='ocrx_word' id='word_1_17' title='bbox 131 455 180 502; x_wconf 93' lang='lat' dir='ltr'>N</span> <span class='ocrx_word' id='word_1_18' title='bbox 185 471 241 503; x_wconf 89' lang='lat' dir='ltr'>ec</span> <span class='ocrx_word' id='word_1_19' title='bbox 267 472 376 503; x_wconf 91' lang='lat' dir='ltr'>sum</span> <span class='ocrx_word' id='word_1_20' title='bbox 400 472 488 520; x_wconf 89' lang='lat' dir='ltr'>pro</span> <span class='ocrx_word' id='word_1_21' title='bbox 513 456 673 520; x_wconf 89' lang='lat' dir='ltr'>patria</span> <span class='ocrx_word' id='word_1_22' title='bbox 697 457 938 521; x_wconf 80' lang='lat' dir='ltr'>supplex:</span> <span class='ocrx_word' id='word_1_23' title='bbox 978 457 1074 503; x_wconf 90' lang='lat' dir='ltr'>huc</span> <span class='ocrx_word' id='word_1_24' title='bbox 1100 455 1300 519; x_wconf 78' lang='lat' dir='ltr'>hospita</span> <span class='ocrx_word' id='word_1_25' title='bbox 1322 456 1452 503; x_wconf 89' lang='lat' dir='ltr'>veni.</span> 
     </span>
     <span class='ocr_line' id='line_1_6' title="bbox 129 531 1512 597; baseline -0.001 -18"><span class='ocrx_word' id='word_1_26' title='bbox 129 531 249 580; x_wconf 88' lang='lat' dir='ltr'>Pisa</span> <span class='ocrx_word' id='word_1_27' title='bbox 271 532 391 580; x_wconf 91' lang='lat' dir='ltr'>mihi</span> <span class='ocrx_word' id='word_1_28' title='bbox 416 533 576 597; x_wconf 87' lang='lat' dir='ltr'>patria</span> <span class='ocrx_word' id='word_1_29' title='bbox 600 540 704 590; x_wconf 81' lang='lat' dir='ltr'>est3</span> <span class='ocrx_word' id='word_1_30' title='bbox 745 541 795 580; x_wconf 89' lang='lat' dir='ltr'>et</span> <span class='ocrx_word' id='word_1_31' title='bbox 819 534 881 581; x_wconf 90' lang='lat' dir='ltr'>ab</span> <span class='ocrx_word' id='word_1_32' title='bbox 904 532 1048 580; x_wconf 89' lang='lat' dir='ltr'>Elide</span> <span class='ocrx_word' id='word_1_33' title='bbox 1075 532 1303 579; x_wconf 84' lang='lat' dir='ltr'>ducimus</span> <span class='ocrx_word' id='word_1_34' title='bbox 1329 540 1512 579; x_wconf 87' lang='lat' dir='ltr'>ortum.</span> 
     </span>
    </p>
   </div>
   <div class='ocr_carea' id='block_1_4' title="bbox 128 608 818 674">
    <p class='ocr_par' dir='ltr' id='par_1_6' title="bbox 128 608 818 674">
     <span class='ocr_line' id='line_1_7' title="bbox 128 608 818 674; baseline 0.003 -19"><span class='ocrx_word' id='word_1_35' title='bbox 128 608 379 658; x_wconf 82' lang='lat' dir='ltr'>Sicaniam</span> <span class='ocrx_word' id='word_1_36' title='bbox 403 610 663 674; x_wconf 87' lang='lat' dir='ltr'>peregrina</span> <span class='ocrx_word' id='word_1_37' title='bbox 681 611 791 658; x_wconf 90' lang='lat' dir='ltr'>colo</span> <span class='ocrx_word' id='word_1_38' title='bbox 808 628 818 665; x_wconf 89' lang='lat'>;</span> 
     </span>
    </p>
   </div>
   <div class='ocr_carea' id='block_1_5' title="bbox 859 609 1512 672">
    <p class='ocr_par' dir='ltr' id='par_1_7' title="bbox 859 609 1512 672">
     <span class='ocr_line' id='line_1_8' title="bbox 859 609 1512 672; baseline -0.003 -15"><span class='ocrx_word' id='word_1_39' title='bbox 859 610 948 657; x_wconf 91' lang='lat' dir='ltr'>sed</span> <span class='ocrx_word' id='word_1_40' title='bbox 973 609 1156 672; x_wconf 77' lang='lat' dir='ltr'>gratior</span> <span class='ocrx_word' id='word_1_41' title='bbox 1180 609 1312 656; x_wconf 87' lang='lat' dir='ltr'>omni</span> <span class='ocrx_word' id='word_1_42' title='bbox 1415 612 1512 656; x_wconf 85' lang='lat'>495</span> 
     </span>
    </p>
   </div>
   <div class='ocr_carea' id='block_1_6' title="bbox 130 685 1516 750">
    <p class='ocr_par' dir='ltr' id='par_1_8' title="bbox 130 685 1516 750">
     <span class='ocr_line' id='line_1_9' title="bbox 130 685 1516 750; baseline 0 -16"><span class='ocrx_word' id='word_1_43' title='bbox 130 686 252 734; x_wconf 86' lang='lat' dir='ltr'>Haec</span> <span class='ocrx_word' id='word_1_44' title='bbox 288 687 408 735; x_wconf 88' lang='lat' dir='ltr'>mihi</span> <span class='ocrx_word' id='word_1_45' title='bbox 440 695 572 736; x_wconf 87' lang='lat' dir='ltr'>terra</span> <span class='ocrx_word' id='word_1_46' title='bbox 602 689 708 735; x_wconf 89' lang='lat' dir='ltr'>solo</span> <span class='ocrx_word' id='word_1_47' title='bbox 740 696 843 736; x_wconf 87' lang='lat' dir='ltr'>est:</span> <span class='ocrx_word' id='word_1_48' title='bbox 883 688 972 734; x_wconf 89' lang='lat' dir='ltr'>hos</span> <span class='ocrx_word' id='word_1_49' title='bbox 995 703 1125 734; x_wconf 91' lang='lat' dir='ltr'>nunc</span> <span class='ocrx_word' id='word_1_50' title='bbox 1153 685 1407 734; x_wconf 82' lang='lat' dir='ltr'>Arethusa</span> <span class='ocrx_word' id='word_1_51' title='bbox 1431 703 1516 750; x_wconf 90' lang='lat' dir='ltr'>pe-</span> 
     </span>
    </p>
   </div>
   <div class='ocr_carea' id='block_1_7' title="bbox 329 772 490 821">
    <p class='ocr_par' dir='ltr' id='par_1_9' title="bbox 329 772 490 821">
     <span class='ocr_line' id='line_1_10' title="bbox 329 772 490 821; baseline 0.006 -10"><span class='ocrx_word' id='word_1_52' title='bbox 329 772 490 821; x_wconf 89' lang='lat' dir='ltr'>nates,</span> 
     </span>
    </p>
   </div>
   <div class='ocr_carea' id='block_1_8' title="bbox 130 840 1516 1447">
    <p class='ocr_par' dir='ltr' id='par_1_10' title="bbox 130 840 1516 1292">
     <span class='ocr_line' id='line_1_11' title="bbox 130 840 1458 906; baseline -0.001 -18"><span class='ocrx_word' id='word_1_53' title='bbox 130 840 273 889; x_wconf 89' lang='lat' dir='ltr'>Hanc</span> <span class='ocrx_word' id='word_1_54' title='bbox 297 842 457 890; x_wconf 90' lang='lat' dir='ltr'>habeo</span> <span class='ocrx_word' id='word_1_55' title='bbox 482 842 681 899; x_wconf 85' lang='lat' dir='ltr'>sedem3</span> <span class='ocrx_word' id='word_1_56' title='bbox 722 859 873 906; x_wconf 89' lang='lat' dir='ltr'>quam</span> <span class='ocrx_word' id='word_1_57' title='bbox 898 849 968 897; x_wconf 78' lang='lat' dir='ltr'>tn,</span> <span class='ocrx_word' id='word_1_58' title='bbox 997 841 1273 896; x_wconf 83' lang='lat' dir='ltr'>mitissima,</span> <span class='ocrx_word' id='word_1_59' title='bbox 1302 857 1458 888; x_wconf 88' lang='lat' dir='ltr'>serva.</span> 
     </span>
     <span class='ocr_line' id='line_1_12' title="bbox 131 917 1442 982; baseline -0.001 -17"><span class='ocrx_word' id='word_1_60' title='bbox 131 917 274 966; x_wconf 89' lang='lat' dir='ltr'>Mota</span> <span class='ocrx_word' id='word_1_61' title='bbox 295 920 404 966; x_wconf 91' lang='lat' dir='ltr'>loco</span> <span class='ocrx_word' id='word_1_62' title='bbox 428 936 517 967; x_wconf 90' lang='lat' dir='ltr'>cur</span> <span class='ocrx_word' id='word_1_63' title='bbox 541 920 649 976; x_wconf 91' lang='lat' dir='ltr'>sim,</span> <span class='ocrx_word' id='word_1_64' title='bbox 677 920 905 982; x_wconf 87' lang='lat' dir='ltr'>tantique</span> <span class='ocrx_word' id='word_1_65' title='bbox 929 935 1018 982; x_wconf 90' lang='lat' dir='ltr'>per</span> <span class='ocrx_word' id='word_1_66' title='bbox 1042 918 1255 982; x_wconf 82' lang='lat' dir='ltr'>aequoris</span> <span class='ocrx_word' id='word_1_67' title='bbox 1281 918 1442 965; x_wconf 85' lang='lat' dir='ltr'>undas</span> 
     </span>
     <span class='ocr_line' id='line_1_13' title="bbox 130 994 1304 1061; baseline 0 -20"><span class='ocrx_word' id='word_1_68' title='bbox 130 994 361 1044; x_wconf 87' lang='lat' dir='ltr'>Advehar</span> <span class='ocrx_word' id='word_1_69' title='bbox 387 996 666 1061; x_wconf 82' lang='lat' dir='ltr'>Ortygiam,</span> <span class='ocrx_word' id='word_1_70' title='bbox 692 997 857 1045; x_wconf 88' lang='lat' dir='ltr'>veniet</span> <span class='ocrx_word' id='word_1_71' title='bbox 881 996 1157 1044; x_wconf 88' lang='lat' dir='ltr'>narratibus</span> <span class='ocrx_word' id='word_1_72' title='bbox 1183 996 1304 1042; x_wconf 87' lang='lat' dir='ltr'>hora</span> 
     </span>
     <span class='ocr_line' id='line_1_14' title="bbox 130 1073 1516 1138; baseline -0.001 -18"><span class='ocrx_word' id='word_1_73' title='bbox 130 1073 448 1138; x_wconf 88' lang='lat' dir='ltr'>Tempestiva</span> <span class='ocrx_word' id='word_1_74' title='bbox 471 1075 621 1130; x_wconf 88' lang='lat' dir='ltr'>meis;</span> <span class='ocrx_word' id='word_1_75' title='bbox 663 1091 818 1138; x_wconf 90' lang='lat' dir='ltr'>quum</span> <span class='ocrx_word' id='word_1_76' title='bbox 842 1081 896 1121; x_wconf 89' lang='lat' dir='ltr'>tu</span> <span class='ocrx_word' id='word_1_77' title='bbox 922 1074 1154 1136; x_wconf 88' lang='lat' dir='ltr'>curisque</span> <span class='ocrx_word' id='word_1_78' title='bbox 1179 1074 1358 1128; x_wconf 84' lang='lat' dir='ltr'>levata,</span> <span class='ocrx_word' id='word_1_79' title='bbox 1420 1075 1516 1119; x_wconf 90' lang='lat'>500</span> 
     </span>
     <span class='ocr_line' id='line_1_15' title="bbox 133 1149 1302 1214; baseline -0.001 -18"><span class='ocrx_word' id='word_1_80' title='bbox 133 1149 200 1197; x_wconf 83' lang='lat' dir='ltr'>Et</span> <span class='ocrx_word' id='word_1_81' title='bbox 222 1151 386 1198; x_wconf 86' lang='lat' dir='ltr'>vultus</span> <span class='ocrx_word' id='word_1_82' title='bbox 408 1151 625 1199; x_wconf 88' lang='lat' dir='ltr'>melioris</span> <span class='ocrx_word' id='word_1_83' title='bbox 651 1151 775 1199; x_wconf 88' lang='lat' dir='ltr'>eris:</span> <span class='ocrx_word' id='word_1_84' title='bbox 815 1151 934 1198; x_wconf 89' lang='lat' dir='ltr'>mihi</span> <span class='ocrx_word' id='word_1_85' title='bbox 961 1150 1130 1214; x_wconf 88' lang='lat' dir='ltr'>pervia</span> <span class='ocrx_word' id='word_1_86' title='bbox 1154 1150 1302 1196; x_wconf 88' lang='lat' dir='ltr'>tellus</span> 
     </span>
     <span class='ocr_line' id='line_1_16' title="bbox 132 1227 1387 1292; baseline -0.002 -17"><span class='ocrx_word' id='word_1_87' title='bbox 132 1227 333 1276; x_wconf 87' lang='lat' dir='ltr'>Praebet</span> <span class='ocrx_word' id='word_1_88' title='bbox 355 1229 473 1287; x_wconf 88' lang='lat' dir='ltr'>iter;</span> <span class='ocrx_word' id='word_1_89' title='bbox 511 1230 783 1292; x_wconf 85' lang='lat' dir='ltr'>subterque</span> <span class='ocrx_word' id='word_1_90' title='bbox 808 1229 931 1276; x_wconf 85' lang='lat' dir='ltr'>imas</span> <span class='ocrx_word' id='word_1_91' title='bbox 958 1229 1124 1276; x_wconf 89' lang='lat' dir='ltr'>ablata</span> <span class='ocrx_word' id='word_1_92' title='bbox 1149 1243 1387 1274; x_wconf 84' lang='lat' dir='ltr'>cavernas</span> 
     </span>
    </p>

    <p class='ocr_par' dir='ltr' id='par_1_11' title="bbox 134 1304 1355 1447">
     <span class='ocr_line' id='line_1_17' title="bbox 134 1304 1355 1370; baseline -0.001 -19"><span class='ocrx_word' id='word_1_93' title='bbox 134 1304 231 1352; x_wconf 90' lang='lat' dir='ltr'>Hic</span> <span class='ocrx_word' id='word_1_94' title='bbox 252 1313 403 1370; x_wconf 89' lang='lat' dir='ltr'>caput</span> <span class='ocrx_word' id='word_1_95' title='bbox 426 1307 625 1363; x_wconf 87' lang='lat' dir='ltr'>attollo;</span> <span class='ocrx_word' id='word_1_96' title='bbox 666 1306 976 1368; x_wconf 86' lang='lat' dir='ltr'>desuetaque</span> <span class='ocrx_word' id='word_1_97' title='bbox 1002 1305 1165 1351; x_wconf 88' lang='lat' dir='ltr'>sidera</span> <span class='ocrx_word' id='word_1_98' title='bbox 1190 1320 1355 1351; x_wconf 85' lang='lat' dir='ltr'>cerno.</span> 
     </span>
     <span class='ocr_line' id='line_1_18' title="bbox 134 1374 1319 1447; baseline -0.001 -19"><span class='ocrx_word' id='word_1_99' title='bbox 134 1381 283 1445; x_wconf 87' lang='lat' dir='ltr'>Ergo,</span> <span class='ocrx_word' id='word_1_100' title='bbox 309 1384 429 1430; x_wconf 92' lang='lat' dir='ltr'>dum</span> <span class='ocrx_word' id='word_1_101' title='bbox 456 1383 633 1447; x_wconf 85' lang='lat' dir='ltr'>Stygio</span> <span class='ocrx_word' id='word_1_102' title='bbox 659 1383 751 1430; x_wconf 91' lang='lat' dir='ltr'>sub</span> <span class='ocrx_word' id='word_1_103' title='bbox 776 1382 919 1430; x_wconf 87' lang='lat' dir='ltr'>terris</span> <span class='ocrx_word' id='word_1_104' title='bbox 946 1381 1139 1444; x_wconf 84' lang='lat' dir='ltr'>gurgite</span> <span class='ocrx_word' id='word_1_105' title='bbox 1158 1374 1319 1436; x_wconf 82' lang='lat' dir='ltr'>labor,</span> 
     </span>
    </p>
   </div>
   <div class='ocr_carea' id='block_1_9' title="bbox 134 1458 1323 1523">
    <p class='ocr_par' dir='ltr' id='par_1_12' title="bbox 134 1458 1323 1523">
     <span class='ocr_line' id='line_1_19' title="bbox 134 1458 1323 1523; baseline -0.002 -18"><span class='ocrx_word' id='word_1_106' title='bbox 134 1459 256 1507; x_wconf 90' lang='lat' dir='ltr'>Visa</span> <span class='ocrx_word' id='word_1_107' title='bbox 279 1467 365 1507; x_wconf 85' lang='lat' dir='ltr'>tua</span> <span class='ocrx_word' id='word_1_108' title='bbox 389 1467 467 1507; x_wconf 89' lang='lat' dir='ltr'>est</span> <span class='ocrx_word' id='word_1_109' title='bbox 491 1460 647 1507; x_wconf 88' lang='lat' dir='ltr'>oculis</span> <span class='ocrx_word' id='word_1_110' title='bbox 672 1460 771 1506; x_wconf 89' lang='lat' dir='ltr'>illic</span> <span class='ocrx_word' id='word_1_111' title='bbox 798 1459 1099 1523; x_wconf 84' lang='lat' dir='ltr'>Proserpina</span> <span class='ocrx_word' id='word_1_112' title='bbox 1124 1458 1323 1505; x_wconf 88' lang='lat' dir='ltr'>nostris.</span> 
     </span>
    </p>
   </div>
   <div class='ocr_carea' id='block_1_10' title="bbox 1426 1459 1524 1504">
    <p class='ocr_par' dir='ltr' id='par_1_13' title="bbox 1426 1459 1524 1504">
     <span class='ocr_line' id='line_1_20' title="bbox 1426 1459 1524 1504; baseline 0 0"><span class='ocrx_word' id='word_1_113' title='bbox 1426 1459 1524 1504; x_wconf 88' lang='lat'>505</span> 
     </span>
    </p>
   </div>
   <div class='ocr_carea' id='block_1_11' title="bbox 138 1534 1410 1679">
    <p class='ocr_par' dir='ltr' id='par_1_14' title="bbox 138 1534 1410 1679">
     <span class='ocr_line' id='line_1_21' title="bbox 138 1534 1410 1599; baseline -0.002 -17"><span class='ocrx_word' id='word_1_114' title='bbox 138 1535 231 1583; x_wconf 90' lang='lat' dir='ltr'>Illa</span> <span class='ocrx_word' id='word_1_115' title='bbox 255 1536 459 1599; x_wconf 90' lang='lat' dir='ltr'>quidem</span> <span class='ocrx_word' id='word_1_116' title='bbox 492 1537 665 1592; x_wconf 87' lang='lat' dir='ltr'>tristis,</span> <span class='ocrx_word' id='word_1_117' title='bbox 693 1553 786 1584; x_wconf 90' lang='lat' dir='ltr'>nec</span> <span class='ocrx_word' id='word_1_118' title='bbox 811 1537 973 1584; x_wconf 88' lang='lat' dir='ltr'>adhuc</span> <span class='ocrx_word' id='word_1_119' title='bbox 999 1534 1223 1583; x_wconf 86' lang='lat' dir='ltr'>interrita</span> <span class='ocrx_word' id='word_1_120' title='bbox 1242 1534 1410 1590; x_wconf 82' lang='lat' dir='ltr'>vultu3</span> 
     </span>
     <span class='ocr_line' id='line_1_22' title="bbox 140 1611 1392 1679; baseline -0.002 -19"><span class='ocrx_word' id='word_1_121' title='bbox 140 1613 241 1662; x_wconf 85' lang='lat' dir='ltr'>Sed</span> <span class='ocrx_word' id='word_1_122' title='bbox 267 1614 437 1676; x_wconf 86' lang='lat' dir='ltr'>regina</span> <span class='ocrx_word' id='word_1_123' title='bbox 461 1621 645 1671; x_wconf 88' lang='lat' dir='ltr'>tamen,</span> <span class='ocrx_word' id='word_1_124' title='bbox 673 1615 761 1662; x_wconf 89' lang='lat' dir='ltr'>sed</span> <span class='ocrx_word' id='word_1_125' title='bbox 786 1615 928 1679; x_wconf 88' lang='lat' dir='ltr'>opaci</span> <span class='ocrx_word' id='word_1_126' title='bbox 953 1614 1171 1661; x_wconf 77' lang='lat' dir='ltr'>maxima</span> <span class='ocrx_word' id='word_1_127' title='bbox 1195 1611 1392 1668; x_wconf 89' lang='lat' dir='ltr'>mundi;</span> 
     </span>
    </p>
   </div>
   <div class='ocr_carea' id='block_1_12' title="bbox 135 1758 806 2782">
    <p class='ocr_par' dir='ltr' id='par_1_15' title="bbox 135 1758 803 2095">
     <span class='ocr_line' id='line_1_23' title="bbox 136 1758 799 1794; baseline 0.003 -6"><span class='ocrx_word' id='word_1_128' title='bbox 136 1763 218 1789; x_wconf 86' lang='lat' dir='ltr'>runt.</span> <span class='ocrx_word' id='word_1_129' title='bbox 264 1758 394 1794; x_wconf 77' lang='lat' dir='ltr'>Meruit,</span> <span class='ocrx_word' id='word_1_130' title='bbox 409 1758 492 1789; x_wconf 86' lang='lat' dir='ltr'>malo</span> <span class='ocrx_word' id='word_1_131' title='bbox 508 1769 613 1794; x_wconf 87' lang='lat' dir='ltr'>sensu,</span> <span class='ocrx_word' id='word_1_132' title='bbox 630 1764 665 1789; x_wconf 82' lang='lat' dir='ltr'>ut</span> <span class='ocrx_word' id='word_1_133' title='bbox 677 1758 710 1789; x_wconf 91' lang='lat' dir='ltr'>ii.</span> <span class='ocrx_word' id='word_1_134' title='bbox 724 1760 799 1790; x_wconf 85' lang='lat'>279.</span> 
     </span>
     <span class='ocr_line' id='line_1_24' title="bbox 138 1807 799 1847; baseline 0 -10"><span class='ocrx_word' id='word_1_135' title='bbox 138 1807 203 1838; x_wconf 85' lang='lat' dir='ltr'>Nec</span> <span class='ocrx_word' id='word_1_136' title='bbox 214 1819 278 1838; x_wconf 80' lang='lat' dir='ltr'>sum</span> <span class='ocrx_word' id='word_1_137' title='bbox 290 1819 346 1847; x_wconf 74' lang='lat' dir='ltr'>pre</span> <span class='ocrx_word' id='word_1_138' title='bbox 356 1810 471 1847; x_wconf 80' lang='lat' dir='ltr'>patria,</span> <span class='ocrx_word' id='word_1_139' title='bbox 486 1813 547 1838; x_wconf 89' lang='lat' dir='ltr'>etc.</span> <span class='ocrx_word' id='word_1_140' title='bbox 576 1807 627 1838; x_wconf 87' lang='lat' dir='ltr'>Ita</span> <span class='ocrx_word' id='word_1_141' title='bbox 641 1807 700 1838; x_wconf 87' lang='lat' dir='ltr'>sibi</span> <span class='ocrx_word' id='word_1_142' title='bbox 716 1807 799 1838; x_wconf 89' lang='lat' dir='ltr'>viam</span> 
     </span>
     <span class='ocr_line' id='line_1_25' title="bbox 135 1856 800 1898; baseline 0.002 -12"><span class='ocrx_word' id='word_1_143' title='bbox 135 1856 245 1897; x_wconf 86' lang='lat' dir='ltr'>pandit</span> <span class='ocrx_word' id='word_1_144' title='bbox 262 1856 302 1887; x_wconf 89' lang='lat' dir='ltr'>ad</span> <span class='ocrx_word' id='word_1_145' title='bbox 319 1856 482 1888; x_wconf 85' lang='lat' dir='ltr'>Arethusae</span> <span class='ocrx_word' id='word_1_146' title='bbox 500 1856 565 1887; x_wconf 85' lang='lat' dir='ltr'>fata</span> <span class='ocrx_word' id='word_1_147' title='bbox 586 1856 619 1886; x_wconf 90' lang='lat' dir='ltr'>in</span> <span class='ocrx_word' id='word_1_148' title='bbox 640 1867 712 1898; x_wconf 90' lang='lat' dir='ltr'>sqq.</span> <span class='ocrx_word' id='word_1_149' title='bbox 730 1867 800 1887; x_wconf 90' lang='lat' dir='ltr'>nar-</span> 
     </span>
     <span class='ocr_line' id='line_1_26' title="bbox 136 1905 802 1947; baseline 0 -11"><span class='ocrx_word' id='word_1_150' title='bbox 136 1905 245 1937; x_wconf 84' lang='lat' dir='ltr'>randa.</span> <span class='ocrx_word' id='word_1_151' title='bbox 289 1906 351 1937; x_wconf 87' lang='lat' dir='ltr'>Sed</span> <span class='ocrx_word' id='word_1_152' title='bbox 379 1905 536 1947; x_wconf 81' lang='lat' dir='ltr'>loquacior</span> <span class='ocrx_word' id='word_1_153' title='bbox 566 1906 661 1947; x_wconf 86' lang='lat' dir='ltr'>paulo</span> <span class='ocrx_word' id='word_1_154' title='bbox 695 1910 743 1936; x_wconf 89' lang='lat' dir='ltr'>est</span> <span class='ocrx_word' id='word_1_155' title='bbox 771 1905 802 1936; x_wconf 91' lang='lat' dir='ltr'>in</span> 
     </span>
     <span class='ocr_line' id='line_1_27' title="bbox 138 1954 803 1994; baseline -0.002 -9"><span class='ocrx_word' id='word_1_156' title='bbox 138 1954 251 1985; x_wconf 84' lang='lat' dir='ltr'>verbis.</span> <span class='ocrx_word' id='word_1_157' title='bbox 297 1955 369 1985; x_wconf 80' lang='lat' dir='ltr'>Huc</span> <span class='ocrx_word' id='word_1_158' title='bbox 400 1956 513 1994; x_wconf 81' lang='lat' dir='ltr'>hospita</span> <span class='ocrx_word' id='word_1_159' title='bbox 540 1954 803 1985; x_wconf 77' lang='lat' dir='ltr'>veni—Sicaniam</span> 
     </span>
     <span class='ocr_line' id='line_1_28' title="bbox 138 2003 802 2045; baseline -0.002 -11"><span class='ocrx_word' id='word_1_160' title='bbox 138 2005 300 2045; x_wconf 78' lang='lat' dir='ltr'>peregrina</span> <span class='ocrx_word' id='word_1_161' title='bbox 315 2005 470 2034; x_wconf 85' lang='lat' dir='ltr'>colo—hos</span> <span class='ocrx_word' id='word_1_162' title='bbox 485 2015 577 2041; x_wconf 75' lang='lat' dir='ltr'>nunc,</span> <span class='ocrx_word' id='word_1_163' title='bbox 593 2009 656 2035; x_wconf 88' lang='lat' dir='ltr'>etc.</span> <span class='ocrx_word' id='word_1_164' title='bbox 686 2003 802 2034; x_wconf 85' lang='lat' dir='ltr'>Simili-</span> 
     </span>
     <span class='ocr_line' id='line_1_29' title="bbox 137 2053 518 2095; baseline 0.003 -13"><span class='ocrx_word' id='word_1_165' title='bbox 137 2057 194 2089; x_wconf 87' lang='lat' dir='ltr'>ter,</span> <span class='ocrx_word' id='word_1_166' title='bbox 209 2053 231 2084; x_wconf 88' lang='lat' dir='ltr'>i.</span> <span class='ocrx_word' id='word_1_167' title='bbox 246 2054 322 2084; x_wconf 86' lang='lat'>574.</span> <span class='ocrx_word' id='word_1_168' title='bbox 338 2058 518 2095; x_wconf 84' lang='lat' dir='ltr'>peccatum.</span> 
     </span>
    </p>

    <p class='ocr_par' dir='ltr' id='par_1_16' title="bbox 140 2101 803 2231">
     <span class='ocr_line' id='line_1_30' title="bbox 182 2101 802 2143; baseline 0.002 -11"><span class='ocrx_word' id='word_1_169' title='bbox 182 2102 258 2133; x_wconf 82' lang='lat'>494.</span> <span class='ocrx_word' id='word_1_170' title='bbox 285 2103 357 2133; x_wconf 79' lang='lat' dir='ltr'>Pisa</span> <span class='ocrx_word' id='word_1_171' title='bbox 373 2103 445 2133; x_wconf 82' lang='lat' dir='ltr'>mihi</span> <span class='ocrx_word' id='word_1_172' title='bbox 462 2102 591 2143; x_wconf 68' lang='lat' dir='ltr'>patria]</span> <span class='ocrx_word' id='word_1_173' title='bbox 615 2101 689 2133; x_wconf 82' lang='lat' dir='ltr'>Pisa</span> <span class='ocrx_word' id='word_1_174' title='bbox 702 2102 802 2133; x_wconf 85' lang='lat' dir='ltr'>Area-</span> 
     </span>
     <span class='ocr_line' id='line_1_31' title="bbox 140 2150 803 2195; baseline 0.002 -14"><span class='ocrx_word' id='word_1_175' title='bbox 140 2150 200 2181; x_wconf 84' lang='lat' dir='ltr'>diae</span> <span class='ocrx_word' id='word_1_176' title='bbox 230 2150 391 2195; x_wconf 82' lang='lat' dir='ltr'>oppidum,</span> <span class='ocrx_word' id='word_1_177' title='bbox 416 2152 510 2193; x_wconf 82' lang='lat' dir='ltr'>juxta</span> <span class='ocrx_word' id='word_1_178' title='bbox 540 2151 624 2193; x_wconf 91' lang='lat' dir='ltr'>quod</span> <span class='ocrx_word' id='word_1_179' title='bbox 658 2151 803 2194; x_wconf 89' lang='lat' dir='ltr'>Alpheus</span> 
     </span>
     <span class='ocr_line' id='line_1_32' title="bbox 140 2199 397 2231; baseline 0.008 -2"><span class='ocrx_word' id='word_1_180' title='bbox 140 2199 253 2230; x_wconf 89' lang='lat' dir='ltr'>fluvius</span> <span class='ocrx_word' id='word_1_181' title='bbox 267 2199 397 2231; x_wconf 78' lang='lat' dir='ltr'>labitur.</span> 
     </span>
    </p>

    <p class='ocr_par' dir='ltr' id='par_1_17' title="bbox 139 2249 806 2782">
     <span class='ocr_line' id='line_1_33' title="bbox 180 2249 803 2292; baseline 0.002 -13"><span class='ocrx_word' id='word_1_182' title='bbox 180 2250 255 2281; x_wconf 83' lang='lat'>499.</span> <span class='ocrx_word' id='word_1_183' title='bbox 292 2249 481 2292; x_wconf 66' lang='lat' dir='ltr'>Ortygiam]</span> <span class='ocrx_word' id='word_1_184' title='bbox 513 2249 674 2291; x_wconf 86' lang='lat' dir='ltr'>Syracusae</span> <span class='ocrx_word' id='word_1_185' title='bbox 707 2259 803 2290; x_wconf 87' lang='lat' dir='ltr'>quum</span> 
     </span>
     <span class='ocr_line' id='line_1_34' title="bbox 141 2299 803 2341; baseline 0.002 -13"><span class='ocrx_word' id='word_1_186' title='bbox 141 2303 275 2340; x_wconf 83' lang='lat' dir='ltr'>quatuor</span> <span class='ocrx_word' id='word_1_187' title='bbox 297 2299 448 2330; x_wconf 89' lang='lat' dir='ltr'>haberent</span> <span class='ocrx_word' id='word_1_188' title='bbox 471 2304 586 2341; x_wconf 85' lang='lat' dir='ltr'>partes,</span> <span class='ocrx_word' id='word_1_189' title='bbox 603 2309 710 2330; x_wconf 88' lang='lat' dir='ltr'>earum</span> <span class='ocrx_word' id='word_1_190' title='bbox 730 2308 803 2335; x_wconf 84' lang='lat' dir='ltr'>una,</span> 
     </span>
     <span class='ocr_line' id='line_1_35' title="bbox 139 2347 804 2390; baseline 0 -12"><span class='ocrx_word' id='word_1_191' title='bbox 139 2347 172 2378; x_wconf 88' lang='lat' dir='ltr'>iu</span> <span class='ocrx_word' id='word_1_192' title='bbox 188 2347 292 2379; x_wconf 82' lang='lat' dir='ltr'>insula</span> <span class='ocrx_word' id='word_1_193' title='bbox 306 2348 376 2383; x_wconf 82' lang='lat' dir='ltr'>sita.</span> <span class='ocrx_word' id='word_1_194' title='bbox 391 2349 523 2390; x_wconf 80' lang='lat' dir='ltr'>Ortygia</span> <span class='ocrx_word' id='word_1_195' title='bbox 538 2347 624 2379; x_wconf 88' lang='lat' dir='ltr'>dicta</span> <span class='ocrx_word' id='word_1_196' title='bbox 633 2352 690 2383; x_wconf 87' lang='lat' dir='ltr'>est,</span> <span class='ocrx_word' id='word_1_197' title='bbox 704 2357 804 2388; x_wconf 86' lang='lat' dir='ltr'>eaque</span> 
     </span>
     <span class='ocr_line' id='line_1_36' title="bbox 140 2395 804 2439; baseline -0.003 -11"><span class='ocrx_word' id='word_1_198' title='bbox 140 2407 212 2439; x_wconf 82' lang='lat' dir='ltr'>pars</span> <span class='ocrx_word' id='word_1_199' title='bbox 226 2396 318 2428; x_wconf 88' lang='lat' dir='ltr'>hodie</span> <span class='ocrx_word' id='word_1_200' title='bbox 330 2396 425 2428; x_wconf 86' lang='lat' dir='ltr'>etiam</span> <span class='ocrx_word' id='word_1_201' title='bbox 440 2402 556 2428; x_wconf 81' lang='lat' dir='ltr'>restat:</span> <span class='ocrx_word' id='word_1_202' title='bbox 583 2396 647 2427; x_wconf 84' lang='lat' dir='ltr'>vid.</span> <span class='ocrx_word' id='word_1_203' title='bbox 663 2395 804 2438; x_wconf 85' lang='lat' dir='ltr'>Brydon.</span> 
     </span>
     <span class='ocr_line' id='line_1_37' title="bbox 140 2445 803 2488; baseline -0.003 -11"><span class='ocrx_word' id='word_1_204' title='bbox 140 2457 172 2488; x_wconf 86' lang='lat' dir='ltr'>p.</span> <span class='ocrx_word' id='word_1_205' title='bbox 196 2447 272 2477; x_wconf 86' lang='lat'>221.</span> <span class='ocrx_word' id='word_1_206' title='bbox 315 2447 354 2476; x_wconf 89' lang='lat' dir='ltr'>In</span> <span class='ocrx_word' id='word_1_207' title='bbox 382 2456 420 2477; x_wconf 84' lang='lat' dir='ltr'>ea</span> <span class='ocrx_word' id='word_1_208' title='bbox 444 2446 511 2477; x_wconf 90' lang='lat' dir='ltr'>fons</span> <span class='ocrx_word' id='word_1_209' title='bbox 536 2446 705 2477; x_wconf 87' lang='lat' dir='ltr'>Arethusa.</span> <span class='ocrx_word' id='word_1_210' title='bbox 732 2445 803 2476; x_wconf 85' lang='lat' dir='ltr'>Cic.</span> 
     </span>
     <span class='ocr_line' id='line_1_38' title="bbox 145 2494 802 2536; baseline -0.003 -10"><span class='ocrx_word' id='word_1_211' title='bbox 145 2495 235 2526; x_wconf 88' lang='lat' dir='ltr'>Verr.</span> <span class='ocrx_word' id='word_1_212' title='bbox 258 2496 301 2526; x_wconf 85' lang='lat' dir='ltr'>iv.</span> <span class='ocrx_word' id='word_1_213' title='bbox 325 2496 383 2534; x_wconf 79' lang='lat'>523</span> <span class='ocrx_word' id='word_1_214' title='bbox 405 2495 498 2536; x_wconf 89' lang='lat' dir='ltr'>Virg.</span> <span class='ocrx_word' id='word_1_215' title='bbox 514 2495 644 2526; x_wconf 88' lang='lat' dir='ltr'>AEneid.</span> <span class='ocrx_word' id='word_1_216' title='bbox 660 2494 704 2525; x_wconf 83' lang='lat' dir='ltr'>iii.</span> <span class='ocrx_word' id='word_1_217' title='bbox 719 2495 802 2525; x_wconf 82' lang='lat'>692:</span> 
     </span>
     <span class='ocr_line' id='line_1_39' title="bbox 141 2544 805 2584; baseline -0.002 -10"><span class='ocrx_word' id='word_1_218' title='bbox 141 2544 261 2574; x_wconf 81' lang='lat' dir='ltr'>Sicanio</span> <span class='ocrx_word' id='word_1_219' title='bbox 271 2550 416 2584; x_wconf 81' lang='lat' dir='ltr'>praetenta</span> <span class='ocrx_word' id='word_1_220' title='bbox 425 2547 494 2575; x_wconf 77' lang='lat' dir='ltr'>sina</span> <span class='ocrx_word' id='word_1_221' title='bbox 494 2547 581 2584; x_wconf 79' lang='lat' dir='ltr'>jacet</span> <span class='ocrx_word' id='word_1_222' title='bbox 592 2545 691 2576; x_wconf 84' lang='lat' dir='ltr'>insula</span> <span class='ocrx_word' id='word_1_223' title='bbox 701 2550 805 2575; x_wconf 84' lang='lat' dir='ltr'>contra</span> 
     </span>
     <span class='ocr_line' id='line_1_40' title="bbox 145 2593 805 2634; baseline 0 -11"><span class='ocrx_word' id='word_1_224' title='bbox 145 2593 362 2634; x_wconf 80' lang='lat' dir='ltr'>Plemmyrium</span> <span class='ocrx_word' id='word_1_225' title='bbox 385 2595 553 2624; x_wconf 65' lang='lat' dir='ltr'>icndosum:</span> <span class='ocrx_word' id='word_1_226' title='bbox 577 2604 681 2624; x_wconf 79' lang='lat' dir='ltr'>nomen</span> <span class='ocrx_word' id='word_1_227' title='bbox 705 2595 805 2623; x_wconf 68' lang='lat' dir='ltr'>dixere</span> 
     </span>
     <span class='ocr_line' id='line_1_41' title="bbox 142 2642 806 2685; baseline 0 -13"><span class='ocrx_word' id='word_1_228' title='bbox 142 2644 256 2682; x_wconf 78' lang='lat' dir='ltr'>priores</span> <span class='ocrx_word' id='word_1_229' title='bbox 273 2642 445 2685; x_wconf 78' lang='lat' dir='ltr'>Ortygiam.</span> <span class='ocrx_word' id='word_1_230' title='bbox 491 2644 641 2682; x_wconf 83' lang='lat' dir='ltr'>Alpheum</span> <span class='ocrx_word' id='word_1_231' title='bbox 651 2642 744 2684; x_wconf 84' lang='lat' dir='ltr'>fama</span> <span class='ocrx_word' id='word_1_232' title='bbox 765 2648 806 2673; x_wconf 84' lang='lat' dir='ltr'>est</span> 
     </span>
     <span class='ocr_line' id='line_1_42' title="bbox 144 2692 806 2733; baseline 0 -12"><span class='ocrx_word' id='word_1_233' title='bbox 144 2692 202 2722; x_wconf 81' lang='lat' dir='ltr'>huc</span> <span class='ocrx_word' id='word_1_234' title='bbox 219 2692 318 2723; x_wconf 80' lang='lat' dir='ltr'>Elidis</span> <span class='ocrx_word' id='word_1_235' title='bbox 336 2704 451 2723; x_wconf 79' lang='lat' dir='ltr'>amnem.</span> <span class='ocrx_word' id='word_1_236' title='bbox 468 2692 610 2723; x_wconf 75' lang='lat' dir='ltr'>Occultas</span> <span class='ocrx_word' id='word_1_237' title='bbox 631 2693 720 2733; x_wconf 82' lang='lat' dir='ltr'>egisse</span> <span class='ocrx_word' id='word_1_238' title='bbox 743 2693 806 2721; x_wconf 72' lang='lat' dir='ltr'>vites</span> 
     </span>
     <span class='ocr_line' id='line_1_43' title="bbox 143 2741 804 2782; baseline 0 -12"><span class='ocrx_word' id='word_1_239' title='bbox 143 2741 242 2771; x_wconf 73' lang='lat' dir='ltr'>subter</span> <span class='ocrx_word' id='word_1_240' title='bbox 264 2752 356 2778; x_wconf 75' lang='lat' dir='ltr'>mure,</span> <span class='ocrx_word' id='word_1_241' title='bbox 374 2744 425 2782; x_wconf 80' lang='lat' dir='ltr'>qui</span> <span class='ocrx_word' id='word_1_242' title='bbox 446 2753 528 2772; x_wconf 72' lang='lat' dir='ltr'>nunc</span> <span class='ocrx_word' id='word_1_243' title='bbox 557 2742 628 2777; x_wconf 85' lang='lat' dir='ltr'>Ore,</span> <span class='ocrx_word' id='word_1_244' title='bbox 645 2741 804 2777; x_wconf 78' lang='lat' dir='ltr'>Arethusa,</span> 
     </span>
    </p>
   </div>
   <div class='ocr_carea' id='block_1_13' title="bbox 867 1754 1533 2770">
    <p class='ocr_par' dir='ltr' id='par_1_18' title="bbox 867 1754 1533 2242">
     <span class='ocr_line' id='line_1_44' title="bbox 867 1754 1527 1799; baseline -0.011 -9"><span class='ocrx_word' id='word_1_245' title='bbox 867 1766 918 1790; x_wconf 78' lang='lat' dir='ltr'>tuo</span> <span class='ocrx_word' id='word_1_246' title='bbox 929 1759 1038 1789; x_wconf 79' lang='lat' dir='ltr'>Siculis</span> <span class='ocrx_word' id='word_1_247' title='bbox 1049 1756 1250 1799; x_wconf 53' lang='lat' dir='ltr'>confunditur</span> <span class='ocrx_word' id='word_1_248' title='bbox 1262 1757 1362 1785; x_wconf 78' lang='lat' dir='ltr'>undis.</span> <span class='ocrx_word' id='word_1_249' title='bbox 1409 1754 1527 1785; x_wconf 81' lang='lat' dir='ltr'>Narra-</span> 
     </span>
     <span class='ocr_line' id='line_1_45' title="bbox 868 1806 1530 1846; baseline -0.003 -9"><span class='ocrx_word' id='word_1_250' title='bbox 868 1814 915 1837; x_wconf 85' lang='lat' dir='ltr'>tus</span> <span class='ocrx_word' id='word_1_251' title='bbox 947 1818 1025 1838; x_wconf 88' lang='lat' dir='ltr'>nove</span> <span class='ocrx_word' id='word_1_252' title='bbox 1051 1806 1184 1841; x_wconf 81' lang='lat' dir='ltr'>dictum,</span> <span class='ocrx_word' id='word_1_253' title='bbox 1213 1810 1248 1836; x_wconf 93' lang='lat' dir='ltr'>ut</span> <span class='ocrx_word' id='word_1_254' title='bbox 1276 1814 1370 1846; x_wconf 88' lang='lat' dir='ltr'>supra</span> <span class='ocrx_word' id='word_1_255' title='bbox 1397 1810 1530 1835; x_wconf 76' lang='lat' dir='ltr'>erratus.</span> 
     </span>
     <span class='ocr_line' id='line_1_46' title="bbox 870 1853 1530 1896; baseline -0.003 -9"><span class='ocrx_word' id='word_1_256' title='bbox 870 1857 955 1887; x_wconf 73' lang='lat' dir='ltr'>Hora</span> <span class='ocrx_word' id='word_1_257' title='bbox 971 1857 1142 1896; x_wconf 75' lang='lat' dir='ltr'>tempestiva</span> <span class='ocrx_word' id='word_1_258' title='bbox 1157 1866 1228 1885; x_wconf 87' lang='lat' dir='ltr'>mox</span> <span class='ocrx_word' id='word_1_259' title='bbox 1241 1853 1346 1885; x_wconf 83' lang='lat' dir='ltr'>veniet</span> <span class='ocrx_word' id='word_1_260' title='bbox 1355 1864 1444 1884; x_wconf 85' lang='lat' dir='ltr'>versu</span> <span class='ocrx_word' id='word_1_261' title='bbox 1456 1854 1530 1885; x_wconf 87' lang='grc'><strong>573.</strong></span> 
     </span>
     <span class='ocr_line' id='line_1_47' title="bbox 871 1902 1529 1941; baseline -0.006 -5"><span class='ocrx_word' id='word_1_262' title='bbox 871 1906 1020 1941; x_wconf 81' lang='lat' dir='ltr'>Melioris,</span> <span class='ocrx_word' id='word_1_263' title='bbox 1049 1904 1185 1935; x_wconf 82' lang='lat' dir='ltr'>laetioris.</span> <span class='ocrx_word' id='word_1_264' title='bbox 1229 1903 1279 1933; x_wconf 84' lang='lat' dir='ltr'>Sic</span> <span class='ocrx_word' id='word_1_265' title='bbox 1305 1910 1336 1933; x_wconf 88' lang='lat' dir='ltr'>et</span> <span class='ocrx_word' id='word_1_266' title='bbox 1360 1902 1425 1933; x_wconf 85' lang='lat' dir='ltr'>viii.</span> <span class='ocrx_word' id='word_1_267' title='bbox 1452 1903 1529 1933; x_wconf 89' lang='lat'>677.</span> 
     </span>
     <span class='ocr_line' id='line_1_48' title="bbox 869 1952 1532 1988; baseline -0.006 -2"><span class='ocrx_word' id='word_1_268' title='bbox 869 1956 975 1986; x_wconf 80' lang='lat' dir='ltr'>vultus</span> <span class='ocrx_word' id='word_1_269' title='bbox 1009 1956 1090 1985; x_wconf 78' lang='lat' dir='ltr'>boni.</span> <span class='ocrx_word' id='word_1_270' title='bbox 1138 1954 1248 1984; x_wconf 76' lang='lat' dir='ltr'>Pervia</span> <span class='ocrx_word' id='word_1_271' title='bbox 1277 1954 1376 1988; x_wconf 82' lang='lat' dir='ltr'>tellus,</span> <span class='ocrx_word' id='word_1_272' title='bbox 1406 1952 1532 1983; x_wconf 85' lang='lat' dir='ltr'>canales</span> 
     </span>
     <span class='ocr_line' id='line_1_49' title="bbox 870 2001 1533 2037; baseline -0.005 -3"><span class='ocrx_word' id='word_1_273' title='bbox 870 2003 1077 2034; x_wconf 86' lang='lat' dir='ltr'>subterranei.</span> <span class='ocrx_word' id='word_1_274' title='bbox 1108 2001 1198 2033; x_wconf 83' lang='lat' dir='ltr'>Imas.</span> <span class='ocrx_word' id='word_1_275' title='bbox 1227 2002 1264 2032; x_wconf 90' lang='lat' dir='ltr'>In</span> <span class='ocrx_word' id='word_1_276' title='bbox 1280 2003 1352 2031; x_wconf 86' lang='lat' dir='ltr'>imas</span> <span class='ocrx_word' id='word_1_277' title='bbox 1365 2011 1460 2032; x_wconf 86' lang='lat' dir='ltr'>causa</span> <span class='ocrx_word' id='word_1_278' title='bbox 1475 2006 1533 2037; x_wconf 88' lang='lat' dir='ltr'>est,</span> 
     </span>
     <span class='ocr_line' id='line_1_50' title="bbox 869 2051 1532 2093; baseline -0.006 -9"><span class='ocrx_word' id='word_1_279' title='bbox 869 2063 923 2084; x_wconf 92' lang='lat' dir='ltr'>cur</span> <span class='ocrx_word' id='word_1_280' title='bbox 936 2052 1093 2083; x_wconf 84' lang='lat' dir='ltr'>Arethusa</span> <span class='ocrx_word' id='word_1_281' title='bbox 1108 2051 1325 2093; x_wconf 86' lang='lat' dir='ltr'>Proserpinam</span> <span class='ocrx_word' id='word_1_282' title='bbox 1337 2060 1462 2080; x_wconf 88' lang='lat' dir='ltr'>cernere</span> <span class='ocrx_word' id='word_1_283' title='bbox 1478 2061 1532 2092; x_wconf 91' lang='lat' dir='ltr'>po-</span> 
     </span>
     <span class='ocr_line' id='line_1_51' title="bbox 870 2100 1532 2142; baseline -0.008 -8"><span class='ocrx_word' id='word_1_284' title='bbox 870 2108 981 2134; x_wconf 81' lang='lat' dir='ltr'>tuerat.</span> <span class='ocrx_word' id='word_1_285' title='bbox 1027 2103 1179 2138; x_wconf 82' lang='lat' dir='ltr'>Desueta,·</span> <span class='ocrx_word' id='word_1_286' title='bbox 1214 2111 1284 2142; x_wconf 83' lang='lat' dir='ltr'>quae</span> <span class='ocrx_word' id='word_1_287' title='bbox 1319 2110 1445 2131; x_wconf 85' lang='lat' dir='ltr'>cernere</span> <span class='ocrx_word' id='word_1_288' title='bbox 1477 2100 1532 2130; x_wconf 92' lang='lat' dir='ltr'>de-</span> 
     </span>
     <span class='ocr_line' id='line_1_52' title="bbox 869 2149 1529 2188; baseline -0.006 -5"><span class='ocrx_word' id='word_1_289' title='bbox 869 2152 967 2188; x_wconf 85' lang='lat' dir='ltr'>suevi,</span> <span class='ocrx_word' id='word_1_290' title='bbox 983 2151 1036 2182; x_wconf 89' lang='lat' dir='ltr'>diu</span> <span class='ocrx_word' id='word_1_291' title='bbox 1051 2161 1114 2181; x_wconf 88' lang='lat' dir='ltr'>non</span> <span class='ocrx_word' id='word_1_292' title='bbox 1128 2150 1206 2186; x_wconf 88' lang='lat' dir='ltr'>vidi,</span> <span class='ocrx_word' id='word_1_293' title='bbox 1222 2149 1297 2180; x_wconf 90' lang='lat' dir='ltr'>dum</span> <span class='ocrx_word' id='word_1_294' title='bbox 1312 2149 1369 2179; x_wconf 87' lang='lat' dir='ltr'>sub</span> <span class='ocrx_word' id='word_1_295' title='bbox 1386 2154 1467 2180; x_wconf 87' lang='lat' dir='ltr'>terra</span> <span class='ocrx_word' id='word_1_296' title='bbox 1482 2149 1529 2179; x_wconf 87' lang='lat' dir='ltr'>la-</span> 
     </span>
     <span class='ocr_line' id='line_1_53' title="bbox 869 2197 1436 2242; baseline -0.007 -10"><span class='ocrx_word' id='word_1_297' title='bbox 869 2202 925 2232; x_wconf 92' lang='lat' dir='ltr'>bor</span> <span class='ocrx_word' id='word_1_298' title='bbox 938 2202 1043 2242; x_wconf 81' lang='lat' dir='ltr'>Stygio</span> <span class='ocrx_word' id='word_1_299' title='bbox 1058 2201 1193 2241; x_wconf 79' lang='lat' dir='ltr'>gurgite,</span> <span class='ocrx_word' id='word_1_300' title='bbox 1209 2197 1264 2234; x_wconf 83' lang='lat' dir='ltr'>ibi,</span> <span class='ocrx_word' id='word_1_301' title='bbox 1280 2198 1333 2228; x_wconf 91' lang='lat' dir='ltr'>ubi</span> <span class='ocrx_word' id='word_1_302' title='bbox 1348 2199 1436 2238; x_wconf 87' lang='lat' dir='ltr'>Styx.</span> 
     </span>
    </p>

    <p class='ocr_par' dir='ltr' id='par_1_19' title="bbox 870 2246 1533 2770">
     <span class='ocr_line' id='line_1_54' title="bbox 914 2246 1532 2289; baseline -0.005 -8"><span class='ocrx_word' id='word_1_303' title='bbox 914 2251 988 2281; x_wconf 88' lang='lat'>507.</span> <span class='ocrx_word' id='word_1_304' title='bbox 1026 2249 1081 2279; x_wconf 77' lang='lat' dir='ltr'>Sed</span> <span class='ocrx_word' id='word_1_305' title='bbox 1118 2247 1442 2289; x_wconf 49' lang='lat' dir='ltr'>regiJLa-sed———sedfl</span> <span class='ocrx_word' id='word_1_306' title='bbox 1481 2246 1532 2278; x_wconf 83' lang='lat' dir='ltr'>De</span> 
     </span>
     <span class='ocr_line' id='line_1_55' title="bbox 870 2296 1531 2341; baseline -0.006 -11"><span class='ocrx_word' id='word_1_307' title='bbox 870 2299 929 2330; x_wconf 83' lang='lat' dir='ltr'>hac</span> <span class='ocrx_word' id='word_1_308' title='bbox 958 2298 1140 2341; x_wconf 84' lang='lat' dir='ltr'>repetitione</span> <span class='ocrx_word' id='word_1_309' title='bbox 1168 2297 1239 2328; x_wconf 91' lang='lat' dir='ltr'>vide</span> <span class='ocrx_word' id='word_1_310' title='bbox 1265 2296 1305 2327; x_wconf 87' lang='lat' dir='ltr'>ad</span> <span class='ocrx_word' id='word_1_311' title='bbox 1330 2306 1452 2327; x_wconf 88' lang='lat' dir='ltr'>versum</span> <span class='ocrx_word' id='word_1_312' title='bbox 1479 2296 1531 2326; x_wconf 90' lang='lat'>17.</span> 
     </span>
     <span class='ocr_line' id='line_1_56' title="bbox 872 2345 1532 2382; baseline -0.006 -3"><span class='ocrx_word' id='word_1_313' title='bbox 872 2349 1006 2379; x_wconf 62' lang='lat' dir='ltr'>Maxima</span> <span class='ocrx_word' id='word_1_314' title='bbox 1017 2346 1223 2382; x_wconf 82' lang='lat' dir='ltr'>substantive,</span> <span class='ocrx_word' id='word_1_315' title='bbox 1234 2345 1368 2376; x_wconf 86' lang='lat' dir='ltr'>domina.</span> <span class='ocrx_word' id='word_1_316' title='bbox 1394 2346 1532 2376; x_wconf 89' lang='lat' dir='ltr'>Matrem</span> 
     </span>
     <span class='ocr_line' id='line_1_57' title="bbox 871 2393 1531 2437; baseline -0.006 -9"><span class='ocrx_word' id='word_1_317' title='bbox 871 2397 1068 2428; x_wconf 84' lang='lat' dir='ltr'>consolatura</span> <span class='ocrx_word' id='word_1_318' title='bbox 1094 2395 1266 2437; x_wconf 86' lang='lat' dir='ltr'>amplificat</span> <span class='ocrx_word' id='word_1_319' title='bbox 1288 2393 1473 2435; x_wconf 85' lang='lat' dir='ltr'>dignitatem</span> <span class='ocrx_word' id='word_1_320' title='bbox 1495 2394 1531 2424; x_wconf 86' lang='lat' dir='ltr'>fi-</span> 
     </span>
     <span class='ocr_line' id='line_1_58' title="bbox 871 2443 1531 2485; baseline -0.005 -9"><span class='ocrx_word' id='word_1_321' title='bbox 871 2446 933 2477; x_wconf 80' lang='lat' dir='ltr'>liae.</span> <span class='ocrx_word' id='word_1_322' title='bbox 978 2445 1081 2476; x_wconf 84' lang='lat' dir='ltr'>Etiam</span> <span class='ocrx_word' id='word_1_323' title='bbox 1103 2444 1136 2475; x_wconf 88' lang='lat' dir='ltr'>in</span> <span class='ocrx_word' id='word_1_324' title='bbox 1159 2451 1307 2479; x_wconf 79' lang='lat' dir='ltr'>matrona,</span> <span class='ocrx_word' id='word_1_325' title='bbox 1327 2443 1453 2485; x_wconf 87' lang='lat' dir='ltr'>conjux,</span> <span class='ocrx_word' id='word_1_326' title='bbox 1474 2443 1531 2474; x_wconf 89' lang='lat' dir='ltr'>ali-</span> 
     </span>
     <span class='ocr_line' id='line_1_59' title="bbox 872 2492 1532 2536; baseline -0.006 -11"><span class='ocrx_word' id='word_1_327' title='bbox 872 2494 948 2536; x_wconf 91' lang='lat' dir='ltr'>quid</span> <span class='ocrx_word' id='word_1_328' title='bbox 972 2492 1132 2535; x_wconf 85' lang='lat' dir='ltr'>dignitatis</span> <span class='ocrx_word' id='word_1_329' title='bbox 1156 2497 1213 2524; x_wconf 83' lang='lat' dir='ltr'>est.</span> <span class='ocrx_word' id='word_1_330' title='bbox 1260 2493 1440 2523; x_wconf 79' lang='lat' dir='ltr'>Pollentiam</span> <span class='ocrx_word' id='word_1_331' title='bbox 1464 2492 1532 2532; x_wconf 85' lang='lat' dir='ltr'>ejus</span> 
     </span>
     <span class='ocr_line' id='line_1_60' title="bbox 872 2540 1532 2585; baseline -0.008 -10"><span class='ocrx_word' id='word_1_332' title='bbox 872 2544 966 2575; x_wconf 84' lang='lat' dir='ltr'>Pluto</span> <span class='ocrx_word' id='word_1_333' title='bbox 980 2543 1046 2585; x_wconf 87' lang='lat' dir='ltr'>ipse</span> <span class='ocrx_word' id='word_1_334' title='bbox 1066 2543 1098 2573; x_wconf 90' lang='lat' dir='ltr'>in</span> <span class='ocrx_word' id='word_1_335' title='bbox 1117 2542 1149 2573; x_wconf 87' lang='lat' dir='ltr'>h.</span> <span class='ocrx_word' id='word_1_336' title='bbox 1164 2543 1291 2573; x_wconf 88' lang='lat' dir='ltr'>Homer.</span> <span class='ocrx_word' id='word_1_337' title='bbox 1309 2542 1371 2572; x_wconf 84' lang='grc'>365</span> <span class='ocrx_word' id='word_1_338' title='bbox 1391 2552 1460 2582; x_wconf 86' lang='lat' dir='ltr'>sqq.</span> <span class='ocrx_word' id='word_1_339' title='bbox 1477 2540 1532 2571; x_wconf 88' lang='lat' dir='ltr'>de-</span> 
     </span>
     <span class='ocr_line' id='line_1_61' title="bbox 872 2589 1532 2632; baseline -0.008 -9"><span class='ocrx_word' id='word_1_340' title='bbox 872 2592 990 2624; x_wconf 77' lang='lat' dir='ltr'>scribit.</span> <span class='ocrx_word' id='word_1_341' title='bbox 1021 2591 1207 2627; x_wconf 86' lang='lat' dir='ltr'>Claudiano‚</span> <span class='ocrx_word' id='word_1_342' title='bbox 1222 2590 1245 2621; x_wconf 81' lang='grc' dir='ltr'>ἰ.</span> <span class='ocrx_word' id='word_1_343' title='bbox 1263 2591 1294 2621; x_wconf 88' lang='grc'>3.</span> <span class='ocrx_word' id='word_1_344' title='bbox 1305 2590 1458 2632; x_wconf 76' lang='lat' dir='ltr'>prqfunda</span> <span class='ocrx_word' id='word_1_345' title='bbox 1473 2589 1532 2619; x_wconf 79' lang='lat' dir='ltr'>Ju-</span> 
     </span>
     <span class='ocr_line' id='line_1_62' title="bbox 873 2638 1533 2681; baseline -0.003 -9"><span class='ocrx_word' id='word_1_346' title='bbox 873 2653 910 2672; x_wconf 84' lang='lat' dir='ltr'>no</span> <span class='ocrx_word' id='word_1_347' title='bbox 938 2641 1070 2679; x_wconf 80' lang='lat' dir='ltr'>dicitur3</span> <span class='ocrx_word' id='word_1_348' title='bbox 1108 2640 1199 2681; x_wconf 83' lang='lat' dir='ltr'>Virg.</span> <span class='ocrx_word' id='word_1_349' title='bbox 1229 2639 1358 2670; x_wconf 80' lang='lat' dir='ltr'>AEneid.</span> <span class='ocrx_word' id='word_1_350' title='bbox 1389 2638 1431 2669; x_wconf 87' lang='lat' dir='ltr'>vi.</span> <span class='ocrx_word' id='word_1_351' title='bbox 1461 2639 1533 2670; x_wconf 87' lang='grc'><strong>138.</strong></span> 
     </span>
     <span class='ocr_line' id='line_1_63' title="bbox 873 2687 1532 2732; baseline -0.005 -11"><span class='ocrx_word' id='word_1_352' title='bbox 873 2691 955 2721; x_wconf 81' lang='lat' dir='ltr'>Juno</span> <span class='ocrx_word' id='word_1_353' title='bbox 983 2691 1116 2732; x_wconf 79' lang='lat' dir='ltr'>inferna,</span> <span class='ocrx_word' id='word_1_354' title='bbox 1139 2696 1171 2720; x_wconf 84' lang='lat' dir='ltr'>et</span> <span class='ocrx_word' id='word_1_355' title='bbox 1197 2699 1216 2720; x_wconf 81' lang='lat' dir='ltr'>a</span> <span class='ocrx_word' id='word_1_356' title='bbox 1239 2688 1352 2719; x_wconf 88' lang='lat' dir='ltr'>Nostro</span> <span class='ocrx_word' id='word_1_357' title='bbox 1374 2687 1436 2718; x_wconf 87' lang='lat' dir='ltr'>xiv.</span> <span class='ocrx_word' id='word_1_358' title='bbox 1460 2689 1532 2719; x_wconf 87' lang='grc'><strong>115.</strong></span> 
     </span>
     <span class='ocr_line' id='line_1_64' title="bbox 874 2739 1102 2770; baseline 0 0"><span class='ocrx_word' id='word_1_359' title='bbox 874 2741 994 2770; x_wconf 75' lang='lat' dir='ltr'>Averna</span> <span class='ocrx_word' id='word_1_360' title='bbox 1008 2739 1031 2769; x_wconf 88' lang='lat' dir='ltr'><strong><em>J</em></strong></span> <span class='ocrx_word' id='word_1_361' title='bbox 1031 2751 1102 2770; x_wconf 82' lang='lat' dir='ltr'>uno.</span> 
     </span>
    </p>
   </div>
  </div>
 </body>
</html>
