1763 3181
403 150 1024 193 METAMORPHOSEON
1057 151 1178 193 LIB.
1211 151 1295 193 VI.

1461 151 1546 194 399

158 263 202 310 A
227 265 409 327 quibus
435 266 497 313 ad
523 267 702 314 coelum
726 267 925 315 liventia
948 267 1152 316 brachia
1170 267 1400 324 tendens,

157 346 188 365 “
216 341 447 399 Pascere,
470 344 701 401 crudelis,
728 351 912 400 nostro,
941 343 1145 401 Latona,
1169 344 1355 400 dolore,

1448 347 1546 391 280

156 418 410 481 [Pascere,
438 421 521 478 ait,
550 422 776 485 satiaque
802 438 911 469 meo
937 429 1024 469 tua
1046 430 1252 485 pectora
1275 421 1455 482 luctu,]

157 495 357 560 Corque
376 497 534 545 ferum
559 499 733 554 satia,⁷'
760 499 888 545 dixit
909 516 918 546 :
951 504 980 522 ‘⁶
1008 515 1096 562 per
1120 498 1293 545 funera
1317 505 1511 562 septem

155 572 373 622 Efferor:
413 576 599 632 exulta,
626 576 905 639 victrixque
930 576 1130 624 inimica
1153 575 1419 639 triumpha.

155 650 259 698 Cur
283 659 450 699 autem
474 654 684 701 victrix?
722 655 914 702 miserae
946 654 1066 700 mihi
1092 655 1236 718 plura
1260 658 1542 716 supersunt,

153 726 317 782 Quam
340 729 431 776 tibi
455 729 614 778 felici:
642 739 758 794 post
780 738 855 778 tot
879 747 1080 794 quoque
1105 731 1277 778 funera
1300 728 1494 776 vinco.”

153 805 390 855 Dixerat:
430 807 650 855 insonuit
674 816 908 856 contento
934 825 1112 856 nervus
1138 809 1200 856 ab
1227 824 1370 864 arcu;

1445 809 1541 853 286

86 873 97 881 ”
152 883 266 941 Qui,
293 892 472 948 praeter
497 886 696 934 Nioben
718 903 882 943 unam,
910 886 1181 934 conterruit
1205 900 1406 932 omnes:

151 960 246 1008 Illa
268 962 398 1009 malo
423 970 500 1010 est
524 963 706 1011 audax.
749 963 960 1010 Stabant
985 978 1098 1010 cum
1116 963 1338 1009 vestibus
1365 961 1483 1009 atris

149 1037 283 1086 Ante
307 1046 439 1087 toros
464 1039 670 1087 fratrum
696 1040 913 1087 demisso
938 1041 1073 1087 crine
1098 1056 1317 1087 sorores:

150 1115 192 1163 E
219 1116 401 1179 quibus
427 1134 541 1173 una,
567 1118 770 1164 trahens
796 1117 1034 1164 haerentia
1052 1117 1241 1164 viscere
1266 1116 1382 1173 tela,
1443 1118 1541 1164 290

149 1193 393 1258 Imposito
417 1194 553 1241 fratri
578 1195 872 1241 moribunda
895 1194 1142 1256 relanguit
1165 1210 1248 1241 ore
1267 1211 1276 1241 ε

148 1271 336 1328 Altera,
364 1272 511 1319 solari
535 1273 767 1320 miseram
787 1278 967 1319 conata
990 1278 1263 1335 parentem,

150 1349 407 1415 Conticuit
431 1350 610 1405 subito,
637 1349 994 1413 duplicataque
1017 1348 1220 1395 vulnere
1241 1363 1374 1394 caeco
1398 1354 1502 1405 est3

148 1426 377 1490 [Oraque
396 1427 708 1491 compressit,
730 1427 824 1473 nisi
850 1434 1117 1491 postquam
1143 1425 1342 1489 spiritus
1368 1425 1516 1486 exit.]

149 1503 274 1552 Haec
298 1504 481 1552 frustra
503 1504 698 1568 fugiens
723 1505 1012 1563 collabitur3
1054 1504 1138 1551 illa
1163 1504 1315 1550 sorori

190 1678 372 1708 280—282.
394 1676 533 1714 Pascere,
549 1678 630 1719 etc.]
658 1679 806 1710 Heinsius

146 1727 268 1758 censuit
289 1727 462 1758 tollendum
481 1739 600 1759 versum
621 1730 695 1759 282.
712 1740 806 1770 quem

145 1775 314 1807 commenti
336 1776 407 1812 sint,
425 1776 478 1818 qui
502 1788 562 1808 non
583 1778 805 1815 intellexerint,

145 1831 300 1867 quantum
319 1832 400 1856 esset
420 1826 573 1857 acuminis
593 1826 624 1857 iu
640 1827 705 1864 illo,
723 1828 805 1869 Effe-

143 1885 216 1911 ‘roi-3
240 1880 307 1910 aut,
325 1875 350 1905 si
374 1874 443 1916 quis
459 1875 560 1912 malit,
576 1887 665 1917 posse
687 1887 803 1918 praece-

143 1924 269 1955 dentem
286 1924 395 1955 deleri.
421 1924 550 1955 Certum
566 1931 623 1961 est,
640 1936 700 1956 non
715 1937 803 1967 posse

143 1980 309 2015 utrumque
325 1984 448 2004 versum
465 1973 604 2010 Pascere,
616 1977 671 2010 ait,
685 1981 715 2005 et
729 1976 802 2005 Cor—

142 2034 211 2063 que,
236 2030 299 2054 etc.
328 2023 497 2064 genuinum
528 2034 608 2054 esse.
655 2025 804 2055 Heinsius

142 2072 343 2115 posteriorem
371 2072 460 2103 uncis
487 2072 625 2110 inclusit,
652 2084 709 2114 ego
737 2073 801 2115 pri-

142 2132 238 2158 orem,
251 2122 326 2163 quia
336 2121 390 2152 ille
402 2122 552 2158 acerbior,
567 2128 598 2153 et
609 2122 684 2163 quia
695 2122 803 2164 efferor

143 2172 253 2213 (sensu
276 2170 427 2211 funebri‚)
443 2171 673 2214 perspicuitatis
696 2182 801 2208 causa,

141 2221 237 2252 verba
248 2220 428 2261 pei-funera
440 2228 545 2260 septem
559 2221 706 2262 postulat.
730 2221 800 2252 Cae-

141 2274 243 2300 terum
267 2271 349 2309 pasci
377 2275 409 2300 et
429 2270 538 2311 serim
564 2269 608 2300 sic
640 2270 801 2311 conjunxit

118 2318 236 2349 ‘etiam
265 2318 432 2349 Claudian.
460 2318 535 2348 xxii.
568 2320 617 2349 14.
645 2319 699 2349 ubi
728 2319 800 2351 Dea

143 2367 320 2399 Clementia
346 2368 450 2405 docet,
470 2374 506 2399 ut
527 2370 622 2408 poenis
650 2369 800 2399 hominnm

141 2418 188 2448 vel
212 2419 361 2459 sanguine
394 2419 477 2458 pasci
512 2418 611 2458 Turpe
636 2418 801 2459 ferumque

138 2473 236 2506 putes.
275 2467 470 2507 Victi-imme,-
486 2466 550 2498 voti
565 2477 708 2509 compos:
726 2468 799 2498 hinc

141 2522 246 2547 autem
261 2517 358 2547 stulta
372 2516 491 2547 Niobes
512 2516 657 2558 superbia
679 2516 798 2558 colligi-

141 2572 201 2602 tur,
217 2576 287 2607 quae
308 2576 347 2596 ne
364 2565 496 2596 filiorum
514 2566 641 2607 quidem
656 2573 752 2597 morte
767 2566 800 2598 in

141 2616 227 2646 Deos
241 2615 411 2646 maledicta
421 2615 541 2657 jactare
556 2615 689 2647 desinat.

184 2666 259 2696 286.
273 2666 382 2702 Arcus,
407 2676 518 2707 nempe
541 2665 668 2702 Dianae,
695 2676 714 2696 a
737 2676 800 2707 qua

141 2713 221 2745 filias
242 2714 422 2746 interfectas
445 2725 511 2746 esse
535 2715 639 2746 caeteri
659 2720 800 2746 auctores

1439 1505 1535 1551 295

874 1679 1014 1714 tradunt,
1041 1683 1136 1719 atque
1162 1678 1275 1708 Noster
1296 1674 1374 1718 ipse,
1390 1684 1453 1706 ver.
1472 1675 1535 1706 215

873 1740 945 1770 sqq.
963 1727 1046 1759 haud
1062 1729 1190 1758 obscure
1211 1726 1341 1756 indicat.
1371 1724 1536 1756 Perierunt

874 1785 977 1808 autem
994 1778 1068 1813 illae,
1085 1776 1178 1807 etiam
1195 1776 1330 1806 Homero
1349 1781 1486 1811 auctore,
1502 1773 1535 1805 in

873 1827 970 1868 regia.
1017 1824 1155 1856 Nomina
1180 1835 1286 1855 earum
1308 1824 1441 1855 Ovidius
1462 1823 1536 1855 reti-

873 1882 934 1906 cet.
971 1876 1082 1906 Portas
1096 1875 1273 1905 Thebarum
1290 1874 1329 1904 ab
1344 1872 1382 1904 iis
1396 1884 1463 1905 esse
1479 1884 1533 1915 ap-

872 1925 1017 1967 pellatas,
1034 1930 1138 1954 narrat
1154 1923 1273 1964 Hygin.

914 1976 988 2005 288.
1004 1975 1086 2004 Atriis
1102 1981 1190 2004 restes
1211 1973 1242 2003 in
1258 1973 1345 2004 luctu
1366 1972 1532 2003 mulierum

870 2023 1054 2064 priscarum.
1101 2022 1184 2054 Vide
1212 2022 1436 2058 Winkelmann,
1459 2022 1533 2052 His—

871 2074 945 2103 toire
968 2074 1004 2102 cle
1028 2072 1110 2102 L'Art
1131 2072 1198 2102 chez
1221 2072 1260 2101 les
1275 2073 1459 2112 Anciens,p.
1475 2071 1530 2102 77.

872 2121 1002 2152 Demisso
1027 2123 1133 2158 crine,·
1157 2120 1315 2151 dissolutis
1338 2120 1472 2161 capillis,
1496 2126 1531 2152 ut

870 2171 935 2202 fieri
950 2172 1029 2202 solet
1043 2170 1075 2201 in
1091 2171 1189 2201 luctu.
1226 2170 1322 2206 Toros,
1335 2169 1480 2206 lectulos,
1498 2170 1531 2202 in

869 2220 984 2262 quibus
999 2226 1087 2251 erant
1102 2219 1142 2250 ad
1155 2220 1248 2251 sunus
1263 2218 1460 2261 compositos.

911 2271 986 2300 293.
1011 2269 1207 2309 Duplicari]
1238 2269 1282 2299 Ut
1296 2270 1408 2300 Graece
1426 2268 1529 2300 πτύσ-

868 2320 989 2356 σεσθαι,
1006 2330 1059 2361 pro
1082 2319 1255 2349 incurvari:
1281 2318 1352 2349 vide
1374 2319 1529 2350 Burman-

869 2380 943 2400 num
967 2369 1006 2400 ad
1030 2368 1113 2399 hunc
1136 2368 1251 2404 locum,
1267 2373 1298 2398 et
1313 2367 1473 2410 Heynium
1489 2368 1529 2399 ad

868 2418 1048 2460 Virgilium,
1071 2418 1201 2449 AEneid.
1226 2417 1268 2448 xi.
1290 2418 1366 2448 645.
1393 2417 1446 2459 qui
1473 2419 1527 2449 ob-

867 2476 971 2498 servat
1007 2478 1074 2499 esse
1100 2468 1302 2498 Homericum
1338 2465 1527 2506 ἰόνοῦσθαι;

868 2517 1015 2549 Valerius
1043 2516 1214 2553 Maximus,
1239 2528 1268 2547 v.
1290 2517 1317 2547 1.
1338 2517 1526 2555 duplicatum

855 2567 980 2608 frigore
1008 2577 1124 2606 corpus.
1169 2565 1258 2597 Idem
1281 2565 1443 2607 Virgilius,
1466 2567 1525 2597 AE-

866 2616 950 2647 neid.
967 2616 1022 2646 xii.
1038 2617 1113 2647 926.
1126 2617 1235 2646 incidit
1250 2616 1526 2654 ictus—duplicato

864 2667 975 2706 poplite
1003 2665 1135 2695 Turnus.
1178 2664 1292 2696 Confer
1321 2670 1352 2696 et
1376 2664 1526 2696 Gronovii

867 2715 1032 2746 Observat.
1048 2715 1091 2746 iv.
1107 2725 1136 2756 p.
1153 2714 1226 2745 747.
