1763 3181
226 188 313 231 274
613 185 664 225 Ρ.
703 184 915 226 OVIDII
950 185 1229 228 NASONIS

225 305 455 356 Penthea
463 300 833 358 tu‚venerande,
846 299 1311 364 bipenniferumque
1324 301 1606 368 Lycurgum

226 381 505 444 Sacrilegos
529 385 717 426 mactas
738 397 749 435 ;
779 377 1137 441 Tyrrhenaque
1162 378 1317 425 mittis
1338 379 1387 426 in
1413 395 1582 444 aequor

226 462 449 524 Corpora
469 473 479 504 z
518 462 573 502 tu
596 454 823 518 bijugum
847 454 994 518 pictis
1019 454 1231 518 insignia
1250 454 1400 503 frenis
1542 462 1606 506 24

223 538 368 587 Colla
390 532 574 599 premis
599 532 802 595 lyncum
821 548 830 578 :
862 529 1076 578 Bacchae
1097 531 1365 596 Satyrique
1386 548 1603 597 sequun-

222 615 423 677 Quique
446 625 601 657 senex
626 608 782 656 ferula
806 608 1081 656 titubantes
1107 609 1272 656 ebrius
1298 616 1432 657 artus
1471 611 1601 673 [tur;

224 689 465 742 Sustinet,
490 693 575 734 aut
597 685 762 749 pando
788 701 886 731 non
910 683 1100 733 fortiter
1123 686 1277 733 haeret
1300 686 1468 734 asello.

220 822 352 857 deformi
380 821 504 853 dicitur.
548 821 590 851 H.
615 820 638 851 1.
667 820 750 851 color
773 820 879 851 fuscus

220 872 416 914 intelligitur.
468 868 563 900 Fusci
591 868 675 899 enim
703 874 774 899 sunt
807 868 879 899 Indi

219 929 343 966 propter
371 919 445 951 solis
473 924 602 949 aestum:
637 918 742 948 Tibul.
767 918 812 948 II.
837 917 878 948 vi.

221 974 283 1011 123
305 970 372 1001 vid.
388 967 582 999 Brouckhus.
601 966 641 997 ad
662 966 802 1008 Propert.
817 966 878 997 IV.

219 1022 266 1053 iii.
289 1021 339 1051 lO.
386 1018 521 1048 Furtum
543 1022 661 1057 gentem
683 1015 780 1046 Indos
800 1014 880 1045 dixit

218 1072 238 1103 J
243 1068 396 1103 uvenalis,
412 1065 465 1097 xii.
480 1066 532 1097 86.
570 1064 692 1106 Nempe
703 1064 815 1105 furws
831 1063 879 1094 di-

220 1120 334 1152 cebant
352 1114 550 1149 recentiores,
571 1124 648 1154 quos
672 1112 792 1154 antiqui
803 1112 878 1155 sus-

217 1180 273 1201 cos.
320 1166 447 1197 Decolor
479 1163 575 1194 Indus
604 1167 652 1193 est
677 1162 784 1197 etiam,
811 1161 877 1192 vid.

216 1218 311 1250 Trist.
334 1216 387 1246 III
401 1227 410 1253 ;
442 1218 474 1244 et
499 1212 616 1243 decolor
641 1210 744 1247 India,
769 1211 879 1242 Senec.

219 1268 317 1310 Hipp.
333 1265 408 1296 344.
447 1263 579 1293 Coloratz'
598 1261 678 1297 Indi,
692 1270 803 1301 nempe
819 1261 877 1291 AE-

217 1317 350 1358 thiopes‚
366 1311 481 1354 Virgil.
505 1311 620 1351 Georg.
642 1309 684 1340 iv.
704 1310 779 1340 293.
805 1308 876 1339 Tin-

217 1369 338 1409 guitur,
354 1359 539 1404 exquisitius
555 1369 660 1401 quam,
675 1357 830 1398 irrigatur,
845 1363 878 1389 et

218 1415 302 1458 quod
323 1413 462 1456 quinque
487 1415 518 1441 et
537 1409 633 1440 nostri
648 1408 744 1449 Regii
762 1408 877 1439 habent

217 1467 367 1507 cingitur.
404 1460 498 1492 India
520 1470 582 1490 non
601 1457 736 1499 cingitur
753 1457 876 1498 Gange.

216 1513 337 1546 Suadet
350 1512 551 1542 Burmannus
561 1507 711 1548 finditur,
728 1505 803 1547 quia
822 1506 875 1537 In-

218 1564 271 1595 dia
285 1563 317 1593 in
333 1561 410 1592 duas
424 1564 528 1601 partes
544 1557 583 1587 ab
600 1567 637 1587 eo
654 1555 780 1586 flumine
795 1555 875 1586 divi-

217 1612 312 1643 ditur.
362 1608 464 1639 Hodie
500 1605 639 1648 quidem,
677 1604 733 1635 sed
768 1603 875 1635 Ovidii

214 1659 405 1703 temporibus
422 1657 543 1697 Ganges
561 1659 628 1685 erat
648 1652 798 1684 terminus
817 1653 873 1683 In-

214 1709 298 1748 diae;
321 1707 393 1738 vide
415 1706 457 1742 Q.
478 1704 635 1739 Curtium,
653 1702 717 1733 viii.
736 1703 776 1741 9;
801 1702 873 1733 hinc

214 1765 360 1790 extremus
377 1755 497 1795 Ganges
512 1752 638 1784 dicitur.

256 1808 310 1838 22.
336 1805 470 1835 Penthea
486 1801 548 1842 tu.]
576 1802 615 1831 In
629 1799 777 1831 laudibus
792 1800 875 1831 Bac-

215 1856 266 1888 chi
295 1850 529 1886 commemorari
550 1849 644 1881 etiam
668 1849 747 1880 solet
767 1859 874 1891 poena,

215 1916 279 1948 qua
300 1904 448 1935 affecerat
473 1905 698 1941 contemptores
721 1898 875 1939 orgiorum

215 1963 351 1986 suorum.
388 1951 572 1984 l'enernnde,
595 1954 721 1984 sancte3
745 1957 803 1977 vox
825 1957 874 1978 so-

214 2003 317 2035 lennis
331 2001 364 2032 in
374 1997 624 2031 invocationibus
635 1996 785 2027 Deorum.
809 1996 872 2037 Ly-

214 2063 338 2094 curgus,
365 2047 518 2090 Dryantis
545 2046 639 2082 filius,
669 2045 813 2076 Edonum
842 2045 874 2076 in

212 2102 348 2133 'lbracia
375 2110 440 2135 rex,
465 2097 554 2138 cujus
582 2095 726 2137 impietas
750 2102 781 2125 et
800 2106 871 2137 sup-

213 2150 343 2194 plicium
365 2147 449 2179 varie
472 2150 631 2176 narratur:
656 2143 722 2174 vid.
742 2143 872 2174 Homer.

214 2200 255 2231 Il.
282 2203 316 2230 Z.
340 2198 401 2228 130
424 2206 514 2237 sqq.;
537 2193 641 2225 Schol.
664 2193 742 2223 Hor.
764 2192 803 2223 ad
827 2193 873 2225 ΙΙ.

216 2249 278 2280 Od.
307 2247 389 2283 xix3
425 2243 544 2286 Hygin-
573 2242 636 2272 fab.
662 2242 745 2279 1323
778 2241 874 2273 Diod.

213 2298 277 2330 Sic.
298 2296 343 2327 iii.
359 2296 421 2333 64;
448 2291 608 2324 Plutarch.
632 2291 672 2322 de
694 2290 767 2322 aud.
789 2298 872 2332 poet.

214 2359 245 2390 p.
262 2348 293 2377 6.
313 2345 365 2376 ed.
388 2343 521 2380 Krebs.;
544 2339 693 2383 Apollod.
719 2340 782 2370 ΠΙ.
797 2351 825 2370 ν.
843 2341 871 2371 1.

213 2395 310 2438 Apud
322 2394 503 2427 Homerum,
516 2389 636 2421 Bacchi
649 2388 785 2420 nutrices
800 2399 871 2419 cum

213 2445 333 2485 bipenni
352 2440 559 2485 persequitur,
576 2449 708 2480 eamque
730 2439 769 2469 ob
795 2447 869 2468 cau-

211 2505 277 2526 sam
302 2503 320 2523 a
344 2493 422 2523 Jove
445 2494 642 2526 excaecatur;
662 2488 755 2529 juxta
771 2487 869 2528 Hygi-

213 2553 288 2574 num
307 2551 389 2576 vero,
407 2548 504 2580 quum
526 2536 690 2568 Bacchum
713 2536 752 2566 de
776 2546 871 2577 regno

213 2593 362 2634 fugasset,
373 2586 533 2631 pantheris
548 2585 692 2628 objicitur
707 2586 746 2616 ab
761 2585 871 2616 eodem

213 2643 291 2677 Deo,
310 2646 472 2682 postquam
487 2635 607 2667 insania
616 2641 774 2677 correptus
791 2645 867 2666 uxo-

211 2701 274 2723 rem
297 2696 328 2720 et
352 2688 449 2719 filiurn
475 2685 683 2717 interfecerat.
722 2685 867 2724 Bipenni-

202 2743 259 2783 ser
286 2744 413 2769 vocatur
439 2736 532 2768 etiam
559 2736 600 2766 V.
624 2734 717 2766 Trist.
747 2734 792 2765 iii.
815 2735 867 2765 39.

947 820 1118 862 Securiger,
1147 821 1257 851 Senec.
1284 821 1390 862 OEdip.
1415 831 1504 852 versu
1528 823 1604 854 471.

947 869 1043 911 Apud
1058 869 1229 900 Homerum
1244 869 1277 900 d.
1291 870 1312 900 l.
1336 870 1393 900 fert
1411 869 1606 913 βουπλῆγα,

947 918 1044 959 quod,
1072 918 1238 960 interprete
1262 919 1408 949 Eustath.
1431 929 1531 960 genus
1558 931 1607 952 se-

947 966 1029 998 curis
1054 966 1218 1008 significat,
1243 977 1304 1008 quo
1328 967 1408 998 tauri
1433 967 1534 999 occidi
1557 979 1605 1000 so·

946 1015 1078 1047 lebant:
1114 1017 1272 1054 Βουπλὴξ
1297 1014 1510 1054 ἒὲ-πέλεκυς
1529 1016 1608 1057 βοὸς

946 1064 1157 1107 ἀναιρετικός.
1183 1066 1360 1108 δαεήῖεὲοε,
1378 1072 1607 1109 contemptores

945 1124 1103 1145 sacrorum
1130 1120 1162 1145 et
1187 1114 1354 1146 insolentes
1376 1115 1408 1146 in
1431 1115 1537 1146 Deum
1558 1116 1606 1159 ip-

946 1173 1027 1194 sum.
1075 1163 1231 1204 Tyrrhena
1260 1174 1394 1203 corpora.
1421 1164 1607 1205 Tyrrhenos.

946 1211 1173 1243 Fast.iii.723.
1198 1211 1506 1252 Tyrrhenamonstra.
1530 1212 1605 1244 Fre-

946 1262 993 1291 nis
1005 1263 1104 1300 pictis,
1120 1271 1194 1292 auro
1209 1266 1401 1302 argentoque
1417 1260 1584 1293 distinctis.

989 1311 1040 1340 25.
1053 1310 1137 1340 Colla
1145 1311 1263 1350 premis,
1274 1309 1394 1341 scilicet
1403 1310 1491 1352 jugo.
1518 1310 1604 1351 Lyn-

945 1370 1009 1390 ces:
1033 1358 1104 1390 vide
1124 1358 1164 1389 ad
1186 1358 1232 1390 iii.
1248 1360 1322 1390 668.
1359 1359 1474 1400 Satyri,
1490 1369 1602 1402 perpe-

943 1407 989 1438 tui
1017 1414 1048 1439 et
1072 1407 1181 1438 fideles
1205 1407 1324 1438 Bacchi
1347 1407 1500 1438 comites:
1531 1408 1603 1441 vide

943 1456 988 1487 xi.
1005 1457 1066 1494 89;
1081 1456 1175 1487 Trist.
1192 1456 1234 1487 V.
1250 1455 1296 1487 iii.
1315 1456 1367 1487 37.
1404 1457 1509 1497 Satyri
1523 1456 1601 1489 nihil

944 1504 1031 1536 aliud
1048 1504 1180 1535 hominis
1203 1515 1297 1546 quam
1320 1505 1451 1546 figuram
1473 1504 1602 1538 habent.

943 1553 981 1585 In
997 1554 1161 1596 AEthiopia
1175 1560 1356 1590 nascuntur,
1372 1553 1503 1585 aduncis
1518 1555 1601 1586 nari-

942 1603 1011 1639 bus,
1038 1613 1149 1645 aspera
1181 1603 1326 1634 cornibus
1360 1603 1472 1641 fronte,
1503 1604 1600 1646 pedes

943 1652 1084 1694 caprinos
1095 1652 1258 1684 habentes.
1289 1653 1419 1684 Illorum
1433 1653 1600 1686 saltatione

943 1712 980 1732 ac
1000 1702 1081 1744 jocis
1101 1708 1133 1733 et
1151 1702 1214 1733 risu
1233 1702 1400 1744 plurimum
1416 1702 1599 1735 oblectaba-

942 1756 991 1782 tur
1005 1751 1163 1782 Bacchus.
1199 1751 1302 1788 Senex,
1325 1751 1460 1788 Silenus,
1477 1752 1600 1784 Bacchi

941 1807 1112 1843 praeceptor
1137 1806 1169 1832 et
1199 1807 1366 1843 perpetuus
1399 1812 1515 1834 comes.
1560 1803 1600 1834 In

941 1849 1151 1881 monumentis
1180 1850 1316 1892 antiquis
1343 1850 1392 1881 vel
1417 1850 1516 1881 ferula
1552 1851 1599 1882 ni-

941 1904 1022 1934 tem,
1050 1898 1100 1929 vel
1127 1898 1214 1930 asino
1235 1897 1374 1930 insidens
1395 1906 1599 1941 repraesenta-

940 1951 991 1977 tur
1004 1959 1010 1976 :
1028 1947 1099 1977 vide
1111 1947 1252 1978 Perizon.
1263 1947 1303 1978 ad
1315 1947 1491 1984 AEHanum,
1504 1949 1545 1980 V.
1555 1949 1599 1981 H.

940 1995 986 2026 iii.
1008 1996 1069 2034 183
1092 1996 1146 2026 ubi
1166 2006 1203 2026 ex
1223 2001 1355 2037 utroque
1378 2007 1492 2038 genere
1511 2007 1599 2038 gem-

940 2056 1011 2076 mae.
1047 2046 1075 2075 F
1075 2046 1172 2079 eruta.
1189 2044 1323 2088 νάρθηξ,
1336 2046 1468 2077 baculus
1490 2047 1599 2079 oblon-

941 2086 1009 2136 gus,
1032 2105 1128 2126 cavus
1149 2101 1181 2126 et
1204 2095 1381 2137 recipiendo
1403 2095 1468 2137 igni
1493 2104 1596 2138 aptus,

942 2153 1003 2185 quo
1018 2143 1050 2173 in
1065 2143 1171 2185 primis
1186 2143 1333 2174 Bacchus
1344 2149 1375 2174 et
1386 2144 1517 2175 ministri
1533 2145 1600 2187 ejus

940 2193 985 2223 uti
1009 2193 1169 2232 solebant;
1193 2193 1264 2224 vide
1284 2194 1414 2224 Barnes.
1429 2193 1470 2224 ad
1490 2194 1599 2237 Eurip.

941 2242 1059 2274 Bacch.
1075 2253 1138 2273 ver.
1156 2243 1228 2273 147.
1249 2249 1281 2273 et
1302 2243 1443 2274 Perizon.
1457 2243 1488 2274 d.
1509 2243 1530 2274 l.
1544 2244 1597 2275 ubi

940 2292 1007 2333 ejus
1028 2292 1149 2334 species
1172 2302 1328 2334 expressa.
1366 2292 1511 2324 Imitatus
1528 2293 1596 2324 No-

939 2347 1037 2372 strum
1056 2347 1103 2372 est
1123 2341 1328 2378 Claudianus,
1349 2341 1446 2384 Rapt.
1465 2342 1553 2373 Pros.
1576 2342 1598 2375 i.

941 2391 978 2422 19
995 2403 1000 2420 :
1044 2391 1135 2421 Ebria
1178 2391 1310 2422 Maeoniis
1335 2391 1438 2432 fulcis
1474 2393 1598 2434 vestigia

939 2440 1060 2480 thyrsis.
1085 2439 1174 2480 Virg.
1187 2439 1316 2470 AEneid.
1327 2439 1370 2470 iii.
1387 2440 1468 2471 659:
1485 2446 1597 2471 trunca

936 2491 1025 2528 pinus
1050 2491 1173 2530 vestigia
1192 2489 1314 2529 firmat.
1359 2490 1465 2525 Arnas,
1489 2488 1598 2530 pedes.

940 2537 1007 2567 Non
1021 2537 1152 2579 sortiter
1176 2538 1297 2573 haerere,
1313 2547 1374 2568 non
1398 2537 1525 2568 firmiter
1547 2538 1595 2568 in-

937 2584 1047 2617 sidere.
1085 2585 1153 2617 Cic.
1179 2596 1233 2627 pro
1249 2586 1354 2628 Dejot.
1374 2587 1430 2617 10:
1461 2586 1515 2617 Vir
1536 2587 1594 2617 hae-

936 2646 1001 2665 rere
1031 2638 1063 2666 in
1088 2646 1161 2675 equo
1188 2646 1273 2666 senex
1297 2642 1426 2675 poterat.
1471 2635 1594 2667 Silenus

937 2685 1022 2715 asino
1043 2685 1163 2716 haerens
1187 2684 1219 2716 in
1243 2685 1452 2716 monumentis
1471 2690 1595 2717 tenetur

937 2745 955 2765 a
970 2735 1088 2766 Fauno.
1393 2727 1397 2731 ’
