<?xml version="1.0" encoding="UTF-8"?>
<!DOCTYPE html PUBLIC "-//W3C//DTD XHTML 1.0 Transitional//EN"
    "http://www.w3.org/TR/xhtml1/DTD/xhtml1-transitional.dtd">
<html xmlns="http://www.w3.org/1999/xhtml" xml:lang="en" lang="en">
 <head>
  <title>
</title>
<meta http-equiv="Content-Type" content="text/html;charset=utf-8" />
  <meta name='ocr-system' content='tesseract 3.04.00' />
  <meta name='ocr-capabilities' content='ocr_page ocr_carea ocr_par ocr_line ocrx_word'/>
</head>
<body>
  <div class='ocr_page' id='page_1' title='image "./povidiinasonisop03oviduoft_0055.png"; bbox 0 0 1729 3207; ppageno 0'>
   <div class='ocr_carea' id='block_1_1' title="bbox 284 208 1493 254">
    <p class='ocr_par' dir='ltr' id='par_1_1' title="bbox 284 208 1493 254">
     <span class='ocr_line' id='line_1_1' title="bbox 284 208 1493 254; baseline -0.002 0"><span class='ocrx_word' id='word_1_1' title='bbox 284 212 372 254; x_wconf 82' lang='lat' dir='ltr'>DE</span> <span class='ocrx_word' id='word_1_2' title='bbox 405 211 621 254; x_wconf 86' lang='lat' dir='ltr'>OPERE</span> <span class='ocrx_word' id='word_1_3' title='bbox 653 208 1305 251; x_wconf 80' lang='lat' dir='ltr'>METAMORPHOSEON.</span> <span class='ocrx_word' id='word_1_4' title='bbox 1423 211 1493 251; x_wconf 86' lang='lat' dir='ltr'>xlv</span> 
     </span>
    </p>
   </div>
   <div class='ocr_carea' id='block_1_2' title="bbox 104 324 1501 2662">
    <p class='ocr_par' dir='ltr' id='par_1_2' title="bbox 104 324 1501 2662">
     <span class='ocr_line' id='line_1_2' title="bbox 105 324 1492 380; baseline -0.003 -11"><span class='ocrx_word' id='word_1_5' title='bbox 105 328 251 376; x_wconf 88' lang='lat' dir='ltr'>centis,</span> <span class='ocrx_word' id='word_1_6' title='bbox 285 327 360 368; x_wconf 87' lang='lat' dir='ltr'>sed</span> <span class='ocrx_word' id='word_1_7' title='bbox 393 334 436 367; x_wconf 89' lang='lat' dir='ltr'>et</span> <span class='ocrx_word' id='word_1_8' title='bbox 466 340 659 380; x_wconf 83' lang='lat' dir='ltr'>personae</span> <span class='ocrx_word' id='word_1_9' title='bbox 691 324 1019 365; x_wconf 86' lang='lat' dir='ltr'>accommodatae</span> <span class='ocrx_word' id='word_1_10' title='bbox 1049 324 1156 364; x_wconf 87' lang='lat' dir='ltr'>sint:</span> <span class='ocrx_word' id='word_1_11' title='bbox 1187 339 1283 378; x_wconf 86' lang='lat' dir='ltr'>quae</span> <span class='ocrx_word' id='word_1_12' title='bbox 1310 330 1492 378; x_wconf 85' lang='lat' dir='ltr'>utraque</span> 
     </span>
     <span class='ocr_line' id='line_1_3' title="bbox 106 401 1493 458; baseline -0.004 -10"><span class='ocrx_word' id='word_1_13' title='bbox 106 406 197 448; x_wconf 85' lang='lat' dir='ltr'>laus</span> <span class='ocrx_word' id='word_1_14' title='bbox 225 407 486 448; x_wconf 87' lang='lat' dir='ltr'>orationibus</span> <span class='ocrx_word' id='word_1_15' title='bbox 514 405 603 446; x_wconf 88' lang='lat' dir='ltr'>fere</span> <span class='ocrx_word' id='word_1_16' title='bbox 629 405 838 453; x_wconf 89' lang='lat' dir='ltr'>omnibus,</span> <span class='ocrx_word' id='word_1_17' title='bbox 861 418 966 458; x_wconf 88' lang='lat' dir='ltr'>quas</span> <span class='ocrx_word' id='word_1_18' title='bbox 993 403 1076 444; x_wconf 85' lang='lat' dir='ltr'>hoe</span> <span class='ocrx_word' id='word_1_19' title='bbox 1102 417 1270 443; x_wconf 88' lang='lat' dir='ltr'>carmen</span> <span class='ocrx_word' id='word_1_20' title='bbox 1292 401 1493 456; x_wconf 87' lang='lat' dir='ltr'>plurimas</span> 
     </span>
     <span class='ocr_line' id='line_1_4' title="bbox 107 481 1495 535; baseline -0.004 -8"><span class='ocrx_word' id='word_1_21' title='bbox 107 486 252 535; x_wconf 87' lang='lat' dir='ltr'>habet,</span> <span class='ocrx_word' id='word_1_22' title='bbox 289 485 484 526; x_wconf 91' lang='lat' dir='ltr'>debetur.</span> <span class='ocrx_word' id='word_1_23' title='bbox 555 482 844 524; x_wconf 82' lang='lat' dir='ltr'>Nobilissimae</span> <span class='ocrx_word' id='word_1_24' title='bbox 881 489 993 530; x_wconf 87' lang='lat' dir='ltr'>sunt,</span> <span class='ocrx_word' id='word_1_25' title='bbox 1030 482 1117 522; x_wconf 79' lang='lat' dir='ltr'>xiii.</span> <span class='ocrx_word' id='word_1_26' title='bbox 1160 481 1300 529; x_wconf 74' lang='lat'>1-378,</span> <span class='ocrx_word' id='word_1_27' title='bbox 1341 481 1495 534; x_wconf 86' lang='lat' dir='ltr'>quibus</span> 
     </span>
     <span class='ocr_line' id='line_1_5' title="bbox 106 559 1497 620; baseline -0.005 -14"><span class='ocrx_word' id='word_1_28' title='bbox 106 564 222 620; x_wconf 88' lang='lat' dir='ltr'>Ajax</span> <span class='ocrx_word' id='word_1_29' title='bbox 251 571 294 605; x_wconf 90' lang='lat' dir='ltr'>et</span> <span class='ocrx_word' id='word_1_30' title='bbox 314 563 491 617; x_wconf 83' lang='lat' dir='ltr'>Ulysses</span> <span class='ocrx_word' id='word_1_31' title='bbox 520 563 573 604; x_wconf 87' lang='lat' dir='ltr'>de</span> <span class='ocrx_word' id='word_1_32' title='bbox 595 561 776 603; x_wconf 88' lang='lat' dir='ltr'>Achillis</span> <span class='ocrx_word' id='word_1_33' title='bbox 798 561 922 601; x_wconf 86' lang='lat' dir='ltr'>armis</span> <span class='ocrx_word' id='word_1_34' title='bbox 952 567 1132 609; x_wconf 87' lang='lat' dir='ltr'>certant,</span> <span class='ocrx_word' id='word_1_35' title='bbox 1154 574 1333 614; x_wconf 83' lang='lat' dir='ltr'>quarum</span> <span class='ocrx_word' id='word_1_36' title='bbox 1364 559 1497 600; x_wconf 82' lang='lat' dir='ltr'>altera</span> 
     </span>
     <span class='ocr_line' id='line_1_6' title="bbox 106 637 1495 698; baseline -0.004 -15"><span class='ocrx_word' id='word_1_37' title='bbox 106 642 452 698; x_wconf 84' lang='lat' dir='ltr'>indignationem,</span> <span class='ocrx_word' id='word_1_38' title='bbox 475 640 608 682; x_wconf 88' lang='lat' dir='ltr'>altera</span> <span class='ocrx_word' id='word_1_39' title='bbox 629 639 903 681; x_wconf 83' lang='lat' dir='ltr'>calliditatem</span> <span class='ocrx_word' id='word_1_40' title='bbox 924 639 1069 693; x_wconf 84' lang='lat' dir='ltr'>spirat,</span> <span class='ocrx_word' id='word_1_41' title='bbox 1085 637 1157 678; x_wconf 91' lang='lat' dir='ltr'>illa</span> <span class='ocrx_word' id='word_1_42' title='bbox 1172 638 1398 678; x_wconf 89' lang='lat' dir='ltr'>vehemens</span> <span class='ocrx_word' id='word_1_43' title='bbox 1416 644 1495 687; x_wconf 88' lang='lat' dir='ltr'>est,</span> 
     </span>
     <span class='ocr_line' id='line_1_7' title="bbox 105 717 1496 775; baseline -0.004 -13"><span class='ocrx_word' id='word_1_44' title='bbox 105 722 197 762; x_wconf 80' lang='lat' dir='ltr'>haec</span> <span class='ocrx_word' id='word_1_45' title='bbox 233 721 466 775; x_wconf 86' lang='lat' dir='ltr'>composita</span> <span class='ocrx_word' id='word_1_46' title='bbox 504 727 547 761; x_wconf 90' lang='lat' dir='ltr'>et</span> <span class='ocrx_word' id='word_1_47' title='bbox 580 720 814 769; x_wconf 85' lang='lat' dir='ltr'>moderata,</span> <span class='ocrx_word' id='word_1_48' title='bbox 850 726 1032 772; x_wconf 84' lang='lat' dir='ltr'>utraque</span> <span class='ocrx_word' id='word_1_49' title='bbox 1064 724 1206 758; x_wconf 87' lang='lat' dir='ltr'>autem</span> <span class='ocrx_word' id='word_1_50' title='bbox 1237 717 1496 771; x_wconf 81' lang='lat' dir='ltr'>argumentis</span> 
     </span>
     <span class='ocr_line' id='line_1_8' title="bbox 107 795 1495 853; baseline -0.004 -13"><span class='ocrx_word' id='word_1_51' title='bbox 107 799 340 840; x_wconf 85' lang='lat' dir='ltr'>fortissimis</span> <span class='ocrx_word' id='word_1_52' title='bbox 368 805 546 853; x_wconf 81' lang='lat' dir='ltr'>pugnat.</span> <span class='ocrx_word' id='word_1_53' title='bbox 613 797 887 840; x_wconf 85' lang='lat' dir='ltr'>Dissuasoria</span> <span class='ocrx_word' id='word_1_54' title='bbox 909 796 1067 837; x_wconf 86' lang='lat' dir='ltr'>Phoebi</span> <span class='ocrx_word' id='word_1_55' title='bbox 1090 796 1144 836; x_wconf 85' lang='lat' dir='ltr'>ad</span> <span class='ocrx_word' id='word_1_56' title='bbox 1168 795 1495 843; x_wconf 85' lang='lat' dir='ltr'>Phaethontem,</span> 
     </span>
     <span class='ocr_line' id='line_1_9' title="bbox 106 872 1497 931; baseline -0.004 -12"><span class='ocrx_word' id='word_1_57' title='bbox 106 879 146 919; x_wconf 90' lang='lat' dir='ltr'>ii.</span> <span class='ocrx_word' id='word_1_58' title='bbox 185 878 358 927; x_wconf 71' lang='lat'>50-102‚</span> <span class='ocrx_word' id='word_1_59' title='bbox 387 892 473 918; x_wconf 94' lang='lat' dir='ltr'>non</span> <span class='ocrx_word' id='word_1_60' title='bbox 499 877 626 917; x_wconf 90' lang='lat' dir='ltr'>modo</span> <span class='ocrx_word' id='word_1_61' title='bbox 657 883 1003 931; x_wconf 89' lang='lat' dir='ltr'>argumentorum</span> <span class='ocrx_word' id='word_1_62' title='bbox 1030 874 1222 929; x_wconf 85' lang='lat' dir='ltr'>pondere</span> <span class='ocrx_word' id='word_1_63' title='bbox 1255 880 1297 914; x_wconf 90' lang='lat' dir='ltr'>et</span> <span class='ocrx_word' id='word_1_64' title='bbox 1328 872 1497 914; x_wconf 88' lang='lat' dir='ltr'>delectu</span> 
     </span>
     <span class='ocr_line' id='line_1_10' title="bbox 104 952 1499 1010; baseline -0.004 -12"><span class='ocrx_word' id='word_1_65' title='bbox 104 956 230 1006; x_wconf 85' lang='lat' dir='ltr'>valet,</span> <span class='ocrx_word' id='word_1_66' title='bbox 248 957 322 998; x_wconf 90' lang='lat' dir='ltr'>sed</span> <span class='ocrx_word' id='word_1_67' title='bbox 337 963 380 997; x_wconf 91' lang='lat' dir='ltr'>et</span> <span class='ocrx_word' id='word_1_68' title='bbox 395 956 578 997; x_wconf 89' lang='lat' dir='ltr'>animum</span> <span class='ocrx_word' id='word_1_69' title='bbox 594 962 821 1010; x_wconf 85' lang='lat' dir='ltr'>paternum</span> <span class='ocrx_word' id='word_1_70' title='bbox 838 954 1144 1008; x_wconf 87' lang='lat' dir='ltr'>sollicitumque</span> <span class='ocrx_word' id='word_1_71' title='bbox 1161 953 1318 1007; x_wconf 86' lang='lat' dir='ltr'>prodit.</span> <span class='ocrx_word' id='word_1_72' title='bbox 1364 952 1499 993; x_wconf 89' lang='lat' dir='ltr'>Plena</span> 
     </span>
     <span class='ocr_line' id='line_1_11' title="bbox 106 1031 1494 1088; baseline -0.004 -12"><span class='ocrx_word' id='word_1_73' title='bbox 106 1035 349 1077; x_wconf 84' lang='lat' dir='ltr'>acerbitatis</span> <span class='ocrx_word' id='word_1_74' title='bbox 385 1042 449 1075; x_wconf 87' lang='lat' dir='ltr'>est</span> <span class='ocrx_word' id='word_1_75' title='bbox 479 1034 630 1083; x_wconf 89' lang='lat' dir='ltr'>oratio,</span> <span class='ocrx_word' id='word_1_76' title='bbox 659 1049 743 1088; x_wconf 87' lang='lat' dir='ltr'>qua</span> <span class='ocrx_word' id='word_1_77' title='bbox 774 1032 917 1087; x_wconf 87' lang='lat' dir='ltr'>Scylla</span> <span class='ocrx_word' id='word_1_78' title='bbox 952 1032 1102 1073; x_wconf 84' lang='lat' dir='ltr'>Minoa</span> <span class='ocrx_word' id='word_1_79' title='bbox 1133 1032 1383 1086; x_wconf 81' lang='lat' dir='ltr'>fugientem,</span> <span class='ocrx_word' id='word_1_80' title='bbox 1412 1031 1494 1071; x_wconf 87' lang='lat' dir='ltr'>viii.</span> 
     </span>
     <span class='ocr_line' id='line_1_12' title="bbox 113 1110 1494 1166; baseline -0.003 -12"><span class='ocrx_word' id='word_1_81' title='bbox 113 1114 308 1163; x_wconf 70' lang='lat' dir='ltr'>los-142,</span> <span class='ocrx_word' id='word_1_82' title='bbox 331 1114 575 1155; x_wconf 87' lang='lat' dir='ltr'>insectatur.</span> <span class='ocrx_word' id='word_1_83' title='bbox 628 1112 941 1154; x_wconf 86' lang='lat' dir='ltr'>Convenienter</span> <span class='ocrx_word' id='word_1_84' title='bbox 964 1111 1173 1166; x_wconf 87' lang='lat' dir='ltr'>majestati</span> <span class='ocrx_word' id='word_1_85' title='bbox 1196 1125 1284 1151; x_wconf 86' lang='lat' dir='ltr'>suae</span> <span class='ocrx_word' id='word_1_86' title='bbox 1305 1110 1494 1164; x_wconf 80' lang='lat' dir='ltr'>Jupiter,</span> 
     </span>
     <span class='ocr_line' id='line_1_13' title="bbox 108 1189 1499 1245; baseline -0.003 -12"><span class='ocrx_word' id='word_1_87' title='bbox 108 1194 133 1233; x_wconf 85' lang='lat' dir='ltr'>i.</span> <span class='ocrx_word' id='word_1_88' title='bbox 162 1193 359 1241; x_wconf 69' lang='lat'>1852-243,</span> <span class='ocrx_word' id='word_1_89' title='bbox 388 1192 508 1232; x_wconf 89' lang='lat' dir='ltr'>Deos</span> <span class='ocrx_word' id='word_1_90' title='bbox 534 1197 787 1232; x_wconf 87' lang='lat' dir='ltr'>convocatos</span> <span class='ocrx_word' id='word_1_91' title='bbox 819 1190 1064 1245; x_wconf 86' lang='lat' dir='ltr'>alloquitur,</span> <span class='ocrx_word' id='word_1_92' title='bbox 1093 1189 1336 1244; x_wconf 85' lang='lat' dir='ltr'>sceleraque</span> <span class='ocrx_word' id='word_1_93' title='bbox 1365 1189 1499 1229; x_wconf 89' lang='lat' dir='ltr'>homi-</span> 
     </span>
     <span class='ocr_line' id='line_1_14' title="bbox 106 1269 1498 1325; baseline -0.003 -13"><span class='ocrx_word' id='word_1_94' title='bbox 106 1286 206 1312; x_wconf 90' lang='lat' dir='ltr'>num</span> <span class='ocrx_word' id='word_1_95' title='bbox 226 1271 366 1312; x_wconf 91' lang='lat' dir='ltr'>verbis</span> <span class='ocrx_word' id='word_1_96' title='bbox 387 1270 643 1325; x_wconf 86' lang='lat' dir='ltr'>gravissimis</span> <span class='ocrx_word' id='word_1_97' title='bbox 665 1276 797 1310; x_wconf 89' lang='lat' dir='ltr'>notat.</span> <span class='ocrx_word' id='word_1_98' title='bbox 861 1269 1067 1310; x_wconf 84' lang='lat' dir='ltr'>Fidenter</span> <span class='ocrx_word' id='word_1_99' title='bbox 1088 1276 1130 1310; x_wconf 92' lang='lat' dir='ltr'>et</span> <span class='ocrx_word' id='word_1_100' title='bbox 1155 1269 1209 1309; x_wconf 90' lang='lat' dir='ltr'>ad</span> <span class='ocrx_word' id='word_1_101' title='bbox 1234 1283 1498 1310; x_wconf 87' lang='lat' dir='ltr'>commoven-</span> 
     </span>
     <span class='ocr_line' id='line_1_15' title="bbox 108 1347 1496 1404; baseline -0.003 -14"><span class='ocrx_word' id='word_1_102' title='bbox 108 1350 208 1390; x_wconf 88' lang='lat' dir='ltr'>dum</span> <span class='ocrx_word' id='word_1_103' title='bbox 229 1357 329 1404; x_wconf 87' lang='lat' dir='ltr'>apte</span> <span class='ocrx_word' id='word_1_104' title='bbox 350 1348 502 1390; x_wconf 85' lang='lat' dir='ltr'>Tellus</span> <span class='ocrx_word' id='word_1_105' title='bbox 523 1363 641 1389; x_wconf 89' lang='lat' dir='ltr'>suam</span> <span class='ocrx_word' id='word_1_106' title='bbox 661 1347 895 1401; x_wconf 89' lang='lat' dir='ltr'>mundique</span> <span class='ocrx_word' id='word_1_107' title='bbox 917 1362 1086 1388; x_wconf 88' lang='lat' dir='ltr'>causam</span> <span class='ocrx_word' id='word_1_108' title='bbox 1108 1347 1209 1401; x_wconf 88' lang='lat' dir='ltr'>agit,</span> <span class='ocrx_word' id='word_1_109' title='bbox 1230 1347 1272 1387; x_wconf 92' lang='lat' dir='ltr'>ii.</span> <span class='ocrx_word' id='word_1_110' title='bbox 1296 1347 1496 1387; x_wconf 71' lang='lat'>279-300.</span> 
     </span>
     <span class='ocr_line' id='line_1_16' title="bbox 108 1426 1498 1482; baseline -0.002 -13"><span class='ocrx_word' id='word_1_111' title='bbox 108 1428 274 1469; x_wconf 86' lang='lat' dir='ltr'>Meram</span> <span class='ocrx_word' id='word_1_112' title='bbox 301 1427 555 1482; x_wconf 87' lang='lat' dir='ltr'>zelotypiam</span> <span class='ocrx_word' id='word_1_113' title='bbox 583 1433 625 1468; x_wconf 92' lang='lat' dir='ltr'>et</span> <span class='ocrx_word' id='word_1_114' title='bbox 649 1427 753 1467; x_wconf 89' lang='lat' dir='ltr'>iram</span> <span class='ocrx_word' id='word_1_115' title='bbox 782 1441 836 1467; x_wconf 86' lang='lat' dir='ltr'>ex</span> <span class='ocrx_word' id='word_1_116' title='bbox 861 1427 925 1467; x_wconf 87' lang='lat' dir='ltr'>sui</span> <span class='ocrx_word' id='word_1_117' title='bbox 950 1433 1166 1467; x_wconf 86' lang='lat' dir='ltr'>contemtu</span> <span class='ocrx_word' id='word_1_118' title='bbox 1190 1427 1345 1467; x_wconf 87' lang='lat' dir='ltr'>evomit</span> <span class='ocrx_word' id='word_1_119' title='bbox 1366 1426 1498 1475; x_wconf 81' lang='lat' dir='ltr'>Juno,</span> 
     </span>
     <span class='ocr_line' id='line_1_17' title="bbox 107 1505 1496 1561; baseline -0.003 -13"><span class='ocrx_word' id='word_1_120' title='bbox 107 1508 147 1548; x_wconf 90' lang='lat' dir='ltr'>ii.</span> <span class='ocrx_word' id='word_1_121' title='bbox 172 1508 345 1556; x_wconf 83' lang='lat'>511-30,</span> <span class='ocrx_word' id='word_1_122' title='bbox 371 1507 488 1561; x_wconf 86' lang='lat' dir='ltr'>apud</span> <span class='ocrx_word' id='word_1_123' title='bbox 521 1507 642 1548; x_wconf 91' lang='lat' dir='ltr'>Deos</span> <span class='ocrx_word' id='word_1_124' title='bbox 674 1507 869 1547; x_wconf 89' lang='lat' dir='ltr'>marinos.</span> <span class='ocrx_word' id='word_1_125' title='bbox 934 1505 1145 1547; x_wconf 84' lang='lat' dir='ltr'>Praeclare</span> <span class='ocrx_word' id='word_1_126' title='bbox 1180 1505 1414 1555; x_wconf 83' lang='lat' dir='ltr'>Pentheus,</span> <span class='ocrx_word' id='word_1_127' title='bbox 1441 1505 1496 1545; x_wconf 92' lang='lat' dir='ltr'>iii.</span> 
     </span>
     <span class='ocr_line' id='line_1_18' title="bbox 107 1585 1501 1639; baseline -0.001 -14"><span class='ocrx_word' id='word_1_128' title='bbox 107 1586 279 1635; x_wconf 81' lang='lat'>531-63,</span> <span class='ocrx_word' id='word_1_129' title='bbox 305 1601 330 1626; x_wconf 85' lang='lat' dir='ltr'>a</span> <span class='ocrx_word' id='word_1_130' title='bbox 354 1586 452 1626; x_wconf 88' lang='lat' dir='ltr'>novi</span> <span class='ocrx_word' id='word_1_131' title='bbox 475 1586 562 1626; x_wconf 91' lang='lat' dir='ltr'>Dei</span> <span class='ocrx_word' id='word_1_132' title='bbox 584 1585 773 1634; x_wconf 89' lang='lat' dir='ltr'>mollitie,</span> <span class='ocrx_word' id='word_1_133' title='bbox 801 1601 825 1626; x_wconf 82' lang='lat' dir='ltr'>a</span> <span class='ocrx_word' id='word_1_134' title='bbox 853 1600 1067 1626; x_wconf 86' lang='lat' dir='ltr'>sacrorum</span> <span class='ocrx_word' id='word_1_135' title='bbox 1092 1586 1183 1639; x_wconf 88' lang='lat' dir='ltr'>ejus</span> <span class='ocrx_word' id='word_1_136' title='bbox 1210 1585 1390 1639; x_wconf 85' lang='lat' dir='ltr'>strepitu</span> <span class='ocrx_word' id='word_1_137' title='bbox 1412 1591 1455 1625; x_wconf 92' lang='lat' dir='ltr'>et</span> <span class='ocrx_word' id='word_1_138' title='bbox 1476 1600 1501 1624; x_wconf 83' lang='lat' dir='ltr'>a</span> 
     </span>
     <span class='ocr_line' id='line_1_19' title="bbox 107 1663 1499 1720; baseline -0.002 -15"><span class='ocrx_word' id='word_1_139' title='bbox 107 1664 416 1706; x_wconf 86' lang='lat' dir='ltr'>Thebanorum</span> <span class='ocrx_word' id='word_1_140' title='bbox 437 1665 598 1720; x_wconf 84' lang='lat' dir='ltr'>origine</span> <span class='ocrx_word' id='word_1_141' title='bbox 615 1665 862 1706; x_wconf 90' lang='lat' dir='ltr'>deterrendi</span> <span class='ocrx_word' id='word_1_142' title='bbox 879 1672 1128 1720; x_wconf 88' lang='lat' dir='ltr'>argumenta</span> <span class='ocrx_word' id='word_1_143' title='bbox 1145 1664 1284 1704; x_wconf 89' lang='lat' dir='ltr'>sumit.</span> <span class='ocrx_word' id='word_1_144' title='bbox 1337 1663 1499 1711; x_wconf 88' lang='lat' dir='ltr'>Niobe,</span> 
     </span>
     <span class='ocr_line' id='line_1_20' title="bbox 107 1743 1500 1798; baseline -0.002 -13"><span class='ocrx_word' id='word_1_145' title='bbox 107 1744 254 1798; x_wconf 87' lang='lat' dir='ltr'>regina</span> <span class='ocrx_word' id='word_1_146' title='bbox 285 1743 574 1794; x_wconf 88' lang='lat' dir='ltr'>celeberrima,</span> <span class='ocrx_word' id='word_1_147' title='bbox 602 1744 903 1798; x_wconf 86' lang='lat' dir='ltr'>superbissime</span> <span class='ocrx_word' id='word_1_148' title='bbox 934 1758 1069 1798; x_wconf 86' lang='lat' dir='ltr'>genus</span> <span class='ocrx_word' id='word_1_149' title='bbox 1105 1758 1242 1792; x_wconf 88' lang='lat' dir='ltr'>suum,</span> <span class='ocrx_word' id='word_1_150' title='bbox 1273 1756 1392 1797; x_wconf 89' lang='lat' dir='ltr'>opes,</span> <span class='ocrx_word' id='word_1_151' title='bbox 1423 1757 1500 1782; x_wconf 92' lang='lat' dir='ltr'>nu-</span> 
     </span>
     <span class='ocr_line' id='line_1_21' title="bbox 106 1821 1498 1877; baseline -0.002 -14"><span class='ocrx_word' id='word_1_152' title='bbox 106 1823 514 1877; x_wconf 89' lang='lat' dir='ltr'>merosissimamque</span> <span class='ocrx_word' id='word_1_153' title='bbox 545 1821 709 1877; x_wconf 89' lang='lat' dir='ltr'>prolem</span> <span class='ocrx_word' id='word_1_154' title='bbox 733 1822 884 1876; x_wconf 81' lang='lat' dir='ltr'>jactat,</span> <span class='ocrx_word' id='word_1_155' title='bbox 907 1828 1035 1876; x_wconf 86' lang='lat' dir='ltr'>atque</span> <span class='ocrx_word' id='word_1_156' title='bbox 1063 1821 1307 1862; x_wconf 89' lang='lat' dir='ltr'>contemtim</span> <span class='ocrx_word' id='word_1_157' title='bbox 1332 1836 1423 1875; x_wconf 86' lang='lat' dir='ltr'>prae</span> <span class='ocrx_word' id='word_1_158' title='bbox 1454 1836 1498 1861; x_wconf 91' lang='lat' dir='ltr'>se</span> 
     </span>
     <span class='ocr_line' id='line_1_22' title="bbox 108 1899 1498 1956; baseline -0.002 -14"><span class='ocrx_word' id='word_1_159' title='bbox 108 1901 318 1942; x_wconf 89' lang='lat' dir='ltr'>Latonam</span> <span class='ocrx_word' id='word_1_160' title='bbox 355 1901 533 1956; x_wconf 87' lang='lat' dir='ltr'>spernit,</span> <span class='ocrx_word' id='word_1_161' title='bbox 565 1902 617 1942; x_wconf 92' lang='lat' dir='ltr'>vi.</span> <span class='ocrx_word' id='word_1_162' title='bbox 658 1901 852 1942; x_wconf 68' lang='lat'>170-202.</span> <span class='ocrx_word' id='word_1_163' title='bbox 916 1900 1126 1941; x_wconf 87' lang='lat' dir='ltr'>Convenit</span> <span class='ocrx_word' id='word_1_164' title='bbox 1167 1899 1302 1940; x_wconf 88' lang='lat' dir='ltr'>furori</span> <span class='ocrx_word' id='word_1_165' title='bbox 1331 1899 1498 1953; x_wconf 85' lang='lat' dir='ltr'>juvenis</span> 
     </span>
     <span class='ocr_line' id='line_1_23' title="bbox 107 1977 1496 2034; baseline -0.001 -14"><span class='ocrx_word' id='word_1_166' title='bbox 107 1979 268 2020; x_wconf 86' lang='lat' dir='ltr'>incitati</span> <span class='ocrx_word' id='word_1_167' title='bbox 291 1986 334 2020; x_wconf 89' lang='lat' dir='ltr'>et</span> <span class='ocrx_word' id='word_1_168' title='bbox 357 1979 526 2034; x_wconf 88' lang='lat' dir='ltr'>perdite</span> <span class='ocrx_word' id='word_1_169' title='bbox 551 1979 727 2019; x_wconf 83' lang='lat' dir='ltr'>amantis</span> <span class='ocrx_word' id='word_1_170' title='bbox 756 1979 904 2028; x_wconf 83' lang='lat' dir='ltr'>oratio,</span> <span class='ocrx_word' id='word_1_171' title='bbox 927 1994 1012 2033; x_wconf 88' lang='lat' dir='ltr'>qua</span> <span class='ocrx_word' id='word_1_172' title='bbox 1039 1978 1250 2027; x_wconf 88' lang='lat' dir='ltr'>Phoebus,</span> <span class='ocrx_word' id='word_1_173' title='bbox 1272 1978 1299 2018; x_wconf 91' lang='lat' dir='ltr'>i.</span> <span class='ocrx_word' id='word_1_174' title='bbox 1322 1977 1496 2027; x_wconf 72' lang='lat'>504-24,</span> 
     </span>
     <span class='ocr_line' id='line_1_24' title="bbox 109 2058 1499 2114; baseline -0.002 -15"><span class='ocrx_word' id='word_1_175' title='bbox 109 2058 327 2113; x_wconf 88' lang='lat' dir='ltr'>Daphnen</span> <span class='ocrx_word' id='word_1_176' title='bbox 361 2058 595 2114; x_wconf 86' lang='lat' dir='ltr'>fugientem</span> <span class='ocrx_word' id='word_1_177' title='bbox 634 2065 820 2107; x_wconf 88' lang='lat' dir='ltr'>revocat,</span> <span class='ocrx_word' id='word_1_178' title='bbox 855 2073 1017 2112; x_wconf 85' lang='lat' dir='ltr'>suaque</span> <span class='ocrx_word' id='word_1_179' title='bbox 1049 2058 1263 2099; x_wconf 87' lang='lat' dir='ltr'>connubia</span> <span class='ocrx_word' id='word_1_180' title='bbox 1290 2071 1499 2098; x_wconf 88' lang='lat' dir='ltr'>commen-</span> 
     </span>
     <span class='ocr_line' id='line_1_25' title="bbox 110 2135 1499 2194; baseline -0.003 -15"><span class='ocrx_word' id='word_1_181' title='bbox 110 2138 208 2188; x_wconf 87' lang='lat' dir='ltr'>dat;</span> <span class='ocrx_word' id='word_1_182' title='bbox 241 2139 295 2179; x_wconf 89' lang='lat' dir='ltr'>ab</span> <span class='ocrx_word' id='word_1_183' title='bbox 317 2154 452 2194; x_wconf 90' lang='lat' dir='ltr'>eaque</span> <span class='ocrx_word' id='word_1_184' title='bbox 479 2138 607 2193; x_wconf 88' lang='lat' dir='ltr'>longe</span> <span class='ocrx_word' id='word_1_185' title='bbox 629 2138 888 2192; x_wconf 86' lang='lat' dir='ltr'>discrepant,</span> <span class='ocrx_word' id='word_1_186' title='bbox 912 2138 1081 2193; x_wconf 85' lang='lat' dir='ltr'>quibus,</span> <span class='ocrx_word' id='word_1_187' title='bbox 1104 2137 1162 2177; x_wconf 84' lang='lat' dir='ltr'>ix.</span> <span class='ocrx_word' id='word_1_188' title='bbox 1192 2137 1332 2185; x_wconf 68' lang='lat'>16-26,</span> <span class='ocrx_word' id='word_1_189' title='bbox 1355 2135 1499 2176; x_wconf 89' lang='lat' dir='ltr'>Ache-</span> 
     </span>
     <span class='ocr_line' id='line_1_26' title="bbox 107 2215 1501 2272; baseline -0.001 -16"><span class='ocrx_word' id='word_1_190' title='bbox 107 2215 200 2258; x_wconf 91' lang='lat' dir='ltr'>lous</span> <span class='ocrx_word' id='word_1_191' title='bbox 225 2217 442 2272; x_wconf 84' lang='lat' dir='ltr'>Dejanirae</span> <span class='ocrx_word' id='word_1_192' title='bbox 467 2218 639 2272; x_wconf 81' lang='lat' dir='ltr'>nupt-ias</span> <span class='ocrx_word' id='word_1_193' title='bbox 668 2218 813 2259; x_wconf 87' lang='lat' dir='ltr'>ambit.</span> <span class='ocrx_word' id='word_1_194' title='bbox 867 2218 917 2258; x_wconf 91' lang='lat' dir='ltr'>In</span> <span class='ocrx_word' id='word_1_195' title='bbox 945 2218 1139 2258; x_wconf 85' lang='lat' dir='ltr'>omnibus</span> <span class='ocrx_word' id='word_1_196' title='bbox 1167 2216 1234 2257; x_wconf 91' lang='lat' dir='ltr'>his</span> <span class='ocrx_word' id='word_1_197' title='bbox 1263 2223 1348 2256; x_wconf 90' lang='lat' dir='ltr'>tam</span> <span class='ocrx_word' id='word_1_198' title='bbox 1377 2230 1501 2270; x_wconf 91' lang='lat' dir='ltr'>argu-</span> 
     </span>
     <span class='ocr_line' id='line_1_27' title="bbox 109 2294 1499 2351; baseline -0.001 -15"><span class='ocrx_word' id='word_1_199' title='bbox 109 2303 262 2345; x_wconf 89' lang='lat' dir='ltr'>menta,</span> <span class='ocrx_word' id='word_1_200' title='bbox 284 2312 410 2351; x_wconf 87' lang='lat' dir='ltr'>quam</span> <span class='ocrx_word' id='word_1_201' title='bbox 430 2297 565 2338; x_wconf 90' lang='lat' dir='ltr'>forma</span> <span class='ocrx_word' id='word_1_202' title='bbox 589 2298 825 2338; x_wconf 89' lang='lat' dir='ltr'>orationum</span> <span class='ocrx_word' id='word_1_203' title='bbox 852 2297 1045 2351; x_wconf 88' lang='lat' dir='ltr'>personis</span> <span class='ocrx_word' id='word_1_204' title='bbox 1073 2296 1303 2337; x_wconf 88' lang='lat' dir='ltr'>dicentium</span> <span class='ocrx_word' id='word_1_205' title='bbox 1328 2294 1499 2349; x_wconf 87' lang='lat' dir='ltr'>egregie</span> 
     </span>
     <span class='ocr_line' id='line_1_28' title="bbox 108 2374 1499 2431; baseline -0.001 -16"><span class='ocrx_word' id='word_1_206' title='bbox 108 2382 400 2430; x_wconf 88' lang='lat' dir='ltr'>attemperata.</span> <span class='ocrx_word' id='word_1_207' title='bbox 454 2376 572 2417; x_wconf 91' lang='lat' dir='ltr'>Idem</span> <span class='ocrx_word' id='word_1_208' title='bbox 599 2376 711 2418; x_wconf 87' lang='lat' dir='ltr'>valet</span> <span class='ocrx_word' id='word_1_209' title='bbox 741 2377 794 2418; x_wconf 89' lang='lat' dir='ltr'>de</span> <span class='ocrx_word' id='word_1_210' title='bbox 823 2376 1084 2431; x_wconf 75' lang='lat' dir='ltr'>soliloquiis;</span> <span class='ocrx_word' id='word_1_211' title='bbox 1115 2375 1231 2430; x_wconf 90' lang='lat' dir='ltr'>quod</span> <span class='ocrx_word' id='word_1_212' title='bbox 1258 2374 1499 2429; x_wconf 84' lang='lat' dir='ltr'>apparebit,</span> 
     </span>
     <span class='ocr_line' id='line_1_29' title="bbox 110 2452 1500 2510; baseline -0.002 -15"><span class='ocrx_word' id='word_1_213' title='bbox 110 2455 144 2494; x_wconf 91' lang='lat' dir='ltr'>si</span> <span class='ocrx_word' id='word_1_214' title='bbox 163 2455 257 2509; x_wconf 88' lang='lat' dir='ltr'>quis</span> <span class='ocrx_word' id='word_1_215' title='bbox 278 2471 316 2496; x_wconf 91' lang='lat' dir='ltr'>v.</span> <span class='ocrx_word' id='word_1_216' title='bbox 339 2470 374 2496; x_wconf 88' lang='lat' dir='ltr'>c.</span> <span class='ocrx_word' id='word_1_217' title='bbox 402 2470 513 2510; x_wconf 88' lang='lat' dir='ltr'>quae,</span> <span class='ocrx_word' id='word_1_218' title='bbox 534 2456 590 2496; x_wconf 90' lang='lat' dir='ltr'>iii.</span> <span class='ocrx_word' id='word_1_219' title='bbox 614 2457 788 2506; x_wconf 72' lang='lat'>262-72,</span> <span class='ocrx_word' id='word_1_220' title='bbox 812 2455 943 2504; x_wconf 86' lang='lat' dir='ltr'>Juno,</span> <span class='ocrx_word' id='word_1_221' title='bbox 966 2462 1023 2504; x_wconf 89' lang='lat' dir='ltr'>et,</span> <span class='ocrx_word' id='word_1_222' title='bbox 1046 2454 1098 2495; x_wconf 90' lang='lat' dir='ltr'>vi.</span> <span class='ocrx_word' id='word_1_223' title='bbox 1118 2454 1319 2502; x_wconf 76' lang='lat'>687-701,</span> <span class='ocrx_word' id='word_1_224' title='bbox 1338 2452 1500 2493; x_wconf 88' lang='lat' dir='ltr'>Boreas</span> 
     </span>
     <span class='ocr_line' id='line_1_30' title="bbox 110 2532 1501 2590; baseline -0.001 -17"><span class='ocrx_word' id='word_1_225' title='bbox 110 2548 253 2574; x_wconf 87' lang='lat' dir='ltr'>secum</span> <span class='ocrx_word' id='word_1_226' title='bbox 279 2533 526 2589; x_wconf 83' lang='lat' dir='ltr'>loquuntur,</span> <span class='ocrx_word' id='word_1_227' title='bbox 548 2542 591 2576; x_wconf 89' lang='lat' dir='ltr'>et</span> <span class='ocrx_word' id='word_1_228' title='bbox 613 2536 840 2590; x_wconf 84' lang='lat' dir='ltr'>separatim</span> <span class='ocrx_word' id='word_1_229' title='bbox 868 2542 912 2576; x_wconf 85' lang='lat' dir='ltr'>et</span> <span class='ocrx_word' id='word_1_230' title='bbox 938 2535 1049 2575; x_wconf 87' lang='lat' dir='ltr'>inter</span> <span class='ocrx_word' id='word_1_231' title='bbox 1070 2548 1114 2575; x_wconf 87' lang='lat' dir='ltr'>se</span> <span class='ocrx_word' id='word_1_232' title='bbox 1135 2532 1288 2574; x_wconf 88' lang='lat' dir='ltr'>collata</span> <span class='ocrx_word' id='word_1_233' title='bbox 1308 2532 1501 2573; x_wconf 86' lang='lat' dir='ltr'>conside-</span> 
     </span>
     <span class='ocr_line' id='line_1_31' title="bbox 111 2610 1497 2662; baseline -0.002 -10"><span class='ocrx_word' id='word_1_234' title='bbox 111 2613 278 2653; x_wconf 88' lang='lat' dir='ltr'>raverit.</span> <span class='ocrx_word' id='word_1_235' title='bbox 330 2613 615 2654; x_wconf 60' lang='lat' dir='ltr'>zVarratz‘ones</span> <span class='ocrx_word' id='word_1_236' title='bbox 635 2613 858 2654; x_wconf 88' lang='lat' dir='ltr'>nonnullas</span> <span class='ocrx_word' id='word_1_237' title='bbox 883 2619 1031 2654; x_wconf 87' lang='lat' dir='ltr'>auctor</span> <span class='ocrx_word' id='word_1_238' title='bbox 1051 2611 1142 2652; x_wconf 86' lang='lat' dir='ltr'>aliis</span> <span class='ocrx_word' id='word_1_239' title='bbox 1164 2610 1328 2659; x_wconf 88' lang='lat' dir='ltr'>tribuit,</span> <span class='ocrx_word' id='word_1_240' title='bbox 1350 2623 1497 2662; x_wconf 87' lang='lat' dir='ltr'>eaeque</span> 
     </span>
    </p>
   </div>
   <div class='ocr_carea' id='block_1_3' title="bbox 109 2687 1499 2746">
    <p class='ocr_par' dir='ltr' id='par_1_3' title="bbox 109 2687 1499 2746">
     <span class='ocr_line' id='line_1_32' title="bbox 109 2687 1499 2746; baseline -0.003 -16"><span class='ocrx_word' id='word_1_241' title='bbox 109 2698 280 2732; x_wconf 87' lang='lat' dir='ltr'>moratae</span> <span class='ocrx_word' id='word_1_242' title='bbox 304 2692 405 2733; x_wconf 84' lang='lat' dir='ltr'>satis</span> <span class='ocrx_word' id='word_1_243' title='bbox 433 2699 555 2741; x_wconf 90' lang='lat' dir='ltr'>sunt;</span> <span class='ocrx_word' id='word_1_244' title='bbox 587 2692 770 2746; x_wconf 91' lang='lat' dir='ltr'>ideoque</span> <span class='ocrx_word' id='word_1_245' title='bbox 799 2691 933 2732; x_wconf 87' lang='lat' dir='ltr'>forma</span> <span class='ocrx_word' id='word_1_246' title='bbox 960 2690 1167 2731; x_wconf 87' lang='lat' dir='ltr'>dissident</span> <span class='ocrx_word' id='word_1_247' title='bbox 1197 2696 1281 2729; x_wconf 80' lang='lat' dir='ltr'>tam</span> <span class='ocrx_word' id='word_1_248' title='bbox 1312 2703 1335 2728; x_wconf 90' lang='lat' dir='ltr'>a</span> <span class='ocrx_word' id='word_1_249' title='bbox 1365 2702 1409 2728; x_wconf 87' lang='lat' dir='ltr'>se</span> <span class='ocrx_word' id='word_1_250' title='bbox 1437 2687 1499 2727; x_wconf 89' lang='lat' dir='ltr'>in-</span> 
     </span>
    </p>
   </div>
  </div>
 </body>
</html>
