1763 3181
217 183 302 223 456

607 180 655 220 Ρ.
690 179 901 221 OVIDII
936 179 1216 221 NASONIS

224 297 337 343 Non
363 302 599 358 exempta
621 293 746 341 foret
770 309 956 357 poenae:
996 293 1122 356 fugit
1146 295 1259 349 alta,
1287 310 1535 357 superque

222 372 398 419 Pelion
424 372 729 425 umbrosum,
757 370 1113 433 Philyreiaque
1137 378 1284 425 tecta,
1312 387 1561 434 superque

225 449 438 512 Othryn,
466 456 516 495 et
541 454 719 494 eventu
745 447 923 494 veteris
950 448 1060 494 loca
1084 455 1202 494 nota
1225 447 1475 494 Cerambi.

223 525 319 572 Hic
341 541 435 588 ope
462 524 811 587 Nympharum
838 524 1063 570 sublatus
1090 524 1139 570 in
1167 540 1281 571 aera
1305 525 1498 587 pennis,

223 601 390 655 Quum
416 601 576 663 gravis
602 599 764 646 infuso
790 601 938 647 tellus
963 601 1090 648 foret
1113 602 1293 648 obruta
1317 608 1485 664 ponto,
1516 604 1612 648 355

225 678 588 725 Deucalioneas
615 676 788 739 effugit
813 678 1070 725 inobrutus
1097 678 1271 724 undas.

223 755 432 801 AEoliam
460 754 674 800 Pitanen
700 770 728 799 a
752 754 875 801 laeva
900 762 1040 817 parte
1066 754 1317 816 relinquit,

225 831 480 893 Factaque
504 831 567 876 de
592 846 714 877 saxo
739 831 872 892 longi
899 831 1164 878 simulacra
1187 830 1442 886 draconis;

224 908 517 970 Idaeumque
545 922 748 961 nemus;
791 923 908 969 quo,
936 908 1039 954 nati
1060 907 1204 961 furta,
1226 908 1496 969 juvencum

227 984 463 1031 Occuluit
487 983 634 1030 Liber
658 982 769 1030 salsi
794 984 888 1030 sub
915 983 1131 1046 imagine
1157 984 1314 1039 cervi;

1519 985 1616 1030 360

226 1061 439 1124 Quaque
464 1069 606 1124 pater
626 1060 837 1124 Corythi
863 1077 1015 1124 parva
1039 1062 1311 1108 tumulatus
1337 1075 1512 1116 arena;

225 1215 333 1245 nosque
357 1203 501 1235 tribuisse
524 1203 582 1234 alis
606 1205 757 1246 majorum
779 1205 884 1235 avium

224 1259 256 1284 et
282 1253 437 1295 piscibus:
462 1252 569 1294 itaque
591 1264 624 1283 se
650 1264 710 1284 non
734 1253 883 1295 simplici-

225 1308 272 1332 ter
300 1302 358 1333 hoc
382 1302 460 1337 loco,
485 1301 633 1333 damnare
655 1310 799 1342 pennatos
820 1313 883 1333 ser-

227 1357 347 1393 pentes.

271 1401 344 1431 351.
360 1401 453 1437 Alta5
477 1400 509 1430 in
525 1410 606 1435 aere,
633 1406 667 1430 ut
693 1400 770 1430 alias
795 1402 887 1430 subli-

225 1451 290 1480 mis.
338 1450 735 1489 Pelion—Philyreiaque;
765 1459 889 1491 expres-

226 1499 266 1529 sit
292 1498 518 1534 Callimachus,
550 1499 670 1539 Hymn.
700 1498 776 1528 Del.
806 1500 889 1529 118:

227 1546 357 1585 Πήλιον
385 1548 409 1578 ὦ
448 1546 594 1588 Φιλύρης
625 1546 798 1588 νυμφὴϊον.
852 1547 890 1577 In

230 1597 314 1627 Pelio
335 1602 439 1627 monte
452 1597 576 1637 Jupiter
591 1596 804 1627 concubuerat
819 1606 890 1626 cum

230 1646 372 1685 Philyra,
393 1644 477 1676 unde
504 1651 597 1675 natus
621 1644 750 1676 Chiron.
798 1644 890 1685 Regii

228 1694 322 1725 nostri
338 1694 456 1724 habent
474 1694 700 1734 Philyreiaque,
716 1704 786 1734 quae
799 1694 891 1725 lectio

227 1742 422 1784 praestantior
433 1742 504 1783 jure
520 1742 587 1773 visa
609 1748 657 1773 est
679 1743 809 1774 Robert.
823 1744 891 1774 Ste-

227 1792 322 1834 phan.
351 1802 458 1833 quam,
488 1791 571 1833 quod
603 1792 711 1833 Gierig
748 1792 888 1829 dederat,

231 1841 439 1881 Phagai-eique.
476 1840 602 1871 Erravit
619 1846 702 1872 certe
719 1841 802 1872 idem
819 1842 890 1872 Gie-

229 1891 290 1930 rig,
306 1900 400 1931 quum
425 1889 482 1920 hoc
502 1889 570 1920 loco
590 1889 704 1921 dixerit
723 1900 760 1920 ex
777 1900 890 1922 concu-

229 1940 298 1969 bitu
313 1939 395 1969 Jorz's
418 1949 490 1969 cum
515 1939 645 1980 Philyra
666 1947 773 1970 natum
797 1940 892 1971 fuisse

230 1986 389 2026 Chirona3
412 1987 483 2018 vide
511 1998 580 2029 quae
604 1987 736 2018 certiora
759 1988 791 2018 in
815 1988 893 2019 libro

229 2037 262 2067 ii.
277 2038 364 2067 676:
391 2044 422 2067 et
446 2036 496 2067 hic
525 2036 687 2072 addemus,
713 2037 892 2073 Saturnum,

229 2096 326 2126 quum
342 2085 436 2116 Rhea
456 2086 568 2127 conjux
593 2096 663 2116 eum
681 2086 815 2126 Philyrae
838 2086 894 2117 ad-

228 2134 443 2165 blandientem
459 2134 599 2170 vidisset,
615 2135 672 2165 sub
697 2136 796 2165 forma
821 2136 893 2176 equi

231 2183 411 2225 aufugisse3
444 2189 476 2215 et
504 2183 664 2225 Philyram
693 2194 748 2225 per
773 2191 893 2215 montes

229 2233 431 2273 Pelasgorum
449 2233 612 2268 erravisse,
631 2234 662 2263 in
678 2233 792 2274 quibus
812 2233 888 2264 Chi-

228 2292 304 2312 rona
327 2288 418 2323 partu
443 2281 563 2320 edidit3
586 2293 648 2322 quo
669 2287 804 2313 monstro
825 2282 891 2313 viso

230 2330 408 2366 abhorrens,
424 2331 535 2372 petivit
555 2341 573 2361 a
588 2330 658 2362 Diis
674 2337 708 2362 ut
723 2341 779 2361 sua
794 2331 891 2362 forma

229 2385 411 2416 mutaretur,
439 2386 471 2411 et
499 2379 626 2421 quidem
654 2380 686 2411 in
713 2380 813 2411 tiliam
842 2391 889 2411 ar-

229 2429 336 2459 borem
353 2428 411 2459 suit
426 2434 558 2460 mutata.
587 2429 732 2465 Eventus,
748 2429 889 2468 fortuna3

231 2477 290 2508 hoc
307 2477 375 2508 loco
390 2477 522 2508 mutatio
536 2489 544 2515 ;
571 2489 600 2508 x.
617 2479 690 2509 600.
713 2485 819 2509 eventu
830 2481 889 2517 ju-

230 2537 339 2556 venum
362 2527 535 2562 deterritus,
559 2526 708 2565 interitu;
732 2526 796 2557 xiii.
816 2528 890 2558 506.
914 2531 916 2533 '

235 2575 410 2615 Eventuque
444 2577 533 2617 gravi
558 2577 656 2616 finita
695 2583 735 2607 est
768 2578 890 2616 publica

229 2624 336 2658 clades,
352 2623 485 2655 excidio.
514 2624 628 2655 Veteris
642 2625 777 2655 Cerambi
787 2637 798 2661 ,·
814 2625 890 2666 quia

233 2671 434 2702 Deucalionis
447 2677 586 2713 tempore
603 2672 724 2704 vixerit.
751 2673 889 2704 Auctore

229 2717 389 2750 Nicandro
409 2720 491 2762 apud
510 2721 702 2752 Antoninum
720 2721 820 2753 Liber.
836 2723 888 2753 22.

956 1205 1126 1240 Tei-ambus,
1143 1204 1183 1234 ad
1207 1203 1319 1245 pedem
1339 1203 1467 1244 Othryos
1489 1203 1614 1238 montis,

953 1264 971 1284 a
988 1254 1135 1294 Nymphis
1150 1253 1236 1283 iratis
1258 1252 1289 1283 in
1304 1253 1498 1283 scarabaeum
1515 1251 1615 1282 corni-

953 1313 1072 1344 gerum,
1096 1301 1149 1343 qui
1178 1301 1299 1333 Graecis
1325 1302 1470 1332 cerambix
1492 1300 1619 1340 dicitur,

955 1356 1093 1381 mutatus
1116 1356 1174 1381 est.
1219 1350 1281 1385 Ibi,
1308 1349 1373 1380 sine
1398 1349 1506 1385 dubio,
1527 1354 1562 1380 ut
1585 1349 1618 1379 in

955 1399 1013 1430 hoc
1052 1399 1129 1435 loco,
1161 1399 1321 1429 Cei-ombus
1356 1398 1523 1440 legendum
1560 1405 1618 1435 est,

958 1449 1039 1490 quod
1057 1449 1149 1479 docet
1163 1459 1221 1479 vox
1240 1450 1397 1479 cerambiJ.

1001 1498 1077 1528 354.
1098 1498 1241 1527 sublatus
1257 1501 1288 1527 in
1303 1508 1373 1527 aera
1391 1498 1498 1536 pennis
1515 1501 1619 1538 potest

959 1547 1194 1577 circumlocutio
1231 1547 1316 1577 illius
1353 1545 1503 1577 scarabaei
1541 1555 1620 1577 esse.

960 1596 1093 1633 Gravis,·
1118 1596 1275 1636 Equidem
1296 1595 1480 1636 interpretor
1503 1595 1618 1637 ponde-

958 1656 1058 1676 rosam
1073 1657 1080 1682 ;
1106 1645 1271 1686 opponitur
1287 1644 1369 1676 euim
1384 1644 1424 1679 ei,
1441 1644 1495 1684 qui
1508 1645 1619 1686 pennis

959 1694 1076 1725 tollitur
1095 1694 1126 1724 in
1147 1704 1232 1730 aera,
1248 1694 1324 1725 levis
1348 1692 1464 1735 pendet
1482 1692 1514 1724 in
1536 1704 1618 1730 aere,

957 1743 1085 1774 levitate
1108 1753 1165 1773 sua
1189 1743 1299 1784 effugit
1323 1740 1510 1783 periculum.
1561 1742 1618 1772 Ob-

957 1793 1242 1827 ruta—inobrutus,
1265 1797 1300 1822 ut
1315 1791 1380 1821 viii.
1393 1791 1470 1821 844.
1487 1791 1619 1822 Attenu-

959 1843 1277 1871 arat—inattenuata.

1003 1891 1076 1921 358.
1095 1890 1192 1931 Longi
1207 1890 1368 1920 simulacra
1384 1890 1544 1926 dracouis5
1570 1888 1617 1919 in-

960 1939 1075 1980 telligit
1104 1938 1257 1980 Micyllus
1279 1938 1426 1969 Lesbium
1449 1940 1618 1974 ‹ii-aconem,

960 1987 1051 2029 cujus
1066 1987 1160 2018 etiarn
1177 1987 1220 2017 xi.
1238 1988 1290 2018 58.
1306 1987 1422 2018 mentio
1436 1988 1480 2018 fit.
1517 1988 1619 2018 Liberi

959 2045 1078 2072 natum,
1104 2037 1299 2077 Thyoneum,
1321 2036 1465 2078 Phrygiis
1490 2037 1620 2078 pastori-

958 2085 1015 2116 bus
1038 2086 1210 2127 juvencum
1237 2085 1378 2126 abegisse
1403 2085 1498 2116 tradit
1518 2086 1621 2127 glossa

959 2135 1084 2166 Codicis
1100 2134 1258 2166 Menardi.

1003 2184 1076 2213 361.
1092 2183 1185 2214 Pater
1200 2183 1326 2224 Corythi
1342 2182 1401 2214 suit
1415 2183 1504 2214 Paris
1521 2196 1528 2213 ι
1553 2184 1618 2215 vid.

963 2232 1145 2262 Parrhasius
1170 2232 1210 2262 ad
1232 2232 1457 2268 Claudianum,
1482 2233 1579 2274 Rapt.
1600 2233 1620 2264 i.

961 2282 1031 2312 199.
1080 2281 1274 2318 Tumutazus,
1298 2281 1452 2323 sepultus,
1476 2282 1620 2314 conditus

957 2336 1017 2361 est.
1074 2331 1181 2361 Maera.
1212 2330 1334 2372 Regius
1359 2330 1508 2372 intelligit
1538 2332 1619 2362 Mae-

957 2389 1034 2415 ram,
1062 2379 1144 2410 lcari
1175 2390 1300 2416 canem,
1329 2390 1398 2421 quae
1429 2380 1567 2416 Icarum,
1600 2391 1619 2412 a

957 2428 1080 2459 rusticis
1115 2429 1231 2460 Atticis
1262 2429 1473 2465 intersectum,
1503 2429 1618 2461 latratu

957 2488 1012 2508 suo
1035 2477 1195 2514 indicavit,
1211 2484 1242 2509 et
1257 2477 1385 2520 posthac
1402 2488 1474 2509 cum
1493 2478 1619 2509 domino

959 2536 1014 2556 suo
1030 2526 1110 2557 inter
1126 2526 1228 2557 sidera
1246 2527 1344 2558 relata
1368 2533 1414 2557 est
1429 2539 1435 2556 z
1462 2526 1618 2568 Hyginus,

958 2573 1065 2605 fabula
1079 2576 1138 2605 150
1153 2587 1161 2612 3
1184 2575 1289 2605 Schol.
1305 2574 1485 2606 Germanici
1501 2575 1540 2605 ad
1554 2575 1617 2606 Ca-

956 2634 1038 2660 nem,
1055 2635 1088 2666 p.
1108 2625 1180 2654 128.
1220 2623 1282 2655 Sed
1298 2624 1420 2655 videtur
1436 2624 1502 2654 haec
1517 2625 1619 2655 Maera

956 2672 1058 2713 potius
1087 2673 1192 2714 puella
1219 2672 1313 2703 fuisse
1337 2673 1368 2703 in
1393 2683 1503 2704 canem
1519 2683 1617 2704 versa.

955 2721 1006 2751 Sic
1029 2721 1121 2752 etiam
1147 2722 1342 2758 Lactantius,
1361 2721 1392 2752 in
1410 2722 1615 2763 Argumento.
