1763 3181
231 189 317 232 390

624 189 675 231 Ρ.
709 187 922 231 OVIDII
955 187 1233 231 NASONIS

239 304 347 354 Nec
368 321 524 368 genus
550 304 822 359 amborum,
845 303 1110 367 magnique
1137 303 1360 367 potentia
1383 301 1539 364 regni,

239 382 324 429 Sic
351 383 582 446 placuere
608 381 694 438 illi,
723 381 947 444 quamvis
973 396 1032 428 ea
1056 388 1235 428 cuncta
1259 380 1539 444 placebant,

240 459 310 506 Ut
334 475 424 506 sua
448 458 739 522 progenies;
780 465 830 505 et
854 457 1139 505 felicissima
1162 465 1375 505 matrum

1531 457 1621 502 155

238 535 386 582 Dicta
410 535 535 583 foret
560 534 740 591 Niobe,
768 535 808 581 si
834 551 931 581 non
957 535 1050 581 sibi
1076 535 1180 582 visa
1204 534 1396 581 fuisset.

238 612 369 659 Nam
395 619 502 660 sata
526 611 730 666 Tiresia,
758 611 948 658 venturi
975 611 1197 674 praescia,
1229 610 1401 658 Manto

236 689 336 736 Per
360 689 548 736 medias
573 687 747 743 fuerat,
774 687 940 734 divino
965 688 1162 735 concita
1185 695 1337 743 motu,

235 766 519 814 Vaticinata
541 765 644 812 vias
668 781 677 812 :
720 769 750 788 “
775 763 1070 820 Ismenides,
1098 765 1164 812 ite
1189 765 1491 827 frequenteS,

238 843 304 891 Et
327 844 442 890 date
468 841 686 897 Latonae,
716 840 1135 904 Latonigenisque
1160 842 1371 897 duobUS,

1532 841 1622 885 160

237 921 367 968 Cum
393 936 540 984 prece
566 926 677 966 tura
700 919 808 982 pia;
849 919 1089 982 lauroque
1114 918 1351 967 innectite
1376 918 1591 965 crinem:

238 999 339 1046 Ore
364 1014 475 1045 meo
502 996 692 1044 Latona
709 996 904 1059 jubet.”

964 996 1174 1044 Paretur
1191 1015 1201 1053 ;
1243 1004 1293 1044 et
1317 1012 1488 1043 omnes

235 1075 517 1123 Thebaides
532 1073 686 1137 jussis
712 1090 803 1121 sua
825 1081 1051 1138 tempora
1073 1074 1328 1122 frondibus
1353 1079 1545 1128 ornant,

235 1153 469 1216 Turaque
494 1152 614 1199 dant
638 1151 823 1198 sanctis
848 1158 900 1199 et
921 1152 1073 1200 verba
1096 1151 1350 1216 precantia
1372 1148 1602 1198 flammiS.

303 1230 438 1278 Ecce
461 1228 596 1278 venit
619 1227 857 1276 comitum
884 1228 1047 1277 Niobe
1071 1228 1393 1277 celeberrima
1416 1226 1576 1283 turba,

236 1376 324 1409 intel.
345 1377 454 1408 urbem
473 1375 608 1411 Thebas,
623 1385 717 1417 quam
740 1375 898 1418 Amphion

237 1427 312 1469 lyrae
351 1437 463 1457 canore
497 1430 722 1462 construxerat,
746 1424 898 1466 quemad-

238 1475 366 1506 modum
393 1474 475 1516 apud
491 1474 631 1516 Propert.
655 1473 686 1504 d.
703 1473 724 1504 l.
746 1474 899 1514 Pergama

237 1536 276 1556 ex
306 1523 466 1556 Brouckh.
495 1522 713 1554 emendatione
751 1522 898 1553 dicuntur

239 1575 389 1614 Apollinis
418 1580 507 1604 artes.
562 1572 613 1603 Ita
643 1583 715 1603 vero
752 1571 897 1609 musices,

238 1633 302 1664 qua
323 1627 444 1653 tantum
462 1621 521 1652 sibi
541 1631 651 1651 nomen
666 1620 825 1662 Amphion
839 1631 895 1662 pa-

234 1679 368 1708 raverat,
394 1671 482 1702 nulla.
504 1671 591 1702 fieret
616 1669 744 1701 mentio.
792 1670 897 1701 Possis

236 1722 314 1753 forte
341 1727 507 1762 utrumque
536 1719 586 1750 hic
614 1718 802 1760 intelligere,
826 1729 895 1750 mu-

235 1771 331 1802 sicam
353 1776 384 1801 et
402 1769 530 1800 moenia.
575 1768 650 1800 Vid.
674 1768 714 1799 ad
734 1778 798 1799 ver.
823 1769 896 1799 178.

236 1819 376 1852 Sic—Ut
397 1831 452 1850 sua
474 1820 637 1860 progenies.
660 1819 737 1848 Haec
753 1828 848 1848 causa
867 1817 895 1848 ei

235 1869 294 1900 suit
315 1869 479 1911 superbiae,
500 1867 697 1903 calamitatis,
721 1866 820 1897 insani
840 1866 895 1897 do·

237 1918 311 1950 loris
326 1924 357 1950 et
372 1917 563 1949 mutationis.
609 1917 671 1948 Sibi
691 1918 755 1947 visa
767 1917 894 1957 fuisset,

235 1973 330 2010 atque
346 1966 504 1998 felicitatis
519 1965 601 1997 illius
616 1976 708 1996 sensu
724 1965 817 1996 elata.

283 2018 354 2048 157.
368 2017 446 2047 Nam
462 2022 538 2051 sata,
551 2014 628 2055 etc.]
656 2014 758 2045 Niobe
772 2014 895 2045 Theba-

237 2066 284 2097 nis
312 2064 516 2096 interdixerat
542 2064 668 2094 Latonae
695 2073 783 2094 sacra
812 2064 895 2094 cele-

233 2117 335 2147 brare.
380 2115 449 2145 Hoc
464 2112 621 2149 tractavit,
638 2119 670 2143 ut
685 2118 790 2154 poeta.
826 2113 892 2143 Va-

235 2170 299 2196 tem
327 2163 449 2195 inducit
476 2173 566 2194 sacra
593 2161 795 2197 indicentem,
824 2172 892 2192 rnu-

234 2213 325 2245 lieres
344 2213 439 2255 jussis
460 2218 614 2255 parentes,
629 2210 752 2241 Nioben
767 2210 798 2240 in
813 2211 892 2252 pub-

234 2262 329 2294 licum
344 2262 559 2303 prodeuntem,
575 2271 606 2291 se
617 2260 801 2302 jactantem,
814 2260 890 2290 Deae

235 2311 487 2343 maledicentem.
533 2309 641 2340 Manto
662 2310 698 2350 (a
717 2307 892 2351 μαντεύεσ-

233 2361 305 2402 θαι)
332 2371 414 2403 saepe
437 2371 456 2391 a
478 2359 645 2390 Veteribus
674 2368 893 2389 commemora-

237 2417 296 2442 tur.
342 2411 379 2440 In
399 2409 466 2451 ejus
480 2408 584 2439 verbis
606 2418 666 2438 non
688 2406 768 2438 inest
790 2408 892 2437 vatici-

232 2462 330 2496 nium,
347 2459 430 2501 quod
447 2458 539 2499 vulgo
560 2456 604 2488 sic
625 2456 670 2487 dr.
690 2456 743 2487 sed
764 2455 892 2486 indictio

234 2519 401 2540 sacrorum.
446 2508 568 2549 Nempe
591 2507 752 2536 vaticinari
767 2504 891 2536 omnino

234 2564 282 2590 est
305 2559 440 2600 impulsu
464 2556 526 2588 Dei
549 2556 647 2598 loqui.
688 2556 799 2586 Divino
821 2567 890 2586 con-

234 2611 296 2639 cita
322 2614 424 2644 Μυίας
449 2606 519 2637 vide
543 2606 582 2637 ad
597 2605 640 2636 iii.
656 2607 730 2636 711.
778 2604 892 2635 Confer

235 2659 345 2688 Senec.
361 2657 475 2697 Agant.
489 2656 563 2686 319.
588 2654 641 2696 qui
663 2655 812 2685 Nostrum
837 2663 891 2683 ex-

236 2706 346 2747 pressit
359 2717 364 2735 :
393 2705 635 2745 Quamj'atorum
649 2704 770 2743 proescia
783 2702 891 2732 Manto

235 2755 307 2785 Sata
333 2754 446 2785 Tiresia
472 2754 674 2794 Latonigenas
697 2751 818 2782 Monuit
839 2762 887 2781 sa-

965 1377 1025 1407 cris
1039 1376 1187 1407 celebrare
1203 1375 1290 1406 Deos.
1330 1373 1549 1405 Pertinuerunt
1567 1369 1624 1401 illa

965 1435 1054 1456 sacra
1074 1425 1115 1456 ad
1138 1424 1284 1455 mulieres
1307 1429 1440 1454 tantum.
1486 1422 1526 1452 Et
1541 1422 1623 1457 date,

965 1480 1027 1505 etc.
1073 1474 1218 1505 Formula
1242 1473 1376 1504 solennis
1399 1472 1431 1502 in
1452 1470 1622 1501 indictione

964 1533 1130 1554 sacrorum.
1175 1523 1291 1554 Confer
1314 1521 1441 1552 [Eneid.
1462 1520 1527 1551 viii.
1548 1520 1623 1550 274.

965 1573 1037 1609 Pia,
1067 1583 1137 1614 quae
1166 1572 1252 1613 pium
1282 1570 1420 1601 animum
1449 1569 1624 1600 declarant.

967 1622 1042 1652 Cum
1055 1632 1151 1661 prece.
1176 1619 1388 1661 Intelligenda
1402 1618 1622 1660 comprecatio,

964 1683 1034 1714 quae
1050 1670 1200 1702 sacrificio
1217 1670 1354 1700 addebat
1367 1678 1486 1711 preces.
1508 1668 1623 1698 Confer

962 1721 1005 1753 ix.
1023 1722 1094 1752 159.
1139 1720 1183 1751 Ut
1204 1719 1237 1750 in
1256 1719 1351 1750 sacris
1369 1717 1485 1750 Bacchi
1500 1717 1622 1759 pampi-

963 1781 1030 1801 neae
1048 1776 1102 1801 aut
1118 1769 1310 1804 hederaceae,
1326 1768 1358 1798 in
1373 1767 1518 1798 honorem
1540 1766 1621 1797 Her-

963 1819 1042 1851 culis
1070 1818 1211 1861 populeae
1240 1816 1364 1847 frondes
1393 1817 1622 1847 innectebantur

963 1871 1107 1905 crinibus,
1131 1868 1174 1899 sic
1199 1867 1231 1898 in
1255 1866 1411 1908 Apollinis
1431 1865 1527 1897 sacris
1554 1867 1622 1896 Iau-

962 1930 1025 1949 τηε.
1069 1918 1177 1949 Jussis.
1211 1917 1262 1947 Ita
1280 1922 1312 1947 et
1332 1915 1353 1947 i.
1370 1916 1451 1953 399;
1477 1914 1520 1946 iii.
1539 1916 1621 1954 105;

963 1967 1005 1998 iv.
1021 1968 1085 2005 323
1109 1966 1153 1997 xi.
1176 1967 1248 1996 635.
1294 1965 1334 1995 Et
1357 1975 1394 1995 ex
1419 1974 1502 1994 more
1525 1963 1620 1996 Ovid.

964 2023 1032 2058 post
1046 2018 1137 2057 jubet
1152 2014 1320 2057 repetitum
1332 2017 1438 2054 jussis.
1484 2014 1557 2044 Non
1574 2019 1620 2045 ta-

964 2076 1035 2096 men
1065 2065 1242 2107 spernenda
1270 2064 1367 2094 altera
1396 2063 1498 2099 lectio,
1517 2064 1621 2105 sestis.

961 2115 1011 2145 Ita
1026 2114 1070 2145 iii.
1086 2114 1248 2156 528.festi
1264 2114 1421 2149 ululatum
1446 2112 1517 2143 vide
1532 2119 1562 2144 et
1577 2113 1618 2144 ad

960 2163 1004 2194 iii.
1028 2165 1108 2202 1113
1134 2162 1244 2204 Virgil.
1268 2161 1394 2192 AEneid.
1418 2161 1450 2192 ii.
1470 2162 1546 2193 249.
1563 2162 1617 2193 de-

959 2212 1050 2243 lubra
1063 2212 1166 2243 Deum
1173 2212 1257 2252 festa
1272 2210 1532 2252 velumussronde.

1007 2262 1076 2293 165.
1101 2262 1178 2292 Ecce
1198 2263 1276 2291 venit
1292 2263 1441 2295 comitum,
1457 2261 1536 2301 etc.]
1563 2260 1618 2291 In-

960 2321 1064 2342 cessus
1079 2310 1216 2340 mulieris
1233 2309 1372 2351 superbae
1389 2315 1419 2339 et
1434 2320 1496 2350 prae
1511 2320 1618 2351 super-

959 2360 1011 2391 bia
1035 2359 1226 2401 indignantis
1248 2358 1372 2400 egregie
1397 2357 1447 2389 hie
1469 2358 1618 2389 describi-

961 2414 1028 2447 tur;
1051 2410 1251 2443 celeberrima,
1265 2407 1379 2449 stipata
1401 2407 1505 2438 multis
1520 2409 1616 2438 comi-

960 2458 1052 2494 tibus,
1082 2469 1165 2489 more
1202 2458 1376 2499 reginarum
1408 2456 1617 2488 orientalium.

959 2508 1009 2538 De
1036 2508 1179 2548 Phrygiis
1203 2509 1325 2537 vestibus
1352 2506 1422 2537 vide
1447 2506 1487 2537 ad
1510 2517 1572 2537 ver.
1597 2506 1617 2538 i.

961 2556 1093 2593 Monens,
1105 2556 1296 2591 concutiens,
1309 2555 1528 2596 indignationis
1544 2566 1617 2587 cau-

958 2615 1003 2641 sa,
1026 2611 1060 2635 ut
1084 2605 1208 2646 Jupiter
1231 2605 1262 2635 in
1287 2604 1363 2634 libro
1386 2605 1408 2634 i.
1425 2615 1513 2635 versu
1542 2605 1615 2635 179.

961 2653 1085 2685 Immissi
1100 2653 1131 2684 in
1149 2654 1258 2684 faciem
1274 2655 1375 2693 capilli
1390 2653 1511 2694 signum
1527 2659 1616 2684 erant

958 2703 1005 2734 vel
1033 2703 1194 2745 squaloris,
1220 2703 1269 2734 vel
1297 2708 1379 2734 certe
1408 2702 1615 2743 negligentiae,

957 2752 1059 2793 qualis
1074 2757 1120 2783 est
1142 2750 1306 2783 mulierum
1328 2751 1409 2782 domi
1429 2750 1616 2788 sedentium,
