1763 3181
413 170 1038 216 METAMORPHOSEON
1070 174 1190 215 LIB.
1224 175 1333 217 VII.

1485 180 1569 221 469

173 289 203 306 “
228 283 388 333 Immo
415 285 485 332 ita
515 286 639 333 sit!’'
678 286 949 350 Cephalus,
980 294 1010 312 “
1031 297 1225 337 crescat
1257 298 1345 338 tua
1376 292 1566 341 civibus

373 367 493 425 opto

173 436 328 493 Res,”
349 439 440 485 ait:
472 444 502 463 “
521 439 789 487 adveniens
806 441 1042 503 equidem
1058 442 1206 488 modo
1225 442 1408 504 gaudia
1427 443 1562 507 cepi3

169 512 337 567 Quum
362 521 464 563 tam
489 516 698 578 pulchra
722 517 858 573 mihi,
886 525 987 564 tam
1013 534 1102 581 par
1128 525 1276 565 aetate
1295 519 1531 581 juventus

170 589 333 638 Obvia
357 592 629 655 processit:
670 594 852 640 multos
878 600 1046 641 tamen
1071 595 1187 641 inde
1214 595 1428 658 requiro,
1466 599 1563 643 515

170 665 308 720 Quos
333 668 588 730 quondam
613 669 713 716 vidi
739 677 904 717 vestra
926 659 1062 734 prius
1088 672 1210 718 urbe
1235 672 1519 734 recethS.”

164 743 347 791 AEacus
373 744 644 807 ingemuit3
686 747 918 810 tristique
943 747 1013 794 ita
1036 764 1156 794 voce
1182 748 1408 795 locutus:

165 819 352 868 Flebile
377 822 676 885 principium
703 823 875 870 melior
900 823 1097 871 fortuna
1122 832 1336 887 sequuta
1361 833 1453 872 est.

163 896 308 944 Hanc
328 898 514 945 utinam
532 915 734 962 possem
750 900 889 947 vobis
906 916 1179 948 memorare
1201 901 1306 948 sine
1324 901 1406 948 illo
1425 901 1434 947 !
1463 904 1559 949 519

164 974 354 1022 Ordine
365 992 494 1022 nunc
511 983 758 1039 repetam:
778 994 874 1024 neu
891 978 1039 1040 longa
1050 979 1260 1040 ambage
1276 994 1558 1025 morervos:

165 1050 312 1107 Ossa,
330 1052 558 1115 cinisque
573 1054 762 1115 Jacent,
781 1054 986 1101 memori
1009 1070 1134 1116 quos
1152 1061 1317 1101 mente
1334 1054 1561 1117 requiris.

164 1126 231 1173 Et
256 1135 411 1190 quota
434 1145 549 1192 pars
575 1130 645 1176 illi
672 1146 835 1177 rerum
862 1131 1022 1194 perire
1048 1131 1298 1178 mearum!

164 1202 286 1251 Dira
309 1205 416 1252 lues
441 1205 514 1252 ira
539 1207 736 1269 populis
764 1206 976 1253 Junonis
1003 1206 1186 1269 iniquae

162 1279 367 1336 Incidit,
396 1294 562 1328 exosae
587 1282 748 1328 dictas
775 1298 802 1329 a
828 1282 1009 1346 pellice
1035 1290 1205 1329 terras,

164 1355 299 1403 Dum
323 1357 484 1404 visum
506 1359 715 1405 mortale
741 1359 943 1415 malum,
967 1365 1223 1421 tantaeque
1248 1358 1439 1410 latebat
1464 1362 1559 1406 525

201 1494 276 1524 512.
302 1493 396 1524 Immo
415 1495 461 1524 ita
484 1496 524 1524 sit
542 1494 605 1524 vim
631 1494 725 1525 habet
749 1506 822 1526 con-

157 1542 312 1579 firmandi,
333 1543 416 1584 quod
443 1543 481 1573 ab
502 1543 598 1573 altero
621 1542 742 1574 dictum
765 1549 823 1575 est.

158 1592 301 1632 Requiro,
318 1592 418 1623 sentio
432 1593 551 1623 abesse.

201 1642 275 1672 519.
311 1641 477 1671 ,Memorare
500 1643 564 1672 sine
587 1642 662 1672 illo!
697 1642 822 1678 Ordine,

157 1690 240 1730 etc.]
288 1690 372 1720 Libri
401 1700 518 1723 omnes.
546 1691 729 1720 memorare!
761 1692 824 1721 sine

158 1741 222 1769 ullo
245 1739 371 1775 Ordine,
387 1745 447 1770 etc.
493 1739 554 1769 Sed
575 1750 632 1780 ego
653 1740 823 1782 Schepperi

156 1789 368 1830 conjecturam
401 1787 538 1830 recipere
572 1799 634 1819 non
670 1788 822 1820 dubitavi.

155 1838 221 1869 Cur
236 1837 319 1868 enim
334 1840 396 1868 siue
411 1838 473 1867 ullo
488 1839 592 1868 ordine
611 1848 676 1868 rem
698 1849 821 1870 narrare

154 1886 325 1917 voluisset?
348 1892 379 1917 et
403 1897 458 1917 eur
481 1892 579 1928 optet,
606 1893 640 1918 ut
666 1887 821 1918 fortunam

154 1946 280 1967 narrare
305 1936 413 1978 possit,
435 1946 529 1977 quam
553 1941 585 1966 et
607 1941 729 1978 poterat
751 1947 821 1967 nar-

155 1995 235 2021 rare,
250 1990 282 2015 et
295 1995 404 2015 revera
419 1984 527 2015 ordine
543 1985 748 2016 memoravit?
781 1986 821 2016 Et

153 2033 218 2064 vidi
248 2034 459 2075 conjecturam
496 2034 629 2064 eandem
661 2042 725 2065 tam
756 2034 821 2065 viro

154 2082 247 2113 docto
262 2082 294 2113 in
309 2082 462 2114 Biblioth.
489 2082 595 2124 Tigur.
610 2094 642 2125 p.
659 2084 710 2114 75.
726 2094 820 2125 quam

154 2132 268 2163 Lenzio
292 2142 359 2163 esse
382 2132 556 2174 probatam.
601 2133 651 2163 Ac
674 2133 725 2164 hie
751 2134 821 2175 qui-

153 2180 226 2212 dem
252 2181 331 2217 haec,
354 2192 426 2212 cum
453 2192 524 2223 sqq.
551 2193 610 2212 nea
636 2183 735 2223 longa,
760 2188 820 2212 etc.

153 2231 326 2272 conjungit.
382 2231 505 2272 Regius
533 2237 636 2262 noster
664 2231 694 2262 A
724 2231 821 2262 habet

151 2281 217 2311 sine
236 2281 314 2317 illo;
338 2280 371 2311 id
393 2286 451 2317 est,
467 2280 533 2311 sine
552 2281 714 2322 prooemio.
761 2281 820 2311 Or-

152 2329 225 2359 dine
253 2336 396 2368 repetere,
422 2329 551 2371 referre,
579 2329 719 2360 formulae
748 2336 821 2360 sunt

153 2377 300 2409 solennes
315 2377 355 2409 de
371 2377 421 2415 iis,
435 2378 489 2420 qui
504 2389 569 2409 rem
585 2377 753 2420 diligenter
766 2389 822 2420 per

152 2431 257 2468 partes
272 2432 409 2458 narrant.
455 2427 561 2468 Longa
582 2429 705 2470 ambage
726 2439 823 2458 morer

153 2486 202 2505 vos
212 2487 223 2511 ;
249 2475 408 2517 superflua
423 2475 572 2508 oratione.

196 2524 270 2554 522.
300 2524 341 2554 Et
374 2531 463 2564 quota
496 2535 567 2564 pars
596 2524 674 2564 illi]
708 2524 818 2556 Codex

153 2571 275 2613 Regius
295 2573 337 2603 Β.
353 2573 433 2603 illic.
478 2573 543 2609 Illi,
561 2583 638 2615 quos
663 2577 697 2603 tu
722 2583 820 2614 quon-

152 2619 227 2651 dam
242 2619 360 2657 vidisti,
372 2621 458 2652 fuere
470 2620 602 2652 minima
616 2631 687 2662 pars
703 2632 820 2657 eorum,

153 2669 209 2710 qui
233 2669 402 2711 perierunt.
459 2671 576 2705 Quotus
600 2670 764 2700 adhibetur
789 2676 820 2700 et

152 2718 194 2750 ad
210 2718 386 2759 augendam
410 2725 442 2751 et
464 2719 505 2751 ad
520 2719 722 2751 minuendam
739 2730 816 2749 rem.

199 2768 299 2799 VOL.
315 2768 380 2799 ΙΙΙ.

893 1496 1008 1526 Rerum
1026 1506 1170 1531 mearum,
1187 1495 1381 1526 subditorum
1408 1507 1559 1527 meorum.

893 1545 962 1580 Res,
979 1550 1014 1574 ut
1036 1545 1175 1585 πρᾶγμα
1197 1550 1228 1574 et
1249 1547 1375 1585 χρῆμα,
1395 1544 1434 1575 de
1460 1545 1558 1575 homi-

891 1592 994 1624 nibus.
1020 1592 1103 1623 Vide
1119 1593 1269 1623 Gronovii
1285 1594 1363 1624 Obs.
1376 1593 1420 1624 iv.
1437 1605 1469 1636 p.
1484 1595 1558 1625 706.

892 1642 988 1679 Infra,
1003 1653 1069 1673 ver.
1086 1643 1159 1673 583.
1174 1653 1244 1681 pars
1258 1654 1400 1673 meorum.

933 1693 1009 1723 523.
1036 1692 1117 1722 Dira
1133 1692 1195 1722 lues
1210 1694 1268 1728 ira,
1285 1692 1363 1732 etc.]
1400 1692 1558 1724 Notabilis

887 1742 1072 1782 pestilentiae
1096 1741 1277 1782 descriptio,
1300 1742 1332 1771 in
1355 1752 1418 1782 qua
1439 1743 1555 1773 Noster

889 1796 1041 1832 sequutus
1071 1796 1119 1821 est
1154 1790 1346 1826 Lucretium,
1380 1790 1422 1821 vi.
1454 1792 1556 1830 1136;

890 1839 1004 1880 Virgil.
1027 1839 1144 1880 Georg.
1172 1838 1215 1869 iii.
1238 1839 1301 1869 474
1323 1849 1393 1880 sqq.
1440 1839 1556 1870 Confer

889 1889 1020 1924 Seneca,
1042 1888 1149 1929 OEdip.
1165 1889 1206 1918 35
1221 1898 1291 1929 sqq.
1339 1888 1419 1918 Dira
1441 1887 1558 1919 dicitur

890 1947 907 1967 a
924 1937 995 1967 Diis
1008 1936 1094 1967 iratis
1106 1936 1245 1967 immissa
1257 1940 1289 1966 et
1303 1941 1416 1977 praeter
1427 1936 1556 1967 modum

888 1995 1012 2026 magna.
1058 1984 1110 2015 Sic
1134 1986 1204 2015 dira
1222 1986 1352 2026 grando,
1372 1985 1521 2016 Horatius
1536 1986 1557 2016 i.

889 2034 953 2064 Od.
970 2033 1002 2064 ii.
1020 2035 1047 2063 l.
1096 2034 1231 2073 Populis.
1262 2033 1344 2064 Vide
1371 2033 1410 2063 ad
1431 2044 1555 2065 versum

888 2083 963 2113 481.
1012 2082 1139 2122 Iniquae,
1157 2082 1268 2119 iratae3
1293 2081 1358 2112 vid.
1391 2082 1552 2119 Heinsius,

889 2131 929 2162 ad
956 2131 1010 2162 Sil.
1036 2131 1079 2161 iii.
1107 2132 1137 2161 2.
1196 2130 1336 2161 Incidere
1362 2131 1484 2172 proprie
1515 2132 1553 2163 de

887 2180 1004 2216 morbo,
1019 2179 1210 2215 calamitate,
1223 2179 1304 2209 malo
1316 2178 1411 2220 Apud
1426 2179 1552 2221 Thucy-

888 2229 1003 2265 didem,
1020 2229 1052 2258 ii.
1069 2229 1120 2259 47.
1136 2228 1302 2269 aliquoties
1322 2228 1417 2270 pestis
1438 2228 1553 2260 dicitur

886 2278 1075 2320 ἐμπίπτειν.
1106 2279 1129 2307 Α
1143 2279 1263 2317 pellice.
1288 2277 1407 2319 AEgina
1421 2288 1459 2309 ex
1473 2279 1553 2309 Jove

889 2328 1024 2358 AEacum
1040 2327 1181 2368 peperit:
1207 2326 1248 2357 vi.
1267 2328 1340 2357 113.

933 2377 1006 2407 525.
1034 2375 1178 2412 Mortale,
1195 2375 1344 2406 usitatum
1366 2374 1447 2405 inter
1470 2385 1550 2405 mor-

890 2427 980 2461 tales,
1005 2424 1146 2465 adeoque
1175 2424 1328 2455 naturale.
1372 2423 1423 2454 Sic
1446 2424 1550 2454 huma-

890 2486 963 2506 num
997 2475 1123 2509 malum,
1163 2475 1299 2504 hnmanae
1335 2483 1393 2509 res,
1425 2474 1549 2503 humani

887 2534 996 2554 sensus.
1043 2522 1206 2562 Virgilius,
1236 2521 1366 2552 AEneid.
1391 2520 1446 2552 xii.
1476 2521 1549 2552 797.

887 2573 997 2602 vulnus
1012 2572 1147 2607 mortale,
1165 2581 1184 2601 a
1198 2569 1321 2600 mortali
1336 2568 1470 2600 illatum.
1500 2569 1549 2600 Ibi

888 2631 1026 2662 quoque,
1052 2625 1087 2650 ut
1115 2630 1212 2655 nunc,
1238 2618 1387 2649 divinitus
1412 2618 1548 2649 immisso

889 2669 1070 2712 opponitur-3
1096 2669 1150 2700 sed
1174 2668 1372 2699 Schirachius
1396 2667 1454 2698 hoc
1479 2667 1548 2698 loco

886 2720 1105 2760 interpretatur
1135 2717 1324 2749 mortiferum
1353 2721 1460 2748 contra
1486 2716 1543 2747 lin-

1015 2768 1032 2797 3
1049 2767 1077 2797 G
