1763 3181
415 182 1034 224 METAMORPHOSEON
1067 182 1186 223 LIB.
1216 182 1281 224 II.

1456 186 1539 226 159

155 294 417 344 Incursant
435 297 608 353 stellis,
630 297 929 361 rapiuntque
949 313 1037 362 per
1056 298 1164 345 avia
1182 315 1376 346 currum
1397 317 1406 346 z
1442 303 1537 346 205

151 371 219 419 Et
241 374 388 421 modo
409 391 602 422 summa
625 382 817 438 petunt,
838 376 984 422 modo
1010 391 1097 439 per
1116 376 1308 423 decliva
1326 376 1531 439 viasque

150 448 438 514 Praecipites
464 452 624 515 spatio
649 459 790 499 terrae
816 452 1043 516 propiore
1067 452 1317 500 feruntur:

150 524 462 591 Inferiusque
487 529 587 576 suis
612 529 853 577 fraternos
879 545 1074 577 currere
1101 529 1242 577 Luna

145 602 431 652 Admiratur
455 622 641 669 equos3
681 607 1021 670 ambustaque¹
1037 606 1209 653 nubila
1232 606 1438 653 fumant.

148 680 422 745 Corripitur
445 683 673 740 flammis,
700 691 755 731 ut
779 700 993 747 quaeque
1018 683 1275 740 altissima,
1303 684 1479 741 tellus;

146 756 387 821 Fissaque
412 761 514 822 agit
537 761 700 818 rimas,
729 768 779 808 et
803 761 965 808 succis
992 768 1096 808 aret
1122 760 1384 824 ademptis.
1437 764 1527 807 211

145 834 338 884 Pabula
361 845 661 896 canescunt3
690 855 804 885 cum
821 838 1088 886 *frondibus
1116 838 1272 885 uritur
1297 838 1440 884 arbos
1465 856 1474 895 3

143 912 510 978 Materiamque
536 932 625 963 suo
652 917 840 980 praebet
865 933 1008 978 seges
1036 915 1173 963 arida
1197 915 1394 962 damno.

143 989 304 1038 Parva
331 1008 536 1055 queror3
568 1009 759 1056 magnae
785 1000 996 1057 pereunt
1028 1009 1141 1040 cum
1176 992 1420 1039 moenibus
1454 1008 1532 1038 ur-

145 1066 376 1131 Cumque
403 1070 503 1116 suis
530 1077 660 1117 totas
686 1071 882 1134 populis
909 1070 1145 1118 incendia
1165 1076 1339 1132 gentes
1389 1069 1529 1130 [bes3

144 1143 203 1190 In
218 1144 434 1194 cinerem
449 1154 666 1196 vertunt:
687 1149 819 1195 silvae
836 1165 948 1196 cum
959 1147 1212 1195 montibus
1229 1146 1421 1192 ardent.
1436 1149 1531 1191 216

143 1220 300 1269 Ardet
316 1222 493 1280 Athos,
515 1223 808 1289 Taurusque
830 1225 979 1280 Cilix,
1002 1231 1052 1271 et
1072 1223 1292 1279 Tmolus,
1315 1229 1365 1269 et
1384 1222 1501 1269 OEte
1519 1240 1529 1280 3

143 1353 241 1391 κάτω,
271 1355 355 1394 ὅλως
382 1357 461 1389 ἔνθα
494 1357 671 1399 ἐβούλοντο
699 1359 803 1391 αὐτοί.

144 1403 182 1434 Id
209 1404 324 1436 Noster
347 1405 391 1437 sic
414 1407 569 1449 exprimit,
593 1408 682 1449 quasi
707 1409 738 1439 in
762 1420 803 1440 εε-

143 1452 239 1490 there,
265 1459 300 1485 ut
328 1455 360 1486 in
387 1461 478 1492 terra,
503 1459 671 1497 praecipitia
700 1465 804 1489 essent

142 1507 174 1531 et
197 1505 276 1534 avia.
309 1504 403 1535 Hunc
429 1505 532 1536 lusum
557 1506 588 1536 in
613 1507 671 1537 hac
693 1518 800 1538 narra-

142 1550 225 1583 tione
249 1563 310 1584 non
333 1554 433 1596 magis
456 1556 563 1597 probo,
591 1567 686 1597 quam
713 1557 801 1587 illum

141 1612 206 1632 ver.
225 1603 295 1633 133.
326 1605 470 1635 Ambusta
484 1607 590 1636 nubila
607 1606 729 1637 facilius
743 1618 799 1637 ex-

141 1661 258 1689 cusem,
273 1653 357 1695 quia,
373 1654 510 1685 Homero
534 1664 671 1692 auctore,
689 1656 799 1687 arden-

141 1699 185 1730 tia
200 1701 330 1733 flumina
344 1703 459 1745 fingere
475 1704 602 1736 licebat.

183 1752 258 1782 206.
277 1752 402 1783 Decliva
424 1764 478 1795 pro
494 1754 650 1794 declivia]
677 1755 726 1785 Sic
747 1766 798 1785 su-

141 1811 198 1842 pra
210 1802 350 1837 acclivus,
366 1802 505 1833 acclivis.

185 1851 257 1881 210.
285 1851 327 1881 Ut
341 1862 460 1892 quaeque
475 1852 648 1893 altissima]
675 1850 802 1882 Scilicet

139 1898 184 1930 ita
198 1900 334 1931 maxime
350 1900 532 1943 corripitur3
557 1912 652 1943 quam
671 1901 799 1931 formam

142 1949 211 1981 Cic.
237 1955 334 1980 amat.
374 1950 524 1991 Indignor
540 1955 656 1986 autem,
677 1955 800 1992 poetam

140 2010 210 2030 mox
240 1999 379 2030 minutiis
408 2000 627 2031 enumerandis
654 2000 799 2030 immora-

140 2054 207 2079 tum
230 2059 308 2085 esse,
334 2054 427 2090 atque
449 2060 581 2080 acumen
602 2049 681 2080 illud
702 2049 799 2079 admi-

140 2097 240 2129 cuisse
250 2098 479 2139 Materiamque,
491 2104 554 2129 etc.
579 2098 672 2136 Quod
684 2099 798 2129 Claud.

140 2146 249 2178 xxxiii.
276 2148 346 2178 163.
372 2147 411 2179 de
436 2149 535 2179 AEtna
556 2148 696 2179 imitatus
724 2154 794 2179 est:

141 2199 312 2238 damnisque
325 2199 386 2228 suis
400 2199 539 2228 incendia
554 2199 664 2228 nutrit.

183 2248 257 2278 214.
269 2247 446 2288 Moenibus.]
463 2247 577 2278 Moenia
589 2252 661 2277 sunt
675 2246 797 2283 domus,

141 2295 284 2327 aedificia.
320 2296 440 2332 Florus,
465 2296 488 2326 i.
509 2297 547 2326 4:
581 2297 688 2326 moenia
713 2307 798 2326 muro

140 2346 290 2385 amplexus
308 2351 360 2375 est.
395 2345 479 2376 Vide
505 2345 708 2380 Gronovium,
731 2345 797 2375 Ob-

141 2405 220 2425 serv.
236 2393 269 2424 ii.
287 2395 340 2424 12.

184 2445 259 2475 215.
276 2444 351 2474 Cum
370 2444 431 2474 suis
446 2444 565 2483 populis
586 2449 688 2485 gentes
702 2453 798 2473 unum

142 2499 236 2534 atque
255 2492 340 2523 idem
358 2502 424 2523 esse
440 2498 528 2534 putat
544 2492 666 2523 Ciofan.
689 2493 797 2530 Male3

139 2548 240 2583 gentes
255 2551 286 2573 et
298 2543 415 2582 populi,
433 2546 487 2572 aut
501 2544 636 2572 nationes
651 2546 683 2573 et
694 2543 799 2581 populi

140 2591 287 2621 differunt
304 2596 340 2621 ut
361 2598 460 2621 totum
476 2597 508 2621 et
524 2601 604 2632 pars.
650 2591 798 2622 Germani

141 2645 213 2670 sunt
241 2642 345 2677 7zat1'05
379 2640 568 2682 Westphali,
594 2640 732 2671 Saxones
769 2645 800 2670 et

141 2689 256 2720 Bavari
271 2695 342 2720 sunt
353 2692 471 2730 populi.
494 2689 569 2720 Vid.
585 2690 687 2721 Gloss.
703 2690 797 2720 MSS.

143 2738 248 2769 Guelf.
270 2738 298 2769 I.
317 2738 356 2770 ad
380 2738 508 2770 Sallust.
532 2738 603 2770 Cat.
624 2739 665 2770 X.
687 2739 799 2769 Burm.

871 1366 1021 1402 praeterea
1041 1364 1156 1394 monet,
1171 1364 1274 1400 gentes
1294 1366 1376 1398 saepe
1391 1356 1465 1398 poni
1481 1366 1534 1398 pro

871 1409 959 1440 terris
983 1409 1033 1440 vel
1056 1408 1244 1450 regionibus,
1266 1407 1361 1448 idque
1383 1405 1460 1437 satis
1480 1406 1534 1436 do-

871 1459 970 1489 cuisse
991 1459 1128 1489 Gronov.
1152 1457 1190 1487 ad
1212 1457 1280 1487 Liv.
1294 1467 1323 1487 v.
1341 1457 1394 1486 34.
1430 1455 1533 1486 Etiam

871 1508 956 1550 apud
971 1508 1099 1538 Homer.
1115 1506 1217 1548 δῆμος
1232 1505 1388 1536 interdum
1402 1503 1440 1535 de
1454 1510 1536 1535 terra

869 1558 1012 1593 occurrit,
1028 1562 1062 1587 ut
1080 1556 1143 1587 Od.
1161 1560 1195 1587 Z.
1212 1557 1230 1586 3
1247 1567 1255 1593 ;
1280 1556 1321 1585 11.
1340 1558 1378 1585 B.
1396 1555 1479 1592 5473
1503 1559 1534 1584 et

869 1607 913 1637 sic
934 1618 1008 1648 gens
1032 1606 1116 1648 apud
1132 1605 1247 1646 virgil.
1266 1604 1398 1635 AEneid.
1413 1604 1434 1635 i.
1456 1605 1533 1635 533.

869 1656 985 1687 Contra
1016 1662 1103 1685 terrae
1140 1665 1194 1696 pro
1229 1653 1406 1684 hominibus
1438 1657 1534 1683 terras

868 1704 1089 1740 incolentibus,
1105 1715 1137 1734 v.
1164 1702 1327 1733 Drakenb.
1349 1701 1389 1732 ad
1411 1702 1467 1732 Sil.
1488 1701 1533 1731 iii.

870 1754 921 1784 75.
952 1754 1127 1794 Argutatur
1155 1753 1263 1782 Burm.
1288 1751 1327 1781 ad
1357 1751 1487 1781 Heroid.
1512 1751 1532 1781 i.

869 1804 921 1834 24.
938 1803 991 1833 ubi
1015 1803 1047 1832 in
1069 1801 1183 1843 singul.
1199 1803 1327 1832 cinerem
1348 1800 1418 1841 plus
1433 1800 1531 1831 inesse

869 1859 969 1894 putat,
987 1863 1081 1894 quam
1097 1852 1129 1882 in
1144 1850 1260 1893 plural.
1273 1852 1397 1880 cineres.

910 1903 984 1933 217.
1009 1903 1104 1932 Ardet
1125 1902 1228 1936 Athos,
1248 1899 1327 1939 etc.]
1355 1899 1532 1939 Sequuntur

868 1951 1002 1992 catalogi
1042 1950 1206 1986 montium,
1243 1960 1313 1979 mox
1357 1947 1531 1985 fluviorum,

868 2001 978 2042 quales
1005 2001 1145 2031 intexere
1182 2004 1281 2041 poetae
1320 1998 1430 2033 solent,
1455 1998 1531 2029 forte

868 2050 1049 2081 eruditionis
1063 2049 1257 2080 ostentandae
1274 2057 1381 2079 causa.
1415 2047 1531 2077 Noster

865 2099 993 2130 consilio
1022 2098 1204 2129 narrationis
1236 2096 1311 2127 satis
1340 2095 1475 2131 fecisset,
1505 2096 1530 2125 si

866 2148 1064 2190 paucioribus
1079 2158 1115 2178 ex
1128 2152 1260 2188 utroque
1272 2156 1384 2187 genere
1399 2145 1529 2175 defunc-

866 2203 916 2229 tus
940 2203 1031 2228 esset.
1068 2195 1275 2232 Athos-,hodie
1297 2195 1401 2224 Monte
1424 2194 1527 2230 Samo,

865 2257 953 2277 mons
969 2246 1181 2281 Macedoniae,
1200 2247 1290 2286 cujus
1313 2243 1446 2274 altitudo
1461 2249 1530 2274 tan-

867 2303 909 2333 ta,
932 2303 967 2327 ut
991 2295 1153 2327 cacumine
1183 2295 1282 2325 nubes
1311 2298 1435 2334 superet
1460 2303 1528 2323 um-

866 2347 1016 2387 bramque
1038 2356 1137 2386 usque
1157 2344 1196 2375 ad
1217 2345 1371 2374 Lemnum
1395 2342 1528 2373 insulam

861 2396 1029 2437 jaculetur,
1054 2405 1123 2436 quae
1152 2395 1240 2424 abest
1265 2394 1305 2423 87
1329 2391 1427 2422 millia
1456 2402 1527 2433 pas-

865 2456 974 2476 suum:
1005 2444 1088 2473 Plin.
1108 2444 1150 2474 H.
1173 2444 1216 2473 N.
1231 2442 1273 2472 iv.
1290 2442 1349 2479 123
1373 2440 1462 2471 Mela
1483 2440 1527 2470 ΙΙ.

866 2494 899 2525 ii.
917 2495 986 2524 130.
1035 2493 1167 2528 Taurus,
1184 2492 1355 2521 immensus
1372 2492 1526 2520 montium

867 2542 1085 2573 altissimorum
1123 2547 1251 2576 tractus,
1285 2550 1303 2570 a
1340 2538 1527 2570 Chelidonio

865 2591 1072 2633 promontorio
1097 2590 1238 2621 exoriens
1259 2595 1291 2619 et
1314 2594 1410 2618 totam
1436 2598 1526 2628 paene

865 2641 989 2671 Asiam·
1011 2650 1218 2681 percurrens:
1253 2637 1381 2669 Curtius
1406 2636 1460 2667 vii.
1492 2638 1525 2668 3.

866 2690 1006 2720 Vocatur
1024 2688 1114 2724 Cilix,
1134 2687 1208 2728 quia
1222 2686 1357 2716 inediam
1379 2685 1524 2715 Ciliciam

867 2737 989 2769 dividit.
1004 2737 1109 2770 Tibul.
1124 2737 1150 2768 I.
1166 2736 1218 2767 vii.
1236 2736 1273 2766 16
1287 2748 1292 2765 :
1317 2734 1463 2775 Frigidus
1479 2736 1525 2764 in<
