1729 3207
196 203 279 244 104

581 201 631 242 Ρ.
665 199 874 242 OVIDII
909 197 1188 240 NASONIS

195 318 361 365 Verba
383 317 512 363 datae
539 315 683 362 sortis
709 330 896 369 secum,
923 313 1052 361 inter
1075 328 1229 376 seque
1253 311 1493 358 volutant.

200 394 321 441 Inde
347 392 696 440 Promethides
723 390 932 455 placidis
959 389 1280 454 Epimethida
1303 388 1449 435 dictis
1485 389 1583 434 390

196 470 417 526 Mulcet3
458 477 523 524 et,
553 476 583 492 “
609 468 710 516 Aut
732 468 900 524 fallax,
928 468 1012 523 ait,
1040 474 1118 514 est
1143 464 1343 513 solertia
1367 463 1527 518 nobis,

195 548 297 594 Aut
321 547 404 611 pia
427 553 558 602 sunt,
581 546 873 608 nullumque
899 544 1036 592 nefas
1063 544 1262 591 oracula
1287 542 1514 589 suadent.

196 623 385 687 Magna
408 639 588 687 parens
613 622 766 670 Terra
790 628 888 669 est:
917 621 1110 685 lapides
1136 620 1186 666 in
1210 635 1415 683 corpore
1440 625 1581 665 terrae

197 699 329 747 Ossa
352 716 459 747 reor
483 698 610 746 dici:
645 699 814 762 jacere
839 698 930 745 hos
957 704 1070 762 post
1094 704 1234 759 terga
1249 693 1532 760 jubemur.'’

194 776 437 840 Conjugis
458 776 663 838 augurio
683 791 971 839 quanquam
986 775 1183 822 Titania
1202 780 1336 822 mota
1354 780 1446 829 est,
1484 773 1581 819 395

197 854 326 917 Spes
350 861 517 901 tamen
543 854 592 900 in
617 853 769 900 dubio
795 860 899 910 est;
941 853 1067 901 adeo
1093 852 1380 900 coelestibus
1407 849 1556 897 ambo

195 930 439 978 Diffidunt
462 930 662 978 monitis
682 931 691 977 !
734 930 835 978 Sed
863 930 984 993 quid
1008 936 1200 976 tentare
1226 927 1458 976 nocebit?

196 1007 490 1064 Discedunt,
507 1008 775 1072 velantque
794 1014 963 1071 caput,
980 1007 1277 1069 tunicasque
1295 1004 1580 1066 recingunt;

195 1084 261 1132 Et
278 1086 447 1148 jussos
473 1085 665 1149 lapides
687 1102 778 1133 sua
802 1092 917 1149 post
940 1084 1152 1147 vestigia
1175 1083 1395 1131 mittunt.

196 1162 346 1219 Saxa,
364 1163 500 1226 (quis
521 1164 614 1210 hoc
641 1164 826 1220 credat,
845 1163 938 1210 nisi
962 1163 1026 1210 sit
1050 1178 1138 1226 pro
1157 1168 1287 1209 teste
1305 1157 1581 1217 vetustas'3)

192 1283 354 1307 nectentem
369 1278 470 1308 modis.
513 1277 665 1314 I'olutare,
677 1283 711 1308 ut
722 1280 852 1320 agitare,

191 1326 230 1357 de
256 1326 449 1357 deliberante
476 1332 507 1358 et
533 1327 706 1369 cogitante:
742 1328 855 1369 Virgil.

194 1375 261 1406 Ecl.
278 1374 320 1406 ix.
333 1376 385 1406 37.

235 1425 311 1456 390.
331 1425 563 1465 Promethides]
589 1425 764 1456 Deucalion
779 1425 854 1455 Pro-

190 1473 409 1505 metheifilius.
450 1475 650 1514 Epimethida.
687 1474 852 1516 Pyrrham,

191 1522 367 1565 Epimethei
383 1523 492 1554 filiam.

234 1573 309 1604 391.
348 1573 492 1614 Mula-et]
533 1573 681 1609 Mulcere,
716 1573 855 1604 animum

193 1621 319 1658 addere,
342 1621 453 1653 solatio
474 1622 602 1663 erigere.
649 1624 728 1660 Quae
750 1622 857 1653 valent

192 1670 232 1701 ad
251 1671 496 1702 confirmandum
514 1671 664 1709 animum,
679 1682 717 1703 ea
735 1673 858 1711 placida

192 1720 291 1762 poetis
311 1720 372 1751 drr.
417 1721 547 1752 solertia
570 1722 706 1752 cernitur
721 1721 753 1752 in
768 1721 855 1752 inda-

191 1770 294 1811 gando
302 1780 391 1801 vero:
410 1771 536 1801 Lucret.
547 1782 579 1801 v.
594 1772 694 1802 1355:
719 1771 858 1801 solertius

191 1825 231 1849 est
244 1820 335 1849 multo
347 1830 443 1860 genus
458 1830 540 1850 omne
556 1821 652 1850 virile.
695 1820 856 1851 Pomanus

192 1869 272 1898 nobis
285 1869 369 1899 male
384 1868 423 1899 de
440 1874 571 1910 utroque
587 1868 743 1911 capiebat.

234 1918 311 1948 392.
329 1917 385 1947 Pia
399 1917 500 1958 sunt]
526 1918 750 1949 Jac.-a-Cruce
763 1918 856 1948 verba

189 1968 413 2005 pia—suadent
421 1966 517 2008 signis
527 1966 746 2009 parentheseos
755 1965 855 1997 inclu-

192 2015 295 2046 denda
310 2022 437 2053 censet;
462 2015 545 2056 quod
561 2021 592 2046 et
609 2015 721 2046 Lenzio
742 2015 857 2056 placet.

194 2063 275 2095 Mihi
298 2064 398 2095 altera.
420 2064 627 2106 interpunctio
649 2063 756 2095 melior
771 2063 856 2095 vide-

192 2119 253 2150 tur,
268 2123 306 2144 ex
329 2123 393 2155 qua
410 2113 587 2144 Deucalion
602 2113 703 2144 verbis
724 2119 778 2143 aut
788 2113 858 2155 fal-

194 2164 377 2194 las—suade
383 2169 414 2193 nt
427 2163 578 2204 Pyrrham
586 2167 738 2193 attentam
745 2162 858 2199 reddit,

193 2218 226 2244 et
241 2211 363 2254 pavoris
378 2213 497 2243 nullam
513 2223 580 2243 esse
597 2223 724 2243 causam
737 2218 841 2243 monet
850 2225 858 2251 3

191 2267 257 2292 tum
273 2261 461 2293 sententiam
476 2263 575 2303 ipsam
590 2261 742 2304 proponit.
789 2262 857 2293 Hoc

192 2309 290 2341 multo
325 2310 563 2342 convenientius
589 2316 636 2342 est
663 2311 856 2342 sermonibus

193 2356 377 2391 hominum.'

233 2409 308 2440 393.
334 2409 451 2451 DIagna
472 2421 591 2448 parens,
613 2410 690 2450 etc.]
717 2409 857 2451 Respex-

190 2457 252 2488 isse
274 2457 556 2499 ingeniosissimum
573 2463 696 2500 poetam
712 2458 857 2500 opinatur

191 2507 347 2543 Muretus,
361 2506 415 2537 lib.
431 2518 461 2537 x.
475 2507 550 2538 Var.
572 2507 648 2538 lect.
671 2518 742 2549 cap.
762 2509 793 2538 2.
815 2507 855 2538 ad

192 2555 364 2586 Historiam
387 2556 480 2586 Rom.
496 2556 565 2586 Liv.
581 2555 635 2586 lib.
651 2556 671 2586 i.
688 2567 785 2598 quum
806 2567 854 2587 re—

189 2605 248 2645 giis
278 2604 530 2636 adolescentibus
556 2615 735 2647 responsum
761 2610 853 2640 esset,

189 2664 261 2685 eum
295 2660 496 2695 regnaturum
526 2654 647 2691 Romae,
678 2655 732 2696 qui
766 2655 855 2686 matri

191 2703 332 2734 osculum
362 2704 481 2745 primus
512 2704 633 2735 tulisset
648 2717 652 2734 :
692 2705 807 2736 Brutus
838 2716 854 2735 e

192 2751 263 2782 navi
278 2752 471 2784 descendens
486 2752 631 2784 simulato
648 2763 720 2784 casu
744 2759 853 2784 terram

922 1277 1080 1308 osculatus
1093 1284 1150 1312 est,
1162 1280 1226 1306 etc.
1264 1275 1364 1306 Vetus
1378 1273 1462 1304 idem
1472 1272 1585 1303 Gram-

922 1326 1055 1357 maticus
1075 1325 1114 1356 de
1136 1336 1172 1356 eo
1193 1324 1246 1366 qui
1269 1323 1310 1354 ad
1330 1322 1469 1365 lapidem
1490 1320 1588 1352 offen-

922 1375 1028 1410 disset,
1051 1374 1148 1404 dixit:
1181 1376 1246 1412 Γῆς
1272 1373 1431 1404 ὀστεοῖσιν
1456 1371 1586 1412 ἐγχριμ-

922 1424 1009 1465 φθεὶς
1031 1422 1129 1455 πόδα.
1173 1423 1253 1459 Quae
1285 1421 1381 1452 etiam
1406 1419 1489 1450 valet
1509 1429 1584 1450 ana-

922 1472 1006 1514 logia
1024 1473 1057 1503 in
1075 1471 1163 1503 venis
1185 1477 1274 1502 terrae
1297 1471 1337 1502 de
1359 1480 1443 1511 aqua
1465 1474 1496 1499 et
1519 1478 1585 1498 me—

923 1522 1018 1553 tallis.

965 1573 1041 1603 395.
1073 1573 1258 1613 Augurium,
1279 1569 1492 1611 interpretatio
1517 1578 1583 1599 ora-

922 1621 998 1651 culi.
1029 1620 1079 1652 Sic
1095 1626 1126 1652 et
1143 1620 1227 1662 apud
1244 1620 1311 1650 Cic.
1326 1618 1366 1649 ad
1381 1617 1458 1649 Div.
1473 1617 1532 1649 VI.
1545 1617 1588 1648 vi.

924 1670 1061 1706 Monitz's,
1072 1670 1205 1701 oraculis
1217 1682 1223 1699 ε
1248 1679 1320 1700 nam
1334 1679 1449 1698 monere
1463 1667 1586 1710 proprie

922 1719 961 1750 de
991 1719 1247 1750 divinationibus.
1291 1716 1374 1750 Vide
1404 1717 1514 1748 Heius.
1543 1715 1581 1747 ad

923 1768 988 1799 xiii.
1017 1770 1092 1800 216.
1139 1769 1273 1799 Titania.
1318 1766 1449 1809 Pyrrha,
1486 1765 1588 1807 Iapeti

923 1817 1043 1849 Titanis
1058 1817 1170 1860 neptis·

967 1868 1040 1898 398.
1088 1867 1287 1907 Discedunt]
1350 1866 1400 1896 De
1437 1863 1590 1895 industria

924 1922 1016 1958 poeta
1037 1917 1087 1947 hic
1111 1917 1223 1959 repetit
1242 1916 1311 1958 ipsa
1324 1914 1484 1946 Themidis
1497 1914 1591 1945 verba

925 1975 988 1996 ver.
1004 1966 1063 1996 381
1081 1976 1151 2007 sqq.

968 2015 1042 2045 400.
1069 2015 1215 2050 Vetusta-s,
1236 2013 1339 2055 gravis
1356 2012 1445 2044 testis
1464 2011 1588 2043 Veteri-

925 2063 1001 2094 bus:
1026 2064 1110 2094 Fast.
1122 2063 1249 2094 iv.203.
1278 2062 1412 2100 Quintil.
1424 2061 1589 2093 Inst.X11.

926 2111 967 2142 iv.
980 2113 1011 2143 2.
1027 2118 1132 2143 monet
1148 2120 1308 2154 poetarum
1324 2112 1474 2153 figmenta
1489 2118 1587 2142 vetus-

928 2162 1069 2202 tatisfide
1084 2168 1151 2192 tnta
1173 2172 1250 2192 esse.
1294 2160 1373 2192 Inde
1392 2160 1507 2203 pendet
1524 2171 1589 2191 om-

927 2210 974 2241 nis
986 2210 1188 2252 mythologia.
1222 2211 1323 2241 Locus
1334 2220 1468 2251 sequens
1480 2209 1588 2251 loqua-

926 2260 1028 2291 citatis
1046 2260 1120 2291 vitio
1143 2271 1246 2291 rursus
1268 2260 1408 2290 laborat:
1432 2270 1508 2290 saxa
1530 2269 1586 2301 po-

925 2315 1004 2341 nunt
1041 2309 1200 2346 duritiem,
1236 2309 1429 2344 molliuntur,
1468 2309 1589 2339 mollita

924 2359 1045 2390 ducunt
1064 2359 1204 2395 formam,
1220 2363 1374 2394 crescunt,
1390 2358 1468 2388 fiunt
1488 2357 1588 2388 mitio-

925 2418 970 2443 ra,
988 2407 1089 2439 denuo
1110 2407 1270 2450 accipiunt
1284 2408 1430 2444 formam,
1456 2406 1510 2437 sed
1534 2407 1588 2437 ob-

924 2467 1046 2488 scuram
1058 2462 1191 2493 tantum,
1202 2467 1258 2488 nec
1267 2456 1369 2487 adhuc
1380 2456 1587 2492 manifestam,

924 2517 981 2537 nec
1001 2514 1155 2543 exactam,
1170 2512 1231 2538 etc.
1259 2507 1394 2537 Remota
1409 2506 1463 2536 illa
1477 2506 1589 2547 loqua-

923 2555 1027 2592 citate,
1043 2557 1233 2598 comparatio
1248 2567 1318 2587 cuin
1339 2567 1484 2586 marmore
1499 2562 1590 2595 coepto

924 2604 1091 2646 probabilis
1128 2611 1186 2636 est.
1234 2605 1330 2639 Mora,
1360 2604 1585 2635 diuturnitate:

924 2654 986 2685 vid.
1007 2654 1198 2686 Freinshem.
1220 2654 1290 2685 lnd.
1311 2654 1392 2684 Flor.
1415 2653 1444 2684 h.
1461 2665 1492 2685 v.
1511 2654 1586 2684 Mox

924 2714 989 2734 ver.
1006 2705 1079 2733 421.
1095 2703 1139 2734 sic
1161 2709 1208 2734 est
1231 2704 1371 2733 morando
1393 2705 1502 2733 ducere
1514 2703 1586 2744 for—

923 2764 999 2783 mam
1017 2758 1050 2783 ut
1065 2755 1174 2784 ducere
1189 2754 1312 2783 enlm-em
1330 2758 1360 2782 et
1376 2751 1448 2782 alia.
