1729 3207
386 198 1000 242 METAMORPHOSEON
1034 197 1151 238 LIB.
1187 197 1249 238 ΙΙ.
1423 199 1506 240 143

138 315 370 378 AEgaeona
393 315 494 362 suis
519 314 750 360 immania
773 321 913 375 terga
937 313 1150 368 lacertis,
1447 316 1504 358 10

138 392 440 454 Doridaque,
466 399 517 438 et
540 396 710 437 natas:
752 406 960 452 quarum
984 405 1097 452 pars
1122 405 1238 436 nare
1262 389 1504 444 videntur,

137 468 261 515 Pars
285 468 335 514 in
356 468 484 515 mole
509 467 688 514 sedens
712 466 892 513 virides
917 465 1103 513 siccare
1127 466 1360 529 capillos;

138 545 285 593 Pisce
307 544 419 592 vehi
443 544 672 607 quaedam
694 561 704 591 :
743 543 894 590 facies
915 559 1012 589 non
1037 543 1263 589 omnibus
1289 558 1401 597 una,

138 621 245 669 Nec
270 621 463 669 diversa
484 628 672 679 tamen3
713 621 912 685 qualem
937 621 1084 680 decet
1108 636 1218 667 esse
1243 635 1478 666 sororum.

136 698 286 746 Terra
301 699 445 754 viros,
463 699 712 761 urbesque
728 696 868 760 gerit,
887 697 1152 759 silvasque,
1173 696 1416 758 ferasque,
1450 698 1508 742 15

137 775 478 838 Fluminaque,
500 782 550 822 et
569 774 846 837 Nymphas,
869 780 918 820 et
939 781 1117 820 caetera
1141 772 1344 819 numina
1366 772 1507 819 ruris.

137 851 259 898 Haec
285 867 434 915 super
458 850 689 914 imposita
713 856 789 896 est
812 849 922 895 coeli
947 849 1177 911 fulgentis
1203 849 1392 911 imag03

138 928 392 991 Signaque
417 944 505 975 sex
526 926 712 974 foribus
731 925 1259 989 dextriS‚totidemque
1281 925 1507 972 sinistris.

137 1005 247 1059 Quo
273 1005 417 1052 simul
441 1005 625 1052 acclivo
653 1003 946 1066 Clymeneia
970 1003 1124 1050 limite
1149 1003 1311 1066 proles

136 1081 301 1138 Venit,
328 1089 379 1129 et
402 1082 599 1129 intravit
622 1081 833 1128 dubitati
858 1088 993 1127 tecta
1017 1080 1263 1144 parentis3

1448 1083 1511 1125 20

138 1159 370 1206 Protinus
396 1159 457 1206 ad
477 1158 660 1222 patrios
686 1174 775 1204 sua
797 1157 892 1204 fert
915 1157 1124 1220 vestigia
1145 1157 1310 1203 vultus
1329 1175 1340 1209 ς

138 1236 480 1299 Consistitque
514 1236 713 1299 procul:
753 1251 917 1298 neque
949 1234 1080 1282 enim
1122 1233 1351 1297 propiora
1386 1232 1509 1279 fere-

333 1314 420 1361 bat

183 1474 232 1503 10.
249 1473 417 1514 AEgoeona.]
431 1474 534 1504 Etiam
550 1474 682 1516 AEgaemz,
700 1484 793 1515 quem

139 1522 193 1553 Dii
218 1522 380 1553 Briareum
398 1523 565 1559 vocabant,
589 1523 677 1554 Deus
702 1523 794 1554 mari-

109 1611 114 1614 ·
139 1583 207 1608 nus,
223 1572 363 1614 Neptuni
378 1572 429 1602 vel
443 1571 536 1608 filius,
553 1572 603 1603 vel
622 1573 794 1604 secundum

141 1621 267 1652 Hesiod.
291 1621 410 1662 Theog.
433 1621 495 1651 817
519 1632 588 1663 sqq.
609 1632 717 1662 gener,
740 1621 795 1652 sed

139 1676 226 1712 patre
238 1671 340 1701 fortior
354 1682 362 1708 ;
379 1670 463 1701 unde
477 1670 506 1701 ei
520 1677 646 1701 centum
657 1670 796 1707 brachia,

142 1720 174 1750 in
195 1720 309 1762 quibus
329 1720 420 1751 sedes
442 1720 641 1756 fortitudinis,
657 1720 797 1750 tribuun-

141 1775 211 1800 tur:
236 1769 307 1800 vide
322 1771 416 1800 Hom.
431 1769 472 1800 ΙΙ.
488 1773 530 1800 Α.
544 1770 606 1800 402
625 1780 694 1810 sqq.
736 1769 798 1800 Sed

142 1818 254 1860 virgil.
276 1819 404 1850 AEneid.
426 1831 457 1850 x.
479 1820 554 1850 565.
581 1829 654 1849 eum
676 1818 799 1849 videtur

143 1869 222 1899 inter
259 1868 413 1910 Gigantas
447 1868 600 1899 retulisse.
660 1869 800 1898 Premere

141 1917 265 1948 omnino
276 1917 405 1959 quidem
416 1923 463 1949 est
474 1917 606 1947 insidere
616 1928 623 1955 ;
639 1916 694 1947 sed
705 1927 799 1951 nunc,

142 1967 195 1998 ubi
220 1969 340 1998 lacertis
363 1967 501 2003 additur,
520 1966 627 1997 malim
647 1965 688 1996 ad
708 1965 797 1997 habi-

142 2022 210 2047 tum
236 2016 421 2047 animalibus
447 2015 649 2046 insidentium
674 2015 799 2051 referre,

143 2076 238 2107 quum
262 2065 405 2096 demissis
426 2065 562 2096 brachiis
584 2071 670 2107 terga
693 2074 798 2096 eorum

143 2120 286 2156 tangunt,
301 2121 336 2146 ut
354 2115 435 2145 infra
451 2116 513 2146 874
529 2115 653 2156 Europa
675 2114 799 2145 dorsum

144 2170 234 2195 tauri.

190 2214 239 2243 ll.
256 2213 358 2249 Doris,
374 2212 439 2243 filia
454 2212 587 2248 Oceani,
604 2212 715 2254 conjux
733 2212 798 2243 Ne·

145 2262 199 2298 rei,
211 2267 309 2292 mater
330 2261 557 2303 quinquaginta
571 2261 801 2302 Nympharum,

146 2322 216 2353 quae
239 2322 258 2342 a
279 2317 366 2354 patre
383 2311 534 2342 Nereides
549 2310 712 2341 dicuntur:
737 2310 802 2340 He-

146 2360 222 2392 siod.
242 2361 362 2401 Theog.
384 2361 467 2397 2403
491 2359 591 2401 Orph.
611 2359 730 2401 Hymn.
751 2360 802 2390 23.

150 2410 234 2440 Nare
247 2412 399 2445 videntur,
415 2415 525 2440 nantes
541 2414 717 2439 cernuntur.

192 2460 241 2490 12.
258 2460 362 2495 Moles,
377 2458 532 2500 scopulus.
570 2459 688 2489 siccare
708 2459 803 2497 cupil-

149 2511 190 2539 los
220 2509 346 2540 solenne
368 2508 528 2549 negotium
552 2508 690 2538 Deorum
712 2506 804 2537 mari-

151 2568 269 2593 norum,
286 2557 548 2599 quemadmodum
564 2556 618 2587 alii
630 2556 692 2587 otio
707 2556 803 2586 abun-

149 2605 260 2637 dantes
274 2617 395 2637 comam
415 2611 535 2636 ornant.
571 2604 707 2646 Singulis
722 2615 802 2635 nunc

151 2655 230 2685 actio
245 2655 387 2696 quaedam
407 2655 561 2685 tribuitur.
610 2654 726 2684 l'iricles
743 2654 802 2683 Ne—

134 2730 139 2736 .
155 2706 268 2734 reidum
303 2716 386 2735 comte
423 2704 517 2734 etiam
551 2704 626 2733 Hor.
651 2703 714 2733 ΙΙΙ.
744 2702 805 2733 Od.

155 2752 259 2782 xxviii.
289 2753 336 2782 10.
393 2752 559 2794 Neptunus
587 2750 807 2792 κυανοχαίτης

861 1474 943 1516 apud
961 1473 1108 1503 Graecos:
1134 1470 1195 1501 vid.
1212 1470 1252 1501 ad
1269 1470 1290 1500 i.
1304 1470 1377 1500 275.
1397 1468 1449 1499 ubi
1466 1478 1518 1499 vo-

860 1529 950 1553 catur
968 1521 1129 1551 Caeruleus.

907 1573 956 1602 13.
973 1571 1068 1606 Pisce,
1082 1569 1195 1600 belluis
1210 1567 1347 1603 marinis,
1363 1566 1519 1608 delphinis

862 1621 893 1652 in
923 1619 1040 1662 primis,
1070 1618 1140 1649 vehi
1174 1618 1317 1648 solebant
1344 1615 1517 1647 Nereides:

862 1670 924 1700 vid.
951 1669 989 1700 ad
1014 1669 1058 1699 xi.
1080 1668 1154 1698 237.
1199 1667 1314 1702 Facies,
1344 1671 1404 1696 etc.
1427 1665 1519 1706 Inge-

864 1718 949 1748 niose
965 1723 996 1748 et
1008 1716 1175 1747 inlaudem
1190 1714 1326 1745 artificis.
1354 1713 1522 1745 Claudian.

865 1778 895 1797 x.
911 1767 963 1797 72.
977 1766 1016 1796 de
1031 1765 1197 1795 Amoribus
1210 1776 1217 1793 ε
1242 1763 1458 1805 millefratres,
1473 1773 1521 1792 ore

864 1827 959 1856 pares,
974 1817 1081 1845 similes
1097 1815 1212 1844 habitu.

912 1866 960 1896 15.
989 1864 1098 1904 Viros]
1120 1862 1286 1894 Homines:
1309 1862 1400 1903 gerit,
1416 1860 1522 1890 habet.

912 1915 960 1944 17.
980 1913 1053 1945 Cfflz'
1075 1915 1182 1953 imago,
1207 1911 1340 1942 coelum:
1356 1910 1522 1951 fulgentis,

867 1963 994 1998 stellati,
1011 1961 1215 2004 αἰγλήεντος,
1232 1959 1450 2000 ἀστερόεντος.

912 2014 960 2043 18.
985 2013 1078 2053 Signa
1108 2009 1289 2052 simpliciter
1311 2008 1457 2039 dicuntur
1483 2006 1522 2037 si-

867 2063 939 2093 dera
963 2060 1098 2097 Zodiaci,
1114 2070 1183 2101 quae
1208 2064 1360 2089 certorum
1382 2056 1521 2088 animan-

868 2111 955 2148 tium,
979 2110 1172 2150 aliarumque
1196 2118 1296 2139 rerum
1317 2106 1459 2148 speciem·
1476 2115 1522 2136 re-

867 2160 945 2191 ferre
973 2165 1139 2201 putantur3
1167 2157 1250 2188 unde
1280 2155 1432 2186 Zodiacus
1458 2153 1524 2194 ipse

867 2209 994 2251 signifer
1016 2209 1102 2238 orbis.
1133 2206 1201 2237 Cic.
1217 2205 1291 2235 Div.
1306 2203 1338 2234 ii.
1354 2205 1406 2234 45.
1448 2203 1522 2234 Jam

869 2259 936 2289 haec
959 2257 1126 2288 duodecim
1149 2255 1237 2297 signa
1264 2259 1350 2284 secat
1372 2253 1526 2293 AEquator

867 2308 922 2344 ita,
939 2313 973 2338 ut
983 2318 1035 2338 sex
1051 2305 1155 2337 sintin
1170 2311 1256 2346 parte
1272 2300 1525 2345 septemtrionali,

869 2358 1061 2398 totidemque
1090 2355 1122 2385 in
1152 2353 1290 2385 australi.
1334 2353 1402 2382 Hoc
1432 2350 1525 2392 igitur

869 2413 1059 2448 expresserat
1082 2404 1216 2434 Vulcan.
1240 2412 1335 2444 quum
1364 2399 1523 2431 dimidiam

870 2456 1025 2497 signorum
1041 2459 1160 2495 partem
1175 2451 1291 2483 dextris
1307 2451 1421 2481 foribus
1435 2447 1524 2480 addi-

871 2504 976 2539 disset,
988 2503 1149 2533 dimidiam
1163 2501 1303 2532 sinistris.

916 2553 1054 2584 19—30.
1085 2552 1150 2586 Quo
1181 2551 1268 2581 simul
1305 2546 1442 2586 acclina]
1473 2546 1526 2576 In-

872 2610 958 2633 terna
973 2601 1063 2642 regiae
1080 2600 1185 2631 facies.
1214 2600 1344 2633 Avelim,
1361 2595 1435 2638 quia
1450 2601 1526 2626 tem-

872 2652 924 2692 pla
945 2650 975 2680 iu
997 2649 1088 2679 editis
1107 2649 1168 2678 fere
1189 2647 1264 2677 locis
1282 2646 1354 2688 poni
1375 2644 1526 2674 solebant.

878 2700 1035 2738 Purpurea
1058 2704 1142 2727 veste
1166 2696 1273 2730 velati,
1298 2701 1363 2728 aut,
1389 2692 1526 2735 epitheto

875 2747 970 2778 veluti
992 2747 1123 2788 proprio,
1138 2747 1282 2785 purpurei
1308 2743 1422 2784 ubique
1442 2751 1530 2783 reges
