1763 3181
412 164 1035 225 METAMORPHosnoN
1068 181 1188 224 LIB.
1219 182 1304 224 VI.

1450 184 1536 225 383

146 298 355 346 Inficere
381 298 568 362 ingenti
593 299 796 362 longum
821 297 1102 347 curvamine
1128 298 1338 356 coelum;

145 375 204 423 In
229 392 328 439 quo
353 375 531 423 diversi
557 376 748 423 niteant
772 391 926 438 quum
951 374 1086 422 mille
1112 375 1318 431 colores,

1467 378 1529 422 65

144 452 404 500 Transitus
429 453 537 517 ipse
561 460 728 500 tamen
753 451 1033 515 spectantia
1056 451 1242 498 lumina
1267 451 1408 499 fallit.

145 529 322 592 Usque
347 530 470 577 adeo
505 530 640 592 quod
665 528 825 591 tangit
856 528 988 575 idem
1013 528 1117 576 est!
1156 535 1323 575 tamen
1357 528 1532 575 ultima

145 606 254 654 Illic
279 614 329 655 et
352 608 542 656 lentum
567 607 663 654 filis
689 606 970 653 immittitur
995 621 1184 663 aurum,

1304 605 1528 667 [distant.

143 683 210 731 Et
232 690 373 731 vetus
399 685 448 731 in
472 684 574 732 tela
597 683 860 731 deducitur
886 689 1246 745 argumentum.

211 760 456 825 Cecropia
480 760 648 808 Pallas
674 760 933 824 scopulum
961 758 1202 806 Mavortis
1228 759 1278 806 in
1304 775 1414 807 arce
1468 763 1531 806 70

143 836 329 900 Pingit,
356 844 408 885 et
432 837 689 900 antiquam
715 837 777 884 de
803 843 945 884 terrae
971 836 1168 883 nomine
1193 835 1350 883 litem.

145 914 233 962 Bis
258 931 349 963 sex
374 915 621 971 coelestes,
648 914 811 961 medio
836 913 976 969 Jove,
1004 913 1207 961 sedibus
1232 913 1343 960 altis

142 991 372 1055 Augusta
395 993 635 1055 gravitate
661 992 866 1039 sedent:
908 1006 998 1038 sua
1022 1006 1274 1054 quemque
1297 990 1518 1038 Deorum

144 1069 379 1117 Inscribit
402 1069 584 1118 facies:
624 1069 653 1116 J
659 1069 761 1117 ovis
787 1076 863 1117 est
888 1068 1066 1131 regalis
1093 1068 1273 1130 imago.

142 1213 193 1244 De
208 1213 301 1244 verbo
315 1215 460 1244 deducere
476 1213 547 1244 vide
563 1212 603 1244 ad
618 1213 638 1244 i.
653 1214 683 1244 4.
709 1213 741 1243 N
743 1223 802 1244 unc
868 1223 923 1251 per
937 1223 1043 1252 aquam
1055 1212 1232 1251 Neptunum
1244 1213 1308 1252 sign
1315 1212 1423 1252 ificuri,
1435 1222 1535 1251 eosque

140 1261 266 1293 omnino
280 1268 337 1299 est,
354 1262 488 1293 texendo
503 1263 660 1304 effingere.

185 1313 236 1344 70.
252 1312 411 1352 -S'copulum
421 1312 579 1349 Mavortis,
588 1312 803 1352 Areopagum,

142 1362 253 1393 collem
265 1362 357 1404 juxta
370 1361 567 1403 Cecropiam.
613 1361 721 1396 Litem,
738 1370 803 1390 cer-

141 1416 246 1442 tamen
261 1409 401 1452 Neptuni
417 1415 448 1441 et
468 1408 608 1441 Palladis
623 1410 662 1440 de
680 1408 804 1440 nomine

142 1459 226 1491 urbis
242 1459 415 1502 Cecropiae.
457 1460 571 1490 Noster
584 1459 724 1501 sequitur
740 1469 802 1495 eos,

141 1509 195 1551 qui
211 1508 377 1540 duodecim
392 1519 522 1550 magnos
537 1509 622 1540 Deos
641 1507 802 1539 arbitrium

141 1558 248 1590 tulisse
263 1559 441 1594 narrabant,
453 1564 499 1595 ut,
513 1565 580 1589 uter
594 1568 707 1588 munus
722 1568 802 1588 mor-

141 1607 256 1638 talibus
270 1607 467 1638 utilissimum
489 1605 696 1648 produxisset,
712 1606 751 1636 ab
767 1618 803 1637 eo

141 1657 214 1687 urbs
251 1667 363 1687 nomen
400 1655 567 1698 acciperet.
624 1655 803 1687 Secundum

142 1705 289 1747 Apollod.
313 1706 379 1736 III.
402 1705 466 1736 xiv.
487 1707 517 1736 1.
544 1706 690 1747 Cecropis
712 1711 804 1737 aetate

143 1756 214 1786 Diis
227 1755 347 1797 placuit
366 1755 509 1786 civitates
528 1755 587 1786 sibi
609 1754 756 1796 deligere,
772 1755 804 1786 in

143 1805 257 1847 quibus
280 1805 468 1835 colerentur.
515 1804 554 1835 In
568 1803 708 1834 Atticam
723 1804 806 1846 prior

142 1854 228 1886 venit
241 1854 421 1895 Neptunus,
434 1853 629 1894 tridenteque
645 1852 729 1883 humi
745 1853 805 1883 fixo

142 1903 175 1934 in
190 1903 295 1934 media
310 1902 446 1944 acropoli
461 1913 546 1933 mare
561 1902 686 1943 profert.
732 1902 806 1932 Post

142 1953 228 1984 venit
253 1953 407 1988 Minerva,
434 1963 515 1994 quae,
541 1962 638 1993 quum
667 1951 808 1993 Cecropa

143 2008 254 2033 testem
270 2001 408 2037 fecisset,
427 2002 528 2031 oleam
542 2001 674 2042 plantat.
705 2000 806 2031 Litem

144 2051 216 2082 inde
246 2051 285 2081 de
311 2056 392 2081 terra
414 2049 602 2092 possidenda
626 2054 724 2080 ortam
753 2049 806 2091 qui

142 2100 332 2136 dirimerent,
347 2099 472 2141 Jupiter
490 2098 653 2129 duodecim
677 2109 806 2140 magnos

143 2151 229 2181 Deos
248 2148 371 2190 judices
391 2147 563 2184 constituit,
581 2149 635 2190 qui
658 2147 806 2190 Cecropis

142 2198 318 2229 testimonio
333 2197 479 2229 commoti
498 2197 668 2228 secundum
686 2198 804 2228 Miner-

143 2258 215 2278 vam
230 2246 482 2289 pronunciarunt.
527 2247 574 2277 Ea
589 2246 666 2276 ratio
682 2246 805 2287 Heynio

143 2307 205 2338 prae
221 2295 341 2327 caeteris
354 2296 468 2337 placet,
482 2295 557 2336 quia
571 2294 660 2325 valde
676 2294 806 2336 antiqua

139 2345 219 2386 juris
243 2345 286 2375 rei
316 2344 513 2386 acquirendae
542 2344 672 2385 vestigia
698 2344 805 2375 habet.

143 2394 204 2425 Sed
220 2394 318 2424 Paulo
330 2394 418 2424 aliter
428 2394 528 2424 Varro
539 2393 623 2435 apud
636 2392 806 2435 Augustin.

111 2470 116 2479 ,
143 2443 182 2474 de
199 2442 272 2474 Civ.
288 2442 363 2479 Dei,
378 2442 464 2473 xviii.
477 2443 508 2473 9.
524 2453 587 2473 rem
602 2442 706 2478 refert,
717 2442 806 2484 cujus

144 2493 239 2523 verba
264 2503 336 2523 cum
362 2492 393 2523 h.
415 2492 437 2522 l.
458 2492 595 2523 conferre
614 2492 722 2534 juvat:
751 2492 805 2522 Ce-

143 2553 228 2581 crope
239 2547 395 2583 regnante,
406 2552 497 2581 quum
511 2543 592 2572 circa
602 2552 700 2571 arcem
714 2542 804 2571 Athe-

142 2592 272 2621 niensem
286 2592 349 2621 olea
364 2591 451 2620 arbor
463 2589 551 2631 forte
571 2596 660 2620 enata
681 2597 762 2626 esset,
779 2597 806 2620 et

134 2643 230 2680 juata
240 2651 387 2680 aquarum
400 2642 554 2681 scaturigo
565 2646 727 2676 emanaret,
739 2650 807 2670 con-

143 2691 255 2719 suctum
268 2700 355 2728 super
370 2690 423 2719 hoc
440 2690 534 2719 veluti
546 2690 684 2730 prodigio
694 2690 807 2728 Apolli-

147 2749 210 2769 nem
237 2741 424 2778 respondisse,
440 2750 492 2778 per
516 2739 607 2769 oleam
625 2738 808 2773 Minervam,

873 1262 951 1292 Deos
970 1264 1049 1292 inter
1070 1272 1098 1292 se
1115 1267 1241 1296 certare,
1257 1267 1325 1291 uter
1346 1262 1414 1290 urbi
1431 1271 1534 1290 nomen

871 1312 1043 1350 imponeret.
1092 1310 1195 1344 Quare
1206 1320 1293 1348 penes
1307 1310 1448 1349 populum¹
1463 1320 1533 1345 esse,

871 1362 971 1389 utrius
990 1360 1046 1389 Dei
1069 1361 1184 1388 nomine
1202 1359 1350 1398 appellari
1371 1359 1453 1388 illum
1474 1359 1535 1388 vel-

873 1409 945 1444 lent,
960 1410 1128 1439 decernere.
1153 1408 1380 1438 Atheniensibus
1392 1410 1491 1448 itaque
1503 1410 1535 1438 in

871 1458 1022 1499 suffragia
1037 1459 1187 1493 euntibus,
1204 1469 1294 1498 quum
1310 1468 1404 1488 mares
1416 1458 1535 1497 Neptu-

870 1519 918 1543 πη,
934 1508 1072 1538 mulieres
1098 1508 1242 1537 Miner-mr
1256 1506 1415 1548 faverent,
1432 1509 1534 1538 vicisse

873 1557 1042 1586 Minervam
1058 1557 1173 1586 calculo
1187 1567 1257 1586 uno.
1297 1556 1399 1589 Quare
1417 1556 1534 1595 Neptu-

872 1618 943 1636 num
958 1607 1172 1647 iudignautum
1185 1615 1246 1635 mox
1261 1611 1376 1635 tautam
1388 1617 1535 1646 aquarum

870 1657 929 1685 vim
951 1655 1099 1697 effudisse,
1117 1662 1150 1685 ut
1175 1661 1265 1684 totam
1289 1665 1379 1694 prope
1401 1656 1535 1686 Atticam

870 1706 1047 1736 inundaret.
1101 1705 1191 1734 Forte
1219 1704 1354 1745 Cecrops
1380 1714 1475 1745 quum
1503 1704 1535 1735 in

871 1753 1010 1784 Atticam
1032 1753 1232 1795 pervenisset,
1249 1752 1429 1794 incolasque
1454 1753 1535 1793 Nep-

874 1809 958 1838 tuno,
976 1803 1033 1833 hoc
1049 1808 1106 1838 est,
1126 1802 1316 1843 navigationi
1332 1807 1363 1833 et
1382 1802 1533 1843 piraticae,

872 1851 994 1881 deditos
1014 1850 1220 1891 cognovisset,
1236 1861 1360 1892 operam
1381 1850 1482 1887 dedit,
1502 1858 1536 1882 ut

873 1901 992 1931 cultum
1019 1901 1175 1936 Minerva’,
1201 1900 1258 1930 hoc
1283 1906 1340 1936 est,
1363 1899 1534 1941 agricultu-

872 1960 949 1986 ram,
964 1950 1185 1980 introduceret.
1234 1949 1317 1980 Hinc
1340 1959 1472 1990 magnus
1488 1956 1536 1981 tu-

873 2000 999 2035 multus,
1016 2010 1109 2040 quern
1125 1999 1168 2029 ita
1183 1999 1369 2040 composuit,
1388 2004 1422 2029 ut
1437 1999 1533 2040 pluri-

873 2059 950 2084 mos,
967 2048 1111 2079 mulieres
1126 2048 1158 2078 in
1179 2047 1297 2090 primis,
1313 2048 1345 2078 in
1360 2057 1448 2078 suam
1464 2059 1535 2078 sen-

872 2099 1002 2129 tentiam
1025 2098 1171 2129 traheret.
1205 2098 1255 2128 Sic
1279 2097 1354 2128 vicit
1378 2097 1446 2127 olea
1470 2097 1535 2128 Mi·

873 2158 987 2178 nervae.
1023 2146 1137 2177 Confer
1165 2146 1295 2187 Goguet.
1321 2145 1350 2176 d.
1366 2145 1391 2175 l.
1413 2156 1444 2186 p.
1464 2146 1535 2177 169.

873 2197 921 2227 Ea
938 2196 996 2227 fuit
1014 2194 1169 2226 sententia
1190 2195 1228 2225 P.
1244 2194 1451 2230 Tournemine,
1467 2194 1535 2224 Μέ-

872 2248 975 2276 moires
990 2247 1025 2276 de
1043 2245 1190 2279 Trevom,
1207 2243 1334 2273 Janvier
1352 2243 1447 2272 1708.

916 2296 967 2325 73.
990 2297 1129 2335 Augusta
1142 2295 1289 2334 gravium,
1303 2291 1409 2322 divina
1421 2291 1532 2333 majes-

872 2351 930 2376 taS.
962 2344 1086 2384 Nempe
1098 2340 1407 2384 gravitasjudicibus
1422 2351 1535 2371 conve-

872 2393 928 2424 nit.
975 2393 1129 2427 Iusc'ribit,
1154 2398 1261 2421 notum
1288 2389 1373 2425 facit,
1394 2389 1536 2420 declarat

873 2442 942 2485 quis
958 2442 1017 2479 sit3
1040 2440 1169 2470 ductum
1186 2439 1235 2469 vel
1252 2449 1270 2469 a
1285 2437 1385 2468 titulis
1406 2437 1535 2468 aedifici-

872 2502 970 2526 orum,
987 2490 1036 2521 vel
1051 2489 1154 2531 potius
1170 2489 1208 2519 ab
1232 2486 1487 2528 inscriptionibus
1502 2486 1534 2517 in

872 2548 996 2584 pectore
1006 2539 1173 2573 venalium,
1183 2537 1294 2578 quibus
1306 2535 1535 2572 declarabatur,

873 2590 1000 2632 quinam
1015 2593 1126 2622 essent,
1140 2597 1233 2627 quarn
1248 2591 1344 2616 artem
1357 2585 1535 2625 profiteren-

875 2645 937 2670 tur.
983 2637 1034 2668 Sic
1066 2638 1249 2667 literatorem
1280 2635 1401 2664 inscribi
1426 2634 1536 2663 Seuto-

878 2688 957 2723 nius,
974 2687 1025 2716 111.
1038 2686 1145 2715 Gram.
1160 2685 1189 2714 4.
1220 2684 1353 2724 Regula,
1365 2692 1434 2713 cum
1447 2692 1534 2727 scep-

878 2743 924 2766 tro
939 2742 968 2766 et
984 2733 1124 2765 fulmine.
