1729 3207
204 205 264 246 72
591 203 644 244 P.
676 200 887 245 OVIDII
921 199 1200 242 NASONIS

209 319 283 367 Os
306 317 490 366 homini
515 317 725 364 sublime
745 316 912 373 dedit;
952 315 1235 378 coelumque
1258 313 1385 361 tueri

1520 313 1583 359 85

206 395 234 442 J
242 395 381 451 ussit,
407 401 458 442 et
481 401 673 442 erectos
699 394 761 441 ad
783 392 946 441 sidera
969 393 1141 440 tollere
1165 391 1347 438 vultus.

211 472 312 527 Sic,
332 471 479 519 modo
505 487 617 534 quae
642 471 801 518 fuerat
821 471 955 518 rudis
978 477 1030 517 et
1052 470 1158 517 sine
1184 468 1398 531 imagine
1420 466 1586 521 tellus,

209 548 379 596 Induit
401 548 595 610 ignotas
621 548 874 595 hominum
899 563 1136 595 conversa
1158 546 1357 610 figuras.

275 625 346 673 II.
385 626 585 672 AUREA
620 625 779 689 prima
813 632 923 673 sata
957 632 1036 673 est
1071 631 1207 683 aetaS‚
1237 639 1366 687 quae,
1392 620 1588 668 vindice

406 703 556 759 nullo,

250 839 304 868 85.
331 836 422 867 Tneri
441 836 565 873 intueri,
586 842 621 867 ut
643 848 673 868 x.
689 838 763 869 389.
778 838 868 881 Virg.

209 888 284 918 AEn.
295 886 337 917 iv.
352 888 411 918 451
425 899 432 916 :
459 888 526 918 coeli
540 898 665 918 conve-ta
683 890 774 918 tueri.

251 938 302 968 86.
326 937 475 978 Erec-tos]
502 937 640 968 Erectam
656 937 788 969 hominis
807 937 866 969 for-

207 997 290 1018 mam
305 993 396 1028 urget
410 992 514 1028 poeta„
558 988 607 1017 Ad
627 988 736 1023 sidera,
752 992 787 1018 ut
802 997 868 1018 cor-

207 1036 333 1078 poribus
345 1035 526 1068 coelestibus
535 1036 794 1078 contemplandis,
805 1035 868 1068 Dei

208 1085 414 1127 cognitionem
441 1095 552 1127 capere
576 1085 740 1127 possimus.
790 1086 867 1117 Haec

206 1141 410 1176 respexerunt
424 1134 489 1165 alii.
523 1135 635 1166 Senec.
652 1135 690 1166 de
706 1135 780 1166 Otio
794 1135 868 1176 Sap.

209 1184 250 1214 32
265 1195 272 1213 ε
310 1188 332 1201 “
343 1184 375 1214 N
377 1194 412 1214 ec
427 1183 525 1214 erexit
539 1183 754 1214 tantummodo
769 1183 867 1214 homi-

207 1243 291 1270 nem,
315 1233 370 1265 sed
395 1233 490 1264 etiam
512 1232 552 1263 ad
577 1233 867 1275 contemplationem

208 1283 340 1320 factum,
355 1288 389 1314 ut
410 1283 448 1314 ab
471 1288 540 1313 ortu
560 1282 662 1314 sidera
676 1282 709 1313 in
723 1293 869 1314 occasum

209 1331 348 1363 labentia
375 1332 520 1374 prosequi
547 1338 663 1374 posset,
691 1338 723 1364 et
747 1333 869 1364 vultum

207 1392 299 1413 suum
321 1380 518 1412 circumferre
540 1392 612 1412 cum
635 1387 711 1418 toto,
735 1381 869 1413 sublime

207 1430 282 1462 fecit
293 1430 338 1462 illi
353 1430 481 1473 caput.”
504 1429 610 1468 Silius,
621 1442 672 1462 xv.
683 1432 724 1462 84
737 1444 743 1462 :
762 1432 871 1462 Nonne

208 1482 299 1517 vides,
315 1481 466 1511 hominum
479 1487 515 1511 ut
531 1482 619 1511 celsos
632 1482 672 1511 ad
686 1483 785 1512 sidera
800 1483 868 1511 vul-

208 1537 257 1561 tus
268 1530 433 1562 Sustulerit
446 1530 542 1566 Deus,
551 1542 587 1561 ac
597 1531 733 1561 sublimia
738 1532 871 1572 finxerit

208 1581 281 1611 ora?
319 1580 398 1611 Inde
426 1579 518 1611 homo
546 1580 667 1612 Graecis
697 1581 871 1623 ἅνθρωπος

209 1629 326 1660 dictus.

255 1679 309 1710 87.
334 1679 405 1709 Sine
419 1678 576 1721 imagine]
594 1677 750 1710 Informis.
786 1679 871 1711 Fast.

208 1729 229 1759 i.
242 1728 287 1759 iii.
299 1730 362 1759 sine
371 1731 500 1770 imagine
511 1730 608 1759 moles.
638 1728 740 1770 Imago
754 1728 871 1771 passim

212 1789 266 1820 pro
282 1778 390 1815 forma,
401 1783 437 1809 ut
451 1777 497 1809 iii.
512 1779 540 1808 l.

255 1827 309 1858 88.
327 1827 435 1858 Induit
446 1837 595 1863 conversa,
607 1837 623 1857 e
636 1826 726 1869 copia
735 1827 870 1869 poetica,

211 1875 343 1918 accepit.

255 1925 386 1956 89-150.
409 1925 512 1956 Aurea
526 1926 637 1965 prima,
655 1924 731 1965 etc.]
749 1924 872 1956 Nobilis

211 1974 299 2005 locus
327 1973 366 2004 de
392 1975 536 2010 oetatibus,
561 1973 594 2004 in
618 1984 696 2015 quas
719 1974 869 2016 priscum,

212 2023 297 2065 quod
309 2023 469 2054 effluxerat
482 2023 555 2054 inde
568 2023 607 2054 ab
620 2022 737 2064 origine
749 2023 870 2061 mundi,

212 2082 313 2102 aevum
337 2071 523 2108 describere,
540 2072 725 2113 quibusque,
741 2082 795 2113 pro
817 2082 871 2103 cu-

209 2121 324 2162 jusque
340 2121 470 2157 ratione,
486 2131 505 2152 a
519 2120 654 2152 metallis
669 2121 794 2151 nomina
812 2121 869 2151 im-

211 2180 337 2211 ponere,
353 2169 489 2212 antiquis
500 2170 600 2212 poetis
613 2170 742 2211 placuit.
775 2170 870 2201 Clau-

213 2218 298 2250 dian.
311 2219 386 2250 xxii.
403 2220 464 2250 446
478 2232 484 2249 :
504 2220 707 2260 var-infaciem
728 2221 871 2250 distincta

212 2269 333 2299 metallo
355 2269 475 2299 Secula.
521 2269 592 2306 Quo
616 2268 681 2299 sine
707 2267 802 2299 dubio
827 2268 871 2298 nil

213 2316 299 2348 aliud
324 2316 496 2358 exprimere
525 2316 683 2353 volebant,
715 2316 773 2347 nisi
800 2316 871 2353 hoc,

213 2376 312 2407 genus
339 2366 498 2396 hominum
528 2376 548 2396 a
575 2372 658 2397 statu
683 2366 817 2397 naturali
841 2372 873 2397 et

214 2415 310 2445 animi
331 2415 510 2456 integritate
534 2415 686 2456 gradatim
709 2414 871 2457 delapsum

215 2474 282 2496 esse
294 2464 334 2495 ad
349 2464 429 2495 hanc
441 2469 473 2494 et
484 2463 554 2494 vitae
566 2463 729 2500 rationem,
739 2470 770 2494 et
781 2463 872 2494 vitio-

214 2513 351 2545 sitatem.
376 2515 486 2549 Varro,
497 2512 539 2543 R.
552 2512 591 2543 R.
602 2512 636 2543 ii.
651 2515 681 2544 1.
697 2513 733 2543 In
745 2523 873 2544 numero

215 2568 321 2593 autem
342 2562 454 2594 harum
479 2568 617 2598 aetatum,
639 2569 749 2604 poetae,
768 2567 803 2593 ut
828 2562 873 2598 fit,

217 2611 296 2642 inter
328 2622 361 2642 se
393 2611 588 2642 dissentiunt.
633 2611 715 2642 Nam
745 2610 874 2642 Hesiod.

207 2658 306 2702 Ἐργ.
345 2661 507 2692 109-208.
531 2661 668 2702 quinque
712 2666 851 2691 recenset
865 2671 874 2699 ς

219 2710 342 2746 Noster¹
366 2710 479 2741 omissa
502 2716 571 2752 post
595 2720 714 2741 aeneam
738 2710 873 2747 heroica,

219 2766 370 2801 quatuor3
393 2760 518 2796 Aratus,
539 2759 698 2792 Phaenom.
725 2761 874 2791 loo-134.

933 845 993 871 tres
1005 851 1013 878 3
1037 839 1169 869 duarum
1180 842 1300 868 tantum
1311 834 1500 866 mentionem
1514 833 1591 864 faci-

932 896 990 920 unt
1002 888 1114 931 virgil.
1126 888 1240 928 Georg.
1249 887 1269 917 i.
1283 887 1343 918 125
1353 896 1421 927 sqq.
1433 884 1504 915 coll.
1515 884 1594 915 AEn.

933 938 999 970 viii.
1015 939 1078 969 314
1098 949 1170 979 sqq.
1186 943 1217 968 et
1231 936 1335 966 Tibul.
1350 935 1378 966 1.
1392 935 1436 966 iii.
1450 935 1492 965 35
1513 944 1592 975 sqq3

933 998 991 1019 nec
1006 987 1172 1029 poenitebit
1195 996 1266 1017 cum
1285 984 1333 1015 his
1351 984 1493 1015 Laetam.
1513 983 1595 1013 Inst.

934 1036 997 1067 div.
1017 1048 1046 1066 v.
1070 1038 1101 1067 5.
1121 1035 1298 1066 contulisse.
1342 1034 1417 1064 Erat
1443 1038 1595 1074 praeterea

934 1087 967 1117 in
981 1085 1148 1121 vaticiniis,
1163 1090 1274 1116 exacta
1288 1083 1347 1114 hac
1361 1082 1474 1113 misera
1488 1085 1593 1117 aetate,

935 1135 999 1167 sore
1023 1134 1293 1177 παλιγγενεσίαν,
1308 1133 1341 1163 h.
1355 1143 1382 1164 e.
1398 1132 1474 1167 fore,
1490 1136 1525 1162 ut
1546 1130 1595 1161 in-

935 1195 1024 1216 verso
1043 1184 1151 1215 ordine
1171 1183 1278 1214 secula
1296 1182 1352 1213 illa
1374 1181 1476 1212 denuo
1495 1179 1595 1211 revol-

935 1240 1047 1264 vantur
1066 1239 1098 1265 et
1119 1238 1320 1264 renoventur:
1343 1230 1407 1261 vid.
1422 1230 1512 1272 Virg.
1526 1228 1597 1260 Ecl.

936 1283 977 1314 iv.
991 1283 1098 1324 ibique
1113 1282 1284 1324 Heynium,
1300 1280 1332 1311 in
1351 1279 1460 1322 primis
1473 1279 1513 1310 ad
1527 1289 1594 1310 ver.

937 1334 967 1363 4.
998 1332 1132 1364 Ovidius
1144 1330 1271 1362 Hesiod.
1286 1336 1318 1361 et
1328 1329 1441 1370 virgil.
1454 1327 1593 1359 maxime

937 1388 1062 1413 secutus
1076 1380 1238 1423 reperitur,
1255 1378 1464 1420 aemulumque
1485 1376 1596 1408 habuit

937 1431 1046 1462 Senec.
1058 1431 1154 1472 Hipp.
1168 1440 1232 1461 ver.
1246 1429 1309 1460 524
1322 1438 1394 1469 sqq.
1410 1426 1500 1458 Med.
1515 1428 1578 1458 330
1586 1438 1596 1466 ς

937 1480 1049 1511 Octav.
1072 1481 1134 1511 397
1156 1490 1225 1521 sqq.
1248 1479 1363 1509 Ferrea
1384 1484 1460 1507 aetas
1487 1486 1600 1507 secun·

937 1528 1012 1560 dum
1036 1529 1185 1560 Nostrum
1206 1526 1299 1570 periit
1310 1526 1526 1558 Deucalioneo
1549 1525 1597 1557 di-

937 1577 1032 1609 luvio.

981 1628 1033 1659 89.
1049 1628 1120 1657 112.
1142 1628 1245 1657 Aurea
1252 1628 1352 1667 prima
1363 1633 1429 1657 sata
1441 1632 1483 1657 est
1496 1624 1594 1665 aetas.]

937 1678 1043 1708 Status
1072 1676 1240 1718 primorum
1265 1675 1424 1707 hominum
1447 1674 1599 1706 naturalis

937 1725 1131 1762 describitur,
1143 1725 1243 1767 qualis
1256 1736 1287 1756 v.
1302 1735 1331 1756 c.
1342 1724 1406 1756 vita
1421 1724 1598 1767 Cyclopum

939 1776 1022 1818 apud
1044 1777 1171 1807 Homer.
1185 1775 1248 1807 Od.
1263 1773 1303 1806 1'.
1321 1775 1392 1806 106.
1412 1784 1482 1815 sqq.
1502 1779 1598 1815 atque

937 1826 1032 1856 etiam
1047 1825 1138 1856 hodie
1153 1825 1320 1855 multarum
1335 1823 1475 1866 gentium
1484 1823 1599 1854 barba·

937 1885 1051 1906 rarum.
1095 1874 1156 1905 Sed
1177 1881 1372 1906 accessemut
1393 1872 1511 1904 colores
1530 1882 1599 1914 my·

939 1923 1013 1954 thici
1039 1929 1071 1954 et
1090 1922 1215 1965 poetici.
1260 1922 1343 1954 Vide
1366 1932 1459 1964 super
1481 1921 1540 1953 hac
1564 1931 1598 1952 re

938 1971 1208 2014 philosophantem
1218 1971 1417 2002 Posidonium
1427 1981 1478 2012 ap.
1487 1971 1598 2002 Senec.

939 2023 998 2064 Ep.
1013 2023 1065 2052 90.
1110 2022 1209 2057 AEtas,
1226 2031 1325 2062 genus
1343 2019 1514 2051 hominum.
1530 2020 1600 2051 Cic.

939 2071 981 2101 N.
997 2071 1040 2101 D.
1056 2070 1088 2101 ii.
1103 2071 1145 2102 63
1159 2083 1165 2100 :
1191 2066 1316 2100 aureuni
1330 2081 1436 2111 genus.
1482 2068 1597 2111 Virgil.

939 2119 1008 2150 Ecl.
1017 2119 1059 2151 iv.
1069 2131 1160 2151 aurea
1172 2130 1253 2161 gens,
1263 2130 1301 2150 ex
1314 2118 1446 2150 Hesiod.
1458 2118 1599 2162 χρύσεον

938 2168 1042 2211 γένος.
1069 2170 1157 2211 Virg.
1173 2170 1290 2210 Georg.
1305 2169 1337 2200 ii.
1347 2170 1409 2200 538
1424 2181 1430 2198 :
1447 2168 1526 2200 adeo
1541 2180 1598 2199 αιι-

937 2230 1006 2250 reus
1031 2219 1193 2255 Saturnus,
1218 2219 1274 2249 sub
1300 2229 1362 2260 quo
1391 2228 1484 2249 aurea
1511 2224 1599 2249 aetas.

938 2270 1061 2311 Nempe
1082 2280 1173 2300 aurea
1193 2268 1450 2311 praestantissima
1464 2278 1599 2311 quaeque

938 2317 1059 2348 dicitur.
1106 2319 1174 2348 Hoc
1198 2317 1294 2358 igitur
1317 2317 1476 2360 epitheton
1500 2328 1597 2359 quum

939 2366 1046 2409 primae
1063 2367 1147 2398 aetati
1161 2366 1270 2398 datum
1291 2373 1382 2403 esset,
1398 2366 1526 2408 reliquae
1542 2367 1597 2398 de-

938 2415 1064 2447 teriores
1073 2416 1164 2446 facile
1174 2426 1264 2447 suum
1274 2426 1387 2446 nomen
1397 2415 1597 2455 invenerunt;

939 2476 1118 2507 quanquam
1132 2466 1242 2496 ahenea
1265 2471 1296 2496 et
1307 2465 1418 2506 fer-rea
1441 2465 1535 2496 etiam
1557 2466 1598 2497 ab

939 2513 1032 2545 armis
1047 2514 1174 2545 aheneis
1187 2520 1217 2545 et
1229 2513 1333 2545 ferreis
1344 2514 1406 2545 dici
1421 2520 1599 2556 potuerunt.

945 2563 1067 2594 Vindice
1096 2564 1191 2599 nullo,
1219 2563 1340 2594 nemine
1367 2563 1484 2594 scelera
1511 2573 1598 2594 coer-

941 2618 1041 2642 cente.
1086 2611 1198 2653 Virgil.
1214 2611 1342 2643 AEneid.
1356 2612 1409 2643 vii.
1431 2613 1511 2643 203:
1543 2612 1598 2642 Sa-

941 2663 1027 2692 turni
1048 2668 1165 2703 gentem
1188 2663 1269 2692 haud
1291 2662 1389 2693 vinclo
1407 2674 1461 2693 nec
1487 2663 1599 2704 legibus

941 2723 1064 2752 aequam,
1090 2711 1196 2752 Sponte
1219 2722 1273 2742 sua
1302 2713 1463 2753 veterisque
1488 2713 1546 2744 Dei
1569 2723 1600 2743 se

941 2771 1019 2791 more
1033 2767 1190 2792 tenentem.
