<?xml version="1.0" encoding="UTF-8"?>
<!DOCTYPE html PUBLIC "-//W3C//DTD XHTML 1.0 Transitional//EN"
    "http://www.w3.org/TR/xhtml1/DTD/xhtml1-transitional.dtd">
<html xmlns="http://www.w3.org/1999/xhtml" xml:lang="en" lang="en">
 <head>
  <title>
</title>
<meta http-equiv="Content-Type" content="text/html;charset=utf-8" />
  <meta name='ocr-system' content='tesseract 3.04.00' />
  <meta name='ocr-capabilities' content='ocr_page ocr_carea ocr_par ocr_line ocrx_word'/>
</head>
<body>
  <div class='ocr_page' id='page_1' title='image "./povidiinasonisop03oviduoft_0133.png"; bbox 0 0 1729 3207; ppageno 0'>
   <div class='ocr_carea' id='block_1_1' title="bbox 401 213 1249 256">
    <p class='ocr_par' dir='ltr' id='par_1_1' title="bbox 401 213 1249 256">
     <span class='ocr_line' id='line_1_1' title="bbox 401 213 1249 256; baseline -0.001 0"><span class='ocrx_word' id='word_1_1' title='bbox 401 213 1025 256; x_wconf 86' lang='lat' dir='ltr'><strong>METAMORPHOSEON</strong></span> <span class='ocrx_word' id='word_1_2' title='bbox 1060 214 1178 256; x_wconf 92' lang='lat' dir='ltr'>LIB.</span> <span class='ocrx_word' id='word_1_3' title='bbox 1214 215 1249 255; x_wconf 94' lang='grc' dir='ltr'>Ι.</span> 
     </span>
    </p>
   </div>
   <div class='ocr_carea' id='block_1_2' title="bbox 1436 219 1520 259">
    <p class='ocr_par' dir='ltr' id='par_1_2' title="bbox 1436 219 1520 259">
     <span class='ocr_line' id='line_1_2' title="bbox 1436 219 1520 259; baseline 0.012 -1"><span class='ocrx_word' id='word_1_4' title='bbox 1436 219 1520 259; x_wconf 74' lang='lat'>1223</span> 
     </span>
    </p>
   </div>
   <div class='ocr_carea' id='block_1_3' title="bbox 135 330 1362 456">
    <p class='ocr_par' dir='ltr' id='par_1_3' title="bbox 135 330 1362 456">
     <span class='ocr_line' id='line_1_3' title="bbox 136 330 1349 386; baseline 0 -9"><span class='ocrx_word' id='word_1_5' title='bbox 136 330 282 385; x_wconf 86' lang='lat' dir='ltr'>Quod</span> <span class='ocrx_word' id='word_1_6' title='bbox 307 330 348 377; x_wconf 90' lang='lat' dir='ltr'>si</span> <span class='ocrx_word' id='word_1_7' title='bbox 374 331 477 377; x_wconf 88' lang='lat' dir='ltr'>sola</span> <span class='ocrx_word' id='word_1_8' title='bbox 502 331 646 377; x_wconf 89' lang='lat' dir='ltr'>times</span> <span class='ocrx_word' id='word_1_9' title='bbox 672 330 888 377; x_wconf 89' lang='lat' dir='ltr'>latebras</span> <span class='ocrx_word' id='word_1_10' title='bbox 914 330 1096 377; x_wconf 89' lang='lat' dir='ltr'>intrare</span> <span class='ocrx_word' id='word_1_11' title='bbox 1121 330 1349 386; x_wconf 81' lang='lat' dir='ltr'>ferarum,</span> 
     </span>
     <span class='ocr_line' id='line_1_4' title="bbox 135 407 1362 456; baseline 0.001 -2"><span class='ocrx_word' id='word_1_12' title='bbox 135 407 355 455; x_wconf 86' lang='lat' dir='ltr'>Praeside</span> <span class='ocrx_word' id='word_1_13' title='bbox 375 414 483 455; x_wconf 92' lang='lat' dir='ltr'>tuta</span> <span class='ocrx_word' id='word_1_14' title='bbox 508 407 617 454; x_wconf 90' lang='lat' dir='ltr'>Deo</span> <span class='ocrx_word' id='word_1_15' title='bbox 643 423 900 455; x_wconf 88' lang='lat' dir='ltr'>nemorum</span> <span class='ocrx_word' id='word_1_16' title='bbox 925 414 1119 455; x_wconf 85' lang='lat' dir='ltr'>secreta</span> <span class='ocrx_word' id='word_1_17' title='bbox 1143 408 1332 454; x_wconf 83' lang='lat' dir='ltr'>subibis</span> <span class='ocrx_word' id='word_1_18' title='bbox 1353 426 1362 456; x_wconf 90' lang='lat'>:</span> 
     </span>
    </p>
   </div>
   <div class='ocr_carea' id='block_1_4' title="bbox 134 484 1337 548">
    <p class='ocr_par' dir='ltr' id='par_1_4' title="bbox 134 484 1337 548">
     <span class='ocr_line' id='line_1_5' title="bbox 134 484 1337 548; baseline 0 -16"><span class='ocrx_word' id='word_1_19' title='bbox 134 484 182 531; x_wconf 96' lang='lat' dir='ltr'>N</span> <span class='ocrx_word' id='word_1_20' title='bbox 186 501 242 532; x_wconf 90' lang='lat' dir='ltr'>ec</span> <span class='ocrx_word' id='word_1_21' title='bbox 262 485 325 532; x_wconf 92' lang='lat' dir='ltr'>de</span> <span class='ocrx_word' id='word_1_22' title='bbox 349 485 497 548; x_wconf 81' lang='lat' dir='ltr'>plebe</span> <span class='ocrx_word' id='word_1_23' title='bbox 525 485 650 541; x_wconf 92' lang='lat' dir='ltr'>Deo,</span> <span class='ocrx_word' id='word_1_24' title='bbox 679 486 767 533; x_wconf 91' lang='lat' dir='ltr'>sed</span> <span class='ocrx_word' id='word_1_25' title='bbox 794 484 880 547; x_wconf 90' lang='lat' dir='ltr'>qui</span> <span class='ocrx_word' id='word_1_26' title='bbox 906 485 1131 532; x_wconf 87' lang='lat' dir='ltr'>coelestia</span> <span class='ocrx_word' id='word_1_27' title='bbox 1155 501 1337 547; x_wconf 81' lang='lat' dir='ltr'>magna</span> 
     </span>
    </p>
   </div>
   <div class='ocr_carea' id='block_1_5' title="bbox 1423 489 1518 533">
    <p class='ocr_par' dir='ltr' id='par_1_5' title="bbox 1423 489 1518 533">
     <span class='ocr_line' id='line_1_6' title="bbox 1423 489 1518 533; baseline 0.011 -1"><span class='ocrx_word' id='word_1_28' title='bbox 1423 489 1518 533; x_wconf 82' lang='lat'>595</span> 
     </span>
    </p>
   </div>
   <div class='ocr_carea' id='block_1_6' title="bbox 134 561 1518 936">
    <p class='ocr_par' dir='ltr' id='par_1_6' title="bbox 134 561 1518 936">
     <span class='ocr_line' id='line_1_7' title="bbox 135 561 1518 625; baseline 0.001 -17"><span class='ocrx_word' id='word_1_29' title='bbox 135 561 347 625; x_wconf 84' lang='lat' dir='ltr'>Sceptra</span> <span class='ocrx_word' id='word_1_30' title='bbox 370 577 519 608; x_wconf 87' lang='lat' dir='ltr'>manu</span> <span class='ocrx_word' id='word_1_31' title='bbox 543 569 717 618; x_wconf 89' lang='lat' dir='ltr'>teneo;</span> <span class='ocrx_word' id='word_1_32' title='bbox 760 561 849 608; x_wconf 89' lang='lat' dir='ltr'>sed</span> <span class='ocrx_word' id='word_1_33' title='bbox 875 562 959 624; x_wconf 92' lang='lat' dir='ltr'>qui</span> <span class='ocrx_word' id='word_1_34' title='bbox 978 578 1104 624; x_wconf 83' lang='lat' dir='ltr'>vaga</span> <span class='ocrx_word' id='word_1_35' title='bbox 1126 561 1332 610; x_wconf 80' lang='lat' dir='ltr'>fulmina</span> <span class='ocrx_word' id='word_1_36' title='bbox 1359 563 1518 610; x_wconf 88' lang='lat' dir='ltr'>mitto.</span> 
     </span>
     <span class='ocr_line' id='line_1_8' title="bbox 134 638 1517 703; baseline 0 -17"><span class='ocrx_word' id='word_1_37' title='bbox 134 638 212 686; x_wconf 92' lang='lat' dir='ltr'>Ne</span> <span class='ocrx_word' id='word_1_38' title='bbox 237 638 354 701; x_wconf 85' lang='lat' dir='ltr'>fuge</span> <span class='ocrx_word' id='word_1_39' title='bbox 378 655 458 686; x_wconf 90' lang='lat' dir='ltr'>me</span> <span class='ocrx_word' id='word_1_40' title='bbox 475 639 520 693; x_wconf 87' lang='grc'>;”</span> <span class='ocrx_word' id='word_1_41' title='bbox 548 638 773 701; x_wconf 81' lang='lat' dir='ltr'>fugiebat</span> <span class='ocrx_word' id='word_1_42' title='bbox 799 639 957 687; x_wconf 90' lang='lat' dir='ltr'>enim:</span> <span class='ocrx_word' id='word_1_43' title='bbox 984 641 1089 702; x_wconf 80' lang='lat' dir='ltr'>J&#39;am</span> <span class='ocrx_word' id='word_1_44' title='bbox 1114 656 1302 703; x_wconf 89' lang='lat' dir='ltr'>pascua</span> <span class='ocrx_word' id='word_1_45' title='bbox 1328 639 1517 695; x_wconf 86' lang='lat' dir='ltr'>Lernae‚</span> 
     </span>
     <span class='ocr_line' id='line_1_9' title="bbox 135 714 1422 779; baseline 0.002 -17"><span class='ocrx_word' id='word_1_46' title='bbox 135 714 443 778; x_wconf 89' lang='lat' dir='ltr'>Consitaque</span> <span class='ocrx_word' id='word_1_47' title='bbox 469 715 726 762; x_wconf 86' lang='lat' dir='ltr'>arboribus</span> <span class='ocrx_word' id='word_1_48' title='bbox 754 715 964 779; x_wconf 76' lang='lat' dir='ltr'>Lyrceia</span> <span class='ocrx_word' id='word_1_49' title='bbox 988 716 1258 779; x_wconf 80' lang='lat' dir='ltr'>reliquerat</span> <span class='ocrx_word' id='word_1_50' title='bbox 1282 733 1422 773; x_wconf 86' lang='lat' dir='ltr'>arva;</span> 
     </span>
     <span class='ocr_line' id='line_1_10' title="bbox 135 791 1257 856; baseline 0.002 -17"><span class='ocrx_word' id='word_1_51' title='bbox 135 791 302 846; x_wconf 83' lang='lat' dir='ltr'>Quum</span> <span class='ocrx_word' id='word_1_52' title='bbox 323 793 462 840; x_wconf 89' lang='lat' dir='ltr'>Deus</span> <span class='ocrx_word' id='word_1_53' title='bbox 483 793 688 840; x_wconf 86' lang='lat' dir='ltr'>inducta</span> <span class='ocrx_word' id='word_1_54' title='bbox 713 794 837 840; x_wconf 87' lang='lat' dir='ltr'>latas</span> <span class='ocrx_word' id='word_1_55' title='bbox 864 793 1076 856; x_wconf 82' lang='lat' dir='ltr'>caligine</span> <span class='ocrx_word' id='word_1_56' title='bbox 1101 801 1257 842; x_wconf 88' lang='lat' dir='ltr'>terras</span> 
     </span>
     <span class='ocr_line' id='line_1_11' title="bbox 134 870 1457 936; baseline 0.002 -18"><span class='ocrx_word' id='word_1_57' title='bbox 134 871 384 926; x_wconf 88' lang='lat' dir='ltr'>Occuluit,</span> <span class='ocrx_word' id='word_1_58' title='bbox 411 870 673 934; x_wconf 89' lang='lat' dir='ltr'>tenuitque</span> <span class='ocrx_word' id='word_1_59' title='bbox 697 870 880 933; x_wconf 84' lang='lat' dir='ltr'>fugam,</span> <span class='ocrx_word' id='word_1_60' title='bbox 909 872 1174 934; x_wconf 81' lang='lat' dir='ltr'>rapuitque</span> <span class='ocrx_word' id='word_1_61' title='bbox 1200 873 1457 936; x_wconf 84' lang='lat' dir='ltr'>pudorem.</span> 
     </span>
    </p>
   </div>
   <div class='ocr_carea' id='block_1_7' title="bbox 136 948 1230 1012">
    <p class='ocr_par' dir='ltr' id='par_1_7' title="bbox 136 948 1230 1012">
     <span class='ocr_line' id='line_1_12' title="bbox 136 948 1230 1012; baseline 0.001 -17"><span class='ocrx_word' id='word_1_62' title='bbox 136 948 333 996; x_wconf 87' lang='lat' dir='ltr'>Interea</span> <span class='ocrx_word' id='word_1_63' title='bbox 357 948 548 997; x_wconf 90' lang='lat' dir='ltr'>medios</span> <span class='ocrx_word' id='word_1_64' title='bbox 573 948 602 995; x_wconf 90' lang='lat' dir='ltr'>J</span> <span class='ocrx_word' id='word_1_65' title='bbox 608 965 704 995; x_wconf 92' lang='lat' dir='ltr'>uno</span> <span class='ocrx_word' id='word_1_66' title='bbox 729 948 964 1012; x_wconf 83' lang='lat' dir='ltr'>despexit</span> <span class='ocrx_word' id='word_1_67' title='bbox 987 948 1036 995; x_wconf 91' lang='lat' dir='ltr'>in</span> <span class='ocrx_word' id='word_1_68' title='bbox 1064 965 1230 1012; x_wconf 84' lang='lat' dir='ltr'>agros:</span> 
     </span>
    </p>
   </div>
   <div class='ocr_carea' id='block_1_8' title="bbox 1426 953 1516 996">
    <p class='ocr_par' dir='ltr' id='par_1_8' title="bbox 1426 953 1516 996">
     <span class='ocr_line' id='line_1_13' title="bbox 1426 953 1516 996; baseline 0 0"><span class='ocrx_word' id='word_1_69' title='bbox 1426 953 1516 996; x_wconf 85' lang='lat'>601</span> 
     </span>
    </p>
   </div>
   <div class='ocr_carea' id='block_1_9' title="bbox 134 1025 1522 1323">
    <p class='ocr_par' dir='ltr' id='par_1_9' title="bbox 134 1025 1522 1323">
     <span class='ocr_line' id='line_1_14' title="bbox 136 1025 1269 1074; baseline 0 -1"><span class='ocrx_word' id='word_1_70' title='bbox 136 1025 201 1073; x_wconf 88' lang='lat' dir='ltr'>Et</span> <span class='ocrx_word' id='word_1_71' title='bbox 225 1027 386 1073; x_wconf 92' lang='lat' dir='ltr'>noctis</span> <span class='ocrx_word' id='word_1_72' title='bbox 411 1026 588 1074; x_wconf 90' lang='lat' dir='ltr'>faciem</span> <span class='ocrx_word' id='word_1_73' title='bbox 615 1027 823 1074; x_wconf 89' lang='lat' dir='ltr'>nebulas</span> <span class='ocrx_word' id='word_1_74' title='bbox 849 1026 1027 1073; x_wconf 86' lang='lat' dir='ltr'>fecisse</span> <span class='ocrx_word' id='word_1_75' title='bbox 1045 1027 1269 1073; x_wconf 87' lang='lat' dir='ltr'>volucres</span> 
     </span>
     <span class='ocr_line' id='line_1_15' title="bbox 136 1103 1272 1161; baseline 0.001 -11"><span class='ocrx_word' id='word_1_76' title='bbox 136 1103 242 1151; x_wconf 87' lang='lat' dir='ltr'>Sub</span> <span class='ocrx_word' id='word_1_77' title='bbox 267 1105 425 1152; x_wconf 89' lang='lat' dir='ltr'>nitido</span> <span class='ocrx_word' id='word_1_78' title='bbox 450 1106 628 1152; x_wconf 86' lang='lat' dir='ltr'>mirata</span> <span class='ocrx_word' id='word_1_79' title='bbox 651 1105 759 1161; x_wconf 90' lang='lat' dir='ltr'>die;</span> <span class='ocrx_word' id='word_1_80' title='bbox 800 1121 897 1152; x_wconf 91' lang='lat' dir='ltr'>non</span> <span class='ocrx_word' id='word_1_81' title='bbox 922 1105 1138 1151; x_wconf 88' lang='lat' dir='ltr'>fluminis</span> <span class='ocrx_word' id='word_1_82' title='bbox 1164 1105 1272 1152; x_wconf 89' lang='lat' dir='ltr'>illas</span> 
     </span>
     <span class='ocr_line' id='line_1_16' title="bbox 136 1180 1264 1237; baseline 0.002 -10"><span class='ocrx_word' id='word_1_83' title='bbox 136 1180 277 1237; x_wconf 90' lang='lat' dir='ltr'>Esse,</span> <span class='ocrx_word' id='word_1_84' title='bbox 306 1198 397 1229; x_wconf 92' lang='lat' dir='ltr'>nec</span> <span class='ocrx_word' id='word_1_85' title='bbox 422 1182 648 1229; x_wconf 86' lang='lat' dir='ltr'>humenti</span> <span class='ocrx_word' id='word_1_86' title='bbox 670 1182 823 1229; x_wconf 88' lang='lat' dir='ltr'>sentit</span> <span class='ocrx_word' id='word_1_87' title='bbox 848 1183 1026 1229; x_wconf 86' lang='lat' dir='ltr'>tellure</span> <span class='ocrx_word' id='word_1_88' title='bbox 1051 1182 1264 1230; x_wconf 85' lang='lat' dir='ltr'>remitti:</span> 
     </span>
     <span class='ocr_line' id='line_1_17' title="bbox 134 1258 1522 1323; baseline 0.001 -18"><span class='ocrx_word' id='word_1_89' title='bbox 134 1258 303 1322; x_wconf 90' lang='lat' dir='ltr'>Atque</span> <span class='ocrx_word' id='word_1_90' title='bbox 329 1276 448 1306; x_wconf 93' lang='lat' dir='ltr'>suus</span> <span class='ocrx_word' id='word_1_91' title='bbox 474 1261 675 1323; x_wconf 82' lang='lat' dir='ltr'>conjux,</span> <span class='ocrx_word' id='word_1_92' title='bbox 705 1260 790 1306; x_wconf 90' lang='lat' dir='ltr'>ubi</span> <span class='ocrx_word' id='word_1_93' title='bbox 817 1260 896 1315; x_wconf 84' lang='lat' dir='ltr'>sit,</span> <span class='ocrx_word' id='word_1_94' title='bbox 924 1260 1289 1323; x_wconf 77' lang='lat' dir='ltr'>circumspicit3</span> <span class='ocrx_word' id='word_1_95' title='bbox 1332 1267 1385 1307; x_wconf 90' lang='lat' dir='ltr'>ut</span> <span class='ocrx_word' id='word_1_96' title='bbox 1409 1276 1522 1323; x_wconf 82' lang='lat' dir='ltr'>quae</span> 
     </span>
    </p>
   </div>
   <div class='ocr_carea' id='block_1_10' title="bbox 137 1336 1232 1401">
    <p class='ocr_par' dir='ltr' id='par_1_10' title="bbox 137 1336 1232 1401">
     <span class='ocr_line' id='line_1_18' title="bbox 137 1336 1232 1401; baseline 0.001 -18"><span class='ocrx_word' id='word_1_97' title='bbox 137 1336 383 1401; x_wconf 91' lang='lat' dir='ltr'>Deprensi</span> <span class='ocrx_word' id='word_1_98' title='bbox 404 1337 552 1385; x_wconf 84' lang='lat' dir='ltr'>toties</span> <span class='ocrx_word' id='word_1_99' title='bbox 572 1339 678 1401; x_wconf 87' lang='lat' dir='ltr'>jam</span> <span class='ocrx_word' id='word_1_100' title='bbox 704 1339 874 1385; x_wconf 63' lang='lat' dir='ltr'>nesset</span> <span class='ocrx_word' id='word_1_101' title='bbox 899 1337 1028 1385; x_wconf 90' lang='lat' dir='ltr'>furta</span> <span class='ocrx_word' id='word_1_102' title='bbox 1052 1337 1232 1384; x_wconf 84' lang='lat' dir='ltr'>mariti.</span> 
     </span>
    </p>
   </div>
   <div class='ocr_carea' id='block_1_11' title="bbox 1427 1341 1522 1384">
    <p class='ocr_par' dir='ltr' id='par_1_11' title="bbox 1427 1341 1522 1384">
     <span class='ocr_line' id='line_1_19' title="bbox 1427 1341 1522 1384; baseline 0 0"><span class='ocrx_word' id='word_1_103' title='bbox 1427 1341 1522 1384; x_wconf 89' lang='lat'>606</span> 
     </span>
    </p>
   </div>
   <div class='ocr_carea' id='block_1_12' title="bbox 136 1413 1524 1479">
    <p class='ocr_par' dir='ltr' id='par_1_12' title="bbox 136 1413 1524 1479">
     <span class='ocr_line' id='line_1_20' title="bbox 136 1413 1524 1479; baseline -0.001 -17"><span class='ocrx_word' id='word_1_104' title='bbox 136 1413 298 1468; x_wconf 85' lang='lat' dir='ltr'>Quem</span> <span class='ocrx_word' id='word_1_105' title='bbox 334 1422 602 1479; x_wconf 89' lang='lat' dir='ltr'>postquam</span> <span class='ocrx_word' id='word_1_106' title='bbox 641 1416 766 1463; x_wconf 88' lang='lat' dir='ltr'>coelo</span> <span class='ocrx_word' id='word_1_107' title='bbox 808 1432 906 1462; x_wconf 93' lang='lat' dir='ltr'>non</span> <span class='ocrx_word' id='word_1_108' title='bbox 947 1415 1194 1479; x_wconf 91' lang='lat' dir='ltr'>repperit;</span> <span class='ocrx_word' id='word_1_109' title='bbox 1238 1421 1267 1438; x_wconf 90' lang='lat'><strong>“</strong></span> <span class='ocrx_word' id='word_1_110' title='bbox 1291 1414 1391 1462; x_wconf 88' lang='lat' dir='ltr'>Aut</span> <span class='ocrx_word' id='word_1_111' title='bbox 1431 1432 1524 1477; x_wconf 81' lang='lat' dir='ltr'>ego</span> 
     </span>
    </p>
   </div>
   <div class='ocr_carea' id='block_1_13' title="bbox 333 1492 489 1548">
    <p class='ocr_par' dir='ltr' id='par_1_13' title="bbox 333 1492 489 1548">
     <span class='ocr_line' id='line_1_21' title="bbox 333 1492 489 1548; baseline 0 -10"><span class='ocrx_word' id='word_1_112' title='bbox 333 1492 489 1548; x_wconf 87' lang='lat' dir='ltr'>fallor,</span> 
     </span>
    </p>
   </div>
   <div class='ocr_carea' id='block_1_14' title="bbox 131 1639 802 2811">
    <p class='ocr_par' dir='ltr' id='par_1_14' title="bbox 133 1639 793 1728">
     <span class='ocr_line' id='line_1_22' title="bbox 133 1639 793 1675; baseline 0.003 -8"><span class='ocrx_word' id='word_1_113' title='bbox 133 1639 303 1668; x_wconf 77' lang='lat' dir='ltr'>accenderit</span> <span class='ocrx_word' id='word_1_114' title='bbox 321 1645 418 1675; x_wconf 69' lang='lat' dir='ltr'>cestus,</span> <span class='ocrx_word' id='word_1_115' title='bbox 436 1643 469 1669; x_wconf 84' lang='lat' dir='ltr'>et</span> <span class='ocrx_word' id='word_1_116' title='bbox 482 1649 545 1669; x_wconf 89' lang='lat' dir='ltr'>ver.</span> <span class='ocrx_word' id='word_1_117' title='bbox 560 1639 640 1670; x_wconf 83' lang='lat'>426:</span> <span class='ocrx_word' id='word_1_118' title='bbox 667 1641 793 1670; x_wconf 78' lang='lat' dir='ltr'>medium</span> 
     </span>
     <span class='ocr_line' id='line_1_23' title="bbox 134 1686 594 1728; baseline 0.007 -12"><span class='ocrx_word' id='word_1_119' title='bbox 134 1686 182 1716; x_wconf 86' lang='lat' dir='ltr'>Sol</span> <span class='ocrx_word' id='word_1_120' title='bbox 198 1688 302 1728; x_wconf 79' lang='lat' dir='ltr'>igneus</span> <span class='ocrx_word' id='word_1_121' title='bbox 317 1689 411 1718; x_wconf 86' lang='lat' dir='ltr'>orbem</span> <span class='ocrx_word' id='word_1_122' title='bbox 428 1688 594 1719; x_wconf 80' lang='lat' dir='ltr'>Hauserat.</span> 
     </span>
    </p>

    <p class='ocr_par' dir='ltr' id='par_1_15' title="bbox 136 1736 795 1826">
     <span class='ocr_line' id='line_1_24' title="bbox 177 1736 795 1779; baseline 0.003 -13"><span class='ocrx_word' id='word_1_123' title='bbox 177 1736 251 1766; x_wconf 84' lang='lat'>593.</span> <span class='ocrx_word' id='word_1_124' title='bbox 276 1736 421 1767; x_wconf 76' lang='lat' dir='ltr'>Latebras</span> <span class='ocrx_word' id='word_1_125' title='bbox 441 1737 598 1779; x_wconf 82' lang='lat' dir='ltr'>ferarum,</span> <span class='ocrx_word' id='word_1_126' title='bbox 628 1737 732 1773; x_wconf 81' lang='lat' dir='ltr'>silvas,</span> <span class='ocrx_word' id='word_1_127' title='bbox 764 1737 795 1768; x_wconf 86' lang='lat' dir='ltr'>in</span> 
     </span>
     <span class='ocr_line' id='line_1_25' title="bbox 136 1784 559 1826; baseline 0.005 -11"><span class='ocrx_word' id='word_1_128' title='bbox 136 1784 249 1826; x_wconf 90' lang='lat' dir='ltr'>quibus</span> <span class='ocrx_word' id='word_1_129' title='bbox 264 1787 461 1817; x_wconf 83' lang='lat' dir='ltr'>occultantur</span> <span class='ocrx_word' id='word_1_130' title='bbox 475 1787 559 1817; x_wconf 85' lang='lat' dir='ltr'>ferae.</span> 
     </span>
    </p>

    <p class='ocr_par' dir='ltr' id='par_1_16' title="bbox 135 1835 797 2225">
     <span class='ocr_line' id='line_1_26' title="bbox 178 1835 797 1877; baseline 0.002 -11"><span class='ocrx_word' id='word_1_131' title='bbox 178 1836 254 1866; x_wconf 88' lang='grc'><em>595.</em></span> <span class='ocrx_word' id='word_1_132' title='bbox 280 1835 344 1867; x_wconf 81' lang='lat' dir='ltr'>Nec</span> <span class='ocrx_word' id='word_1_133' title='bbox 364 1838 400 1866; x_wconf 83' lang='lat' dir='ltr'>de</span> <span class='ocrx_word' id='word_1_134' title='bbox 417 1837 500 1876; x_wconf 84' lang='lat' dir='ltr'>plebe</span> <span class='ocrx_word' id='word_1_135' title='bbox 524 1837 618 1877; x_wconf 84' lang='lat' dir='ltr'>Deo.]</span> <span class='ocrx_word' id='word_1_136' title='bbox 646 1837 696 1867; x_wconf 90' lang='lat' dir='ltr'>De</span> <span class='ocrx_word' id='word_1_137' title='bbox 716 1838 797 1876; x_wconf 80' lang='lat' dir='ltr'>plebe</span> 
     </span>
     <span class='ocr_line' id='line_1_27' title="bbox 135 1884 796 1917; baseline 0.002 -2"><span class='ocrx_word' id='word_1_138' title='bbox 135 1884 275 1915; x_wconf 86' lang='lat' dir='ltr'>Deorum</span> <span class='ocrx_word' id='word_1_139' title='bbox 289 1884 409 1916; x_wconf 86' lang='lat' dir='ltr'>dictum</span> <span class='ocrx_word' id='word_1_140' title='bbox 425 1885 464 1916; x_wconf 93' lang='lat' dir='ltr'>ad</span> <span class='ocrx_word' id='word_1_141' title='bbox 482 1886 554 1917; x_wconf 88' lang='lat'><strong>173.</strong></span> <span class='ocrx_word' id='word_1_142' title='bbox 587 1887 625 1916; x_wconf 88' lang='lat' dir='ltr'>Se</span> <span class='ocrx_word' id='word_1_143' title='bbox 641 1897 796 1916; x_wconf 86' lang='lat' dir='ltr'>commen-</span> 
     </span>
     <span class='ocr_line' id='line_1_28' title="bbox 139 1933 796 1976; baseline 0.003 -12"><span class='ocrx_word' id='word_1_144' title='bbox 139 1933 204 1969; x_wconf 81' lang='lat' dir='ltr'>dat,</span> <span class='ocrx_word' id='word_1_145' title='bbox 215 1939 250 1965; x_wconf 88' lang='lat' dir='ltr'>ut</span> <span class='ocrx_word' id='word_1_146' title='bbox 263 1945 357 1976; x_wconf 84' lang='lat' dir='ltr'>supra</span> <span class='ocrx_word' id='word_1_147' title='bbox 371 1935 498 1976; x_wconf 83' lang='lat' dir='ltr'>Apollo.</span> <span class='ocrx_word' id='word_1_148' title='bbox 529 1936 690 1966; x_wconf 74' lang='lat' dir='ltr'>Sed—sed.</span> <span class='ocrx_word' id='word_1_149' title='bbox 719 1936 796 1966; x_wconf 76' lang='lat' dir='ltr'>Hrec</span> 
     </span>
     <span class='ocr_line' id='line_1_29' title="bbox 137 1983 797 2027; baseline 0.002 -13"><span class='ocrx_word' id='word_1_150' title='bbox 137 1983 295 2026; x_wconf 87' lang='lat' dir='ltr'>anaphora</span> <span class='ocrx_word' id='word_1_151' title='bbox 306 1984 350 2016; x_wconf 81' lang='lat' dir='ltr'>sic</span> <span class='ocrx_word' id='word_1_152' title='bbox 362 1985 456 2016; x_wconf 86' lang='lat' dir='ltr'>etiam</span> <span class='ocrx_word' id='word_1_153' title='bbox 470 1997 500 2016; x_wconf 92' lang='lat' dir='ltr'>v.</span> <span class='ocrx_word' id='word_1_154' title='bbox 515 1986 552 2015; x_wconf 88' lang='grc'>17</span> <span class='ocrx_word' id='word_1_155' title='bbox 565 1996 634 2027; x_wconf 88' lang='lat' dir='ltr'>sqq.</span> <span class='ocrx_word' id='word_1_156' title='bbox 651 1986 711 2016; x_wconf 88' lang='lat'>507</span> <span class='ocrx_word' id='word_1_157' title='bbox 728 1996 797 2026; x_wconf 87' lang='lat' dir='ltr'>sqq.</span> 
     </span>
     <span class='ocr_line' id='line_1_30' title="bbox 138 2034 796 2077; baseline 0.003 -14"><span class='ocrx_word' id='word_1_158' title='bbox 138 2034 256 2076; x_wconf 83' lang='lat' dir='ltr'>Magna</span> <span class='ocrx_word' id='word_1_159' title='bbox 272 2046 388 2071; x_wconf 80' lang='lat' dir='ltr'>manus,</span> <span class='ocrx_word' id='word_1_160' title='bbox 399 2042 430 2066; x_wconf 88' lang='lat' dir='ltr'>et</span> <span class='ocrx_word' id='word_1_161' title='bbox 441 2035 565 2067; x_wconf 87' lang='lat' dir='ltr'>omnino</span> <span class='ocrx_word' id='word_1_162' title='bbox 575 2046 688 2077; x_wconf 81' lang='lat' dir='ltr'>magna</span> <span class='ocrx_word' id='word_1_163' title='bbox 698 2046 796 2066; x_wconf 87' lang='lat' dir='ltr'>mem-</span> 
     </span>
     <span class='ocr_line' id='line_1_31' title="bbox 136 2082 797 2126; baseline 0.002 -13"><span class='ocrx_word' id='word_1_164' title='bbox 136 2082 193 2114; x_wconf 92' lang='lat' dir='ltr'>bra</span> <span class='ocrx_word' id='word_1_165' title='bbox 207 2083 352 2114; x_wconf 83' lang='lat' dir='ltr'>heroibus</span> <span class='ocrx_word' id='word_1_166' title='bbox 368 2090 400 2115; x_wconf 90' lang='lat' dir='ltr'>et</span> <span class='ocrx_word' id='word_1_167' title='bbox 413 2085 496 2121; x_wconf 79' lang='lat' dir='ltr'>Diis,</span> <span class='ocrx_word' id='word_1_168' title='bbox 512 2085 584 2116; x_wconf 90' lang='lat' dir='ltr'>Jovi</span> <span class='ocrx_word' id='word_1_169' title='bbox 600 2084 631 2115; x_wconf 88' lang='lat' dir='ltr'>in</span> <span class='ocrx_word' id='word_1_170' title='bbox 644 2084 762 2126; x_wconf 88' lang='lat' dir='ltr'>primis,</span> <span class='ocrx_word' id='word_1_171' title='bbox 779 2095 797 2115; x_wconf 92' lang='lat' dir='ltr'>a</span> 
     </span>
     <span class='ocr_line' id='line_1_32' title="bbox 136 2132 797 2173; baseline 0.002 -10"><span class='ocrx_word' id='word_1_172' title='bbox 136 2132 235 2173; x_wconf 88' lang='lat' dir='ltr'>poetis</span> <span class='ocrx_word' id='word_1_173' title='bbox 261 2133 355 2164; x_wconf 87' lang='lat' dir='ltr'>tribui</span> <span class='ocrx_word' id='word_1_174' title='bbox 384 2134 504 2165; x_wconf 84' lang='lat' dir='ltr'>solent:</span> <span class='ocrx_word' id='word_1_175' title='bbox 529 2134 593 2165; x_wconf 90' lang='lat' dir='ltr'>vid.</span> <span class='ocrx_word' id='word_1_176' title='bbox 618 2135 728 2164; x_wconf 89' lang='lat' dir='ltr'>Burm.</span> <span class='ocrx_word' id='word_1_177' title='bbox 757 2134 797 2164; x_wconf 91' lang='lat' dir='ltr'>ad</span> 
     </span>
     <span class='ocr_line' id='line_1_33' title="bbox 137 2181 633 2225; baseline 0.006 -14"><span class='ocrx_word' id='word_1_178' title='bbox 137 2181 226 2222; x_wconf 89' lang='lat' dir='ltr'>Eleg.</span> <span class='ocrx_word' id='word_1_179' title='bbox 241 2182 280 2213; x_wconf 90' lang='lat' dir='ltr'>ad</span> <span class='ocrx_word' id='word_1_180' title='bbox 297 2182 364 2214; x_wconf 91' lang='lat' dir='ltr'>Liv.</span> <span class='ocrx_word' id='word_1_181' title='bbox 380 2183 464 2225; x_wconf 83' lang='lat' dir='ltr'>Aug.</span> <span class='ocrx_word' id='word_1_182' title='bbox 480 2194 543 2214; x_wconf 90' lang='lat' dir='ltr'>ver.</span> <span class='ocrx_word' id='word_1_183' title='bbox 557 2184 633 2214; x_wconf 83' lang='lat'>224.</span> 
     </span>
    </p>

    <p class='ocr_par' dir='ltr' id='par_1_17' title="bbox 131 2231 800 2520">
     <span class='ocr_line' id='line_1_34' title="bbox 179 2231 799 2263; baseline 0.003 -2"><span class='ocrx_word' id='word_1_184' title='bbox 179 2231 252 2262; x_wconf 91' lang='lat'>597.</span> <span class='ocrx_word' id='word_1_185' title='bbox 291 2231 392 2262; x_wconf 85' lang='lat' dir='ltr'>Lerna</span> <span class='ocrx_word' id='word_1_186' title='bbox 426 2233 561 2263; x_wconf 85' lang='lat' dir='ltr'>maxime</span> <span class='ocrx_word' id='word_1_187' title='bbox 589 2232 799 2263; x_wconf 83' lang='lat' dir='ltr'>memorabilis</span> 
     </span>
     <span class='ocr_line' id='line_1_35' title="bbox 136 2279 797 2323; baseline 0.003 -13"><span class='ocrx_word' id='word_1_188' title='bbox 136 2279 187 2310; x_wconf 86' lang='lat' dir='ltr'>vel</span> <span class='ocrx_word' id='word_1_189' title='bbox 209 2280 312 2321; x_wconf 87' lang='lat' dir='ltr'>palus,</span> <span class='ocrx_word' id='word_1_190' title='bbox 330 2281 380 2312; x_wconf 85' lang='lat' dir='ltr'>vel</span> <span class='ocrx_word' id='word_1_191' title='bbox 403 2281 516 2312; x_wconf 91' lang='lat' dir='ltr'>fluvius</span> <span class='ocrx_word' id='word_1_192' title='bbox 534 2282 651 2323; x_wconf 85' lang='lat' dir='ltr'>Argiae‚</span> <span class='ocrx_word' id='word_1_193' title='bbox 667 2282 718 2313; x_wconf 89' lang='lat' dir='ltr'>cui</span> <span class='ocrx_word' id='word_1_194' title='bbox 742 2282 797 2312; x_wconf 85' lang='lat' dir='ltr'>ad-</span> 
     </span>
     <span class='ocr_line' id='line_1_36' title="bbox 131 2327 797 2373; baseline 0.003 -14"><span class='ocrx_word' id='word_1_195' title='bbox 131 2327 283 2369; x_wconf 80' lang='lat' dir='ltr'>jacebant</span> <span class='ocrx_word' id='word_1_196' title='bbox 294 2329 528 2371; x_wconf 85' lang='lat' dir='ltr'>amplapascua.</span> <span class='ocrx_word' id='word_1_197' title='bbox 554 2330 699 2373; x_wconf 85' lang='lat' dir='ltr'>AEschyl.</span> <span class='ocrx_word' id='word_1_198' title='bbox 722 2331 797 2361; x_wconf 89' lang='lat' dir='ltr'>Pro-</span> 
     </span>
     <span class='ocr_line' id='line_1_37' title="bbox 136 2377 800 2422; baseline 0.006 -14"><span class='ocrx_word' id='word_1_199' title='bbox 136 2377 234 2409; x_wconf 87' lang='lat' dir='ltr'>meth.</span> <span class='ocrx_word' id='word_1_200' title='bbox 253 2389 317 2410; x_wconf 90' lang='lat' dir='ltr'>ver.</span> <span class='ocrx_word' id='word_1_201' title='bbox 340 2380 414 2416; x_wconf 87' lang='lat'>657,</span> <span class='ocrx_word' id='word_1_202' title='bbox 439 2381 523 2421; x_wconf 88' lang='grc' dir='ltr'>πρὸς</span> <span class='ocrx_word' id='word_1_203' title='bbox 544 2378 667 2422; x_wconf 79' lang='grc' dir='ltr'>Λέρνης</span> <span class='ocrx_word' id='word_1_204' title='bbox 689 2380 800 2420; x_wconf 81' lang='grc' dir='ltr'>βαθὺν</span> 
     </span>
     <span class='ocr_line' id='line_1_38' title="bbox 140 2426 798 2470; baseline 0.005 -13"><span class='ocrx_word' id='word_1_205' title='bbox 140 2426 280 2468; x_wconf 82' lang='grc' dir='ltr'>λειμῶνα</span> <span class='ocrx_word' id='word_1_206' title='bbox 292 2428 432 2470; x_wconf 89' lang='lat' dir='ltr'>(pratum</span> <span class='ocrx_word' id='word_1_207' title='bbox 446 2429 479 2460; x_wconf 90' lang='lat' dir='ltr'>in</span> <span class='ocrx_word' id='word_1_208' title='bbox 493 2429 576 2460; x_wconf 86' lang='lat' dir='ltr'>valle</span> <span class='ocrx_word' id='word_1_209' title='bbox 591 2428 798 2470; x_wconf 85' lang='lat' dir='ltr'>depressiore)</span> 
     </span>
     <span class='ocr_line' id='line_1_39' title="bbox 138 2474 705 2520; baseline 0.009 -15"><span class='ocrx_word' id='word_1_210' title='bbox 138 2474 282 2517; x_wconf 82' lang='grc' dir='ltr'>ποίμνας</span> <span class='ocrx_word' id='word_1_211' title='bbox 295 2476 489 2516; x_wconf 84' lang='grc' dir='ltr'>βουστάσεις</span> <span class='ocrx_word' id='word_1_212' title='bbox 504 2490 536 2509; x_wconf 83' lang='grc' dir='ltr'>τε</span> <span class='ocrx_word' id='word_1_213' title='bbox 551 2478 687 2520; x_wconf 83' lang='grc' dir='ltr'>πατρός.</span> <span class='ocrx_word' id='word_1_214' title='bbox 699 2513 705 2520; x_wconf 30' lang='grc' dir='ltr'>α</span> 
     </span>
    </p>

    <p class='ocr_par' dir='ltr' id='par_1_18' title="bbox 140 2525 800 2712">
     <span class='ocr_line' id='line_1_40' title="bbox 183 2525 796 2567; baseline 0.002 -12"><span class='ocrx_word' id='word_1_215' title='bbox 183 2525 257 2555; x_wconf 89' lang='grc'><strong>598.</strong></span> <span class='ocrx_word' id='word_1_216' title='bbox 282 2525 411 2566; x_wconf 77' lang='lat' dir='ltr'>Lyrceia</span> <span class='ocrx_word' id='word_1_217' title='bbox 428 2537 501 2557; x_wconf 87' lang='lat' dir='ltr'>arva</span> <span class='ocrx_word' id='word_1_218' title='bbox 511 2539 522 2563; x_wconf 89' lang='lat'>,·</span> <span class='ocrx_word' id='word_1_219' title='bbox 547 2537 634 2557; x_wconf 89' lang='lat' dir='ltr'>mons</span> <span class='ocrx_word' id='word_1_220' title='bbox 649 2527 796 2567; x_wconf 74' lang='lat' dir='ltr'>Lyrceus,</span> 
     </span>
     <span class='ocr_line' id='line_1_41' title="bbox 142 2572 800 2617; baseline 0.005 -14"><span class='ocrx_word' id='word_1_221' title='bbox 142 2578 173 2603; x_wconf 87' lang='lat' dir='ltr'>et</span> <span class='ocrx_word' id='word_1_222' title='bbox 199 2572 272 2604; x_wconf 88' lang='lat' dir='ltr'>inde</span> <span class='ocrx_word' id='word_1_223' title='bbox 302 2574 451 2615; x_wconf 63' lang='lat' dir='ltr'>Lyre-eius</span> <span class='ocrx_word' id='word_1_224' title='bbox 476 2581 571 2617; x_wconf 84' lang='lat' dir='ltr'>atque</span> <span class='ocrx_word' id='word_1_225' title='bbox 601 2575 741 2616; x_wconf 73' lang='lat' dir='ltr'>Lyrcius,</span> <span class='ocrx_word' id='word_1_226' title='bbox 767 2575 800 2606; x_wconf 93' lang='lat' dir='ltr'>in</span> 
     </span>
     <span class='ocr_line' id='line_1_42' title="bbox 140 2621 799 2667; baseline 0.005 -15"><span class='ocrx_word' id='word_1_227' title='bbox 140 2621 290 2659; x_wconf 86' lang='lat' dir='ltr'>Arcadia,</span> <span class='ocrx_word' id='word_1_228' title='bbox 305 2624 368 2660; x_wconf 84' lang='lat' dir='ltr'>vel,</span> <span class='ocrx_word' id='word_1_229' title='bbox 389 2629 424 2655; x_wconf 89' lang='lat' dir='ltr'>ut</span> <span class='ocrx_word' id='word_1_230' title='bbox 446 2625 624 2667; x_wconf 82' lang='lat' dir='ltr'>Stephanus</span> <span class='ocrx_word' id='word_1_231' title='bbox 647 2625 724 2661; x_wconf 83' lang='lat' dir='ltr'>vult,</span> <span class='ocrx_word' id='word_1_232' title='bbox 741 2624 799 2655; x_wconf 91' lang='lat' dir='ltr'>Ar-</span> 
     </span>
     <span class='ocr_line' id='line_1_43' title="bbox 142 2670 262 2712; baseline 0.008 -11"><span class='ocrx_word' id='word_1_233' title='bbox 142 2670 262 2712; x_wconf 85' lang='lat' dir='ltr'>golide.</span> 
     </span>
    </p>

    <p class='ocr_par' dir='ltr' id='par_1_19' title="bbox 143 2721 802 2811">
     <span class='ocr_line' id='line_1_44' title="bbox 183 2721 802 2763; baseline 0.005 -13"><span class='ocrx_word' id='word_1_234' title='bbox 183 2721 258 2751; x_wconf 88' lang='grc'>599.</span> <span class='ocrx_word' id='word_1_235' title='bbox 282 2721 402 2762; x_wconf 84' lang='lat' dir='ltr'>Latas.]</span> <span class='ocrx_word' id='word_1_236' title='bbox 425 2723 520 2753; x_wconf 87' lang='lat' dir='ltr'>Terra</span> <span class='ocrx_word' id='word_1_237' title='bbox 535 2733 648 2763; x_wconf 86' lang='lat' dir='ltr'>magna</span> <span class='ocrx_word' id='word_1_238' title='bbox 659 2730 690 2753; x_wconf 84' lang='lat' dir='ltr'>et</span> <span class='ocrx_word' id='word_1_239' title='bbox 704 2722 802 2753; x_wconf 83' lang='lat' dir='ltr'>maxi-</span> 
     </span>
     <span class='ocr_line' id='line_1_45' title="bbox 143 2769 802 2811; baseline 0.005 -13"><span class='ocrx_word' id='word_1_240' title='bbox 143 2778 204 2801; x_wconf 82' lang='lat' dir='ltr'>ma.</span> <span class='ocrx_word' id='word_1_241' title='bbox 222 2769 362 2811; x_wconf 79' lang='grc' dir='ltr'>πελώρη,</span> <span class='ocrx_word' id='word_1_242' title='bbox 379 2770 505 2811; x_wconf 82' lang='lat' dir='ltr'>passim.</span> <span class='ocrx_word' id='word_1_243' title='bbox 548 2771 610 2802; x_wconf 88' lang='lat' dir='ltr'>Sed</span> <span class='ocrx_word' id='word_1_244' title='bbox 633 2772 748 2802; x_wconf 87' lang='lat' dir='ltr'>Nostro</span> <span class='ocrx_word' id='word_1_245' title='bbox 772 2770 802 2801; x_wconf 91' lang='lat' dir='ltr'>in</span> 
     </span>
    </p>
   </div>
   <div class='ocr_carea' id='block_1_15' title="bbox 863 1636 1531 2803">
    <p class='ocr_par' dir='ltr' id='par_1_20' title="bbox 863 1636 1525 1729">
     <span class='ocr_line' id='line_1_46' title="bbox 863 1636 1525 1681; baseline -0.003 -12"><span class='ocrx_word' id='word_1_246' title='bbox 863 1638 969 1681; x_wconf 88' lang='lat' dir='ltr'>primis</span> <span class='ocrx_word' id='word_1_247' title='bbox 981 1640 1126 1681; x_wconf 84' lang='lat' dir='ltr'>placuere</span> <span class='ocrx_word' id='word_1_248' title='bbox 1144 1640 1210 1669; x_wconf 74' lang='lat' dir='ltr'>latae</span> <span class='ocrx_word' id='word_1_249' title='bbox 1225 1645 1321 1673; x_wconf 65' lang='lat' dir='ltr'>terrae,</span> <span class='ocrx_word' id='word_1_250' title='bbox 1338 1638 1419 1679; x_wconf 77' lang='grc' dir='ltr'>γαῖα</span> <span class='ocrx_word' id='word_1_251' title='bbox 1435 1636 1525 1678; x_wconf 41' lang='lat' dir='ltr'>effipia</span> 
     </span>
     <span class='ocr_line' id='line_1_47' title="bbox 863 1699 1011 1729; baseline -0.007 -10"><span class='ocrx_word' id='word_1_252' title='bbox 863 1699 1011 1729; x_wconf 79' lang='grc' dir='ltr'>στερνος.</span> 
     </span>
    </p>

    <p class='ocr_par' dir='ltr' id='par_1_21' title="bbox 865 1735 1525 1817">
     <span class='ocr_line' id='line_1_48' title="bbox 908 1735 1525 1778; baseline -0.005 -10"><span class='ocrx_word' id='word_1_253' title='bbox 908 1738 982 1768; x_wconf 88' lang='lat'>600.</span> <span class='ocrx_word' id='word_1_254' title='bbox 1020 1737 1141 1773; x_wconf 73' lang='lat' dir='ltr'>Tenere,</span> <span class='ocrx_word' id='word_1_255' title='bbox 1168 1737 1311 1772; x_wconf 85' lang='lat' dir='ltr'>retinere,</span> <span class='ocrx_word' id='word_1_256' title='bbox 1334 1735 1405 1766; x_wconf 86' lang='lat' dir='ltr'>hinc</span> <span class='ocrx_word' id='word_1_257' title='bbox 1427 1736 1525 1778; x_wconf 86' lang='lat' dir='ltr'>impe-</span> 
     </span>
     <span class='ocr_line' id='line_1_49' title="bbox 865 1786 945 1817; baseline 0 0"><span class='ocrx_word' id='word_1_258' title='bbox 865 1786 945 1817; x_wconf 87' lang='lat' dir='ltr'>dire.</span> 
     </span>
    </p>

    <p class='ocr_par' dir='ltr' id='par_1_22' title="bbox 907 1836 1397 1877">
     <span class='ocr_line' id='line_1_50' title="bbox 907 1836 1397 1877; baseline -0.006 -10"><span class='ocrx_word' id='word_1_259' title='bbox 907 1837 981 1867; x_wconf 77' lang='lat'>602.</span> <span class='ocrx_word' id='word_1_260' title='bbox 1007 1836 1243 1877; x_wconf 36' lang='lat' dir='ltr'>Noctis-faciem,</span> <span class='ocrx_word' id='word_1_261' title='bbox 1260 1841 1397 1865; x_wconf 86' lang='lat' dir='ltr'>noctem.</span> 
     </span>
    </p>

    <p class='ocr_par' dir='ltr' id='par_1_23' title="bbox 866 1883 1529 2065">
     <span class='ocr_line' id='line_1_51' title="bbox 909 1883 1526 1924; baseline -0.003 -9"><span class='ocrx_word' id='word_1_262' title='bbox 909 1886 983 1916; x_wconf 87' lang='grc'><strong>603.</strong></span> <span class='ocrx_word' id='word_1_263' title='bbox 1008 1886 1069 1915; x_wconf 78' lang='lat' dir='ltr'>Sub</span> <span class='ocrx_word' id='word_1_264' title='bbox 1095 1887 1188 1915; x_wconf 79' lang='lat' dir='ltr'>nitido</span> <span class='ocrx_word' id='word_1_265' title='bbox 1214 1884 1288 1924; x_wconf 60' lang='lat' dir='ltr'>clia]</span> <span class='ocrx_word' id='word_1_266' title='bbox 1317 1883 1399 1914; x_wconf 67' lang='lat' dir='ltr'>Vide</span> <span class='ocrx_word' id='word_1_267' title='bbox 1422 1884 1526 1923; x_wconf 81' lang='lat' dir='ltr'>Heyn.</span> 
     </span>
     <span class='ocr_line' id='line_1_52' title="bbox 867 1933 1529 1976; baseline -0.005 -11"><span class='ocrx_word' id='word_1_268' title='bbox 867 1934 906 1965; x_wconf 85' lang='lat' dir='ltr'>ad</span> <span class='ocrx_word' id='word_1_269' title='bbox 922 1934 1034 1976; x_wconf 71' lang='lat' dir='ltr'>Virgil.</span> <span class='ocrx_word' id='word_1_270' title='bbox 1046 1934 1174 1965; x_wconf 76' lang='lat' dir='ltr'>AEneid.</span> <span class='ocrx_word' id='word_1_271' title='bbox 1188 1933 1208 1964; x_wconf 92' lang='lat' dir='ltr'>i.</span> <span class='ocrx_word' id='word_1_272' title='bbox 1219 1934 1291 1965; x_wconf 82' lang='lat'>431.</span> <span class='ocrx_word' id='word_1_273' title='bbox 1317 1933 1420 1964; x_wconf 83' lang='lat' dir='ltr'>Etiam</span> <span class='ocrx_word' id='word_1_274' title='bbox 1433 1933 1529 1963; x_wconf 73' lang='lat' dir='ltr'>VIII.</span> 
     </span>
     <span class='ocr_line' id='line_1_53' title="bbox 866 1983 1528 2026; baseline -0.003 -11"><span class='ocrx_word' id='word_1_275' title='bbox 866 1984 888 2014; x_wconf 87' lang='lat' dir='ltr'>i.</span> <span class='ocrx_word' id='word_1_276' title='bbox 906 1987 1020 2015; x_wconf 72' lang='lat' dir='ltr'>nitidas</span> <span class='ocrx_word' id='word_1_277' title='bbox 1036 1986 1106 2020; x_wconf 80' lang='lat' dir='ltr'>dies,</span> <span class='ocrx_word' id='word_1_278' title='bbox 1122 1995 1196 2026; x_wconf 89' lang='lat' dir='ltr'>opp.</span> <span class='ocrx_word' id='word_1_279' title='bbox 1213 1983 1361 2014; x_wconf 85' lang='lat' dir='ltr'>tenebris.</span> <span class='ocrx_word' id='word_1_280' title='bbox 1391 1983 1528 2018; x_wconf 85' lang='lat' dir='ltr'>Curtius,</span> 
     </span>
     <span class='ocr_line' id='line_1_54' title="bbox 866 2034 1269 2065; baseline 0.002 -2"><span class='ocrx_word' id='word_1_281' title='bbox 866 2034 929 2064; x_wconf 86' lang='lat' dir='ltr'>HI.</span> <span class='ocrx_word' id='word_1_282' title='bbox 945 2034 989 2064; x_wconf 78' lang='lat' dir='ltr'>iii.</span> <span class='ocrx_word' id='word_1_283' title='bbox 1002 2036 1034 2065; x_wconf 86' lang='lat'>5.</span> <span class='ocrx_word' id='word_1_284' title='bbox 1052 2035 1112 2064; x_wconf 82' lang='lat' dir='ltr'>dies</span> <span class='ocrx_word' id='word_1_285' title='bbox 1129 2034 1269 2064; x_wconf 77' lang='lat' dir='ltr'>illustris.</span> 
     </span>
    </p>

    <p class='ocr_par' dir='ltr' id='par_1_24' title="bbox 866 2082 1531 2567">
     <span class='ocr_line' id='line_1_55' title="bbox 909 2082 1527 2118; baseline -0.002 -5"><span class='ocrx_word' id='word_1_286' title='bbox 909 2083 984 2113; x_wconf 81' lang='lat'>604.</span> <span class='ocrx_word' id='word_1_287' title='bbox 1009 2084 1148 2118; x_wconf 67' lang='lat' dir='ltr'>Remini,</span> <span class='ocrx_word' id='word_1_288' title='bbox 1166 2082 1316 2113; x_wconf 80' lang='lat' dir='ltr'>exhalari.</span> <span class='ocrx_word' id='word_1_289' title='bbox 1343 2082 1427 2112; x_wconf 89' lang='lat' dir='ltr'>Plin.</span> <span class='ocrx_word' id='word_1_290' title='bbox 1443 2082 1527 2112; x_wconf 88' lang='lat' dir='ltr'>Hist.</span> 
     </span>
     <span class='ocr_line' id='line_1_56' title="bbox 866 2132 1528 2172; baseline -0.003 -9"><span class='ocrx_word' id='word_1_291' title='bbox 866 2132 944 2163; x_wconf 84' lang='lat' dir='ltr'>Nat.</span> <span class='ocrx_word' id='word_1_292' title='bbox 963 2132 1041 2162; x_wconf 79' lang='lat' dir='ltr'>xvii.</span> <span class='ocrx_word' id='word_1_293' title='bbox 1065 2133 1103 2162; x_wconf 82' lang='lat'>4:</span> <span class='ocrx_word' id='word_1_294' title='bbox 1134 2132 1227 2162; x_wconf 77' lang='lat' dir='ltr'>Terra</span> <span class='ocrx_word' id='word_1_295' title='bbox 1251 2134 1373 2171; x_wconf 77' lang='lat' dir='ltr'>optima,</span> <span class='ocrx_word' id='word_1_296' title='bbox 1398 2144 1461 2172; x_wconf 76' lang='lat' dir='ltr'>quoe</span> <span class='ocrx_word' id='word_1_297' title='bbox 1486 2138 1528 2161; x_wconf 77' lang='lat' dir='ltr'>te-</span> 
     </span>
     <span class='ocr_line' id='line_1_57' title="bbox 867 2180 1531 2212; baseline -0.003 0"><span class='ocrx_word' id='word_1_298' title='bbox 867 2193 937 2212; x_wconf 83' lang='lat' dir='ltr'>nues</span> <span class='ocrx_word' id='word_1_299' title='bbox 956 2182 1075 2212; x_wconf 58' lang='lat' dir='ltr'>exhalat</span> <span class='ocrx_word' id='word_1_300' title='bbox 1100 2182 1231 2211; x_wconf 73' lang='lat' dir='ltr'>nebulas.</span> <span class='ocrx_word' id='word_1_301' title='bbox 1279 2180 1329 2211; x_wconf 89' lang='lat' dir='ltr'>Cf.</span> <span class='ocrx_word' id='word_1_302' title='bbox 1353 2181 1478 2210; x_wconf 88' lang='lat' dir='ltr'>Lucret.</span> <span class='ocrx_word' id='word_1_303' title='bbox 1501 2192 1531 2211; x_wconf 85' lang='lat' dir='ltr'>v.</span> 
     </span>
     <span class='ocr_line' id='line_1_58' title="bbox 866 2229 1530 2272; baseline -0.002 -12"><span class='ocrx_word' id='word_1_304' title='bbox 866 2232 939 2262; x_wconf 85' lang='lat'>464.</span> <span class='ocrx_word' id='word_1_305' title='bbox 1001 2230 1157 2272; x_wconf 84' lang='lat' dir='ltr'>Respexit</span> <span class='ocrx_word' id='word_1_306' title='bbox 1195 2229 1290 2260; x_wconf 82' lang='lat' dir='ltr'>Ovid.</span> <span class='ocrx_word' id='word_1_307' title='bbox 1328 2229 1403 2260; x_wconf 84' lang='lat' dir='ltr'>forte</span> <span class='ocrx_word' id='word_1_308' title='bbox 1439 2229 1530 2270; x_wconf 78' lang='lat' dir='ltr'>Virg.</span> 
     </span>
     <span class='ocr_line' id='line_1_59' title="bbox 866 2279 1530 2321; baseline -0.005 -10"><span class='ocrx_word' id='word_1_309' title='bbox 866 2280 984 2321; x_wconf 81' lang='lat' dir='ltr'>Georg.</span> <span class='ocrx_word' id='word_1_310' title='bbox 1004 2279 1038 2310; x_wconf 87' lang='lat' dir='ltr'>ii.</span> <span class='ocrx_word' id='word_1_311' title='bbox 1061 2280 1143 2310; x_wconf 79' lang='lat'>217:</span> <span class='ocrx_word' id='word_1_312' title='bbox 1173 2279 1246 2313; x_wconf 76' lang='lat' dir='ltr'>Quae</span> <span class='ocrx_word' id='word_1_313' title='bbox 1269 2285 1385 2309; x_wconf 78' lang='lat' dir='ltr'>tenuem</span> <span class='ocrx_word' id='word_1_314' title='bbox 1411 2280 1530 2309; x_wconf 80' lang='lat' dir='ltr'>erhalat</span> 
     </span>
     <span class='ocr_line' id='line_1_60' title="bbox 866 2327 1528 2371; baseline -0.003 -12"><span class='ocrx_word' id='word_1_315' title='bbox 866 2329 1192 2371; x_wconf 78' lang='lat' dir='ltr'>nebulam,famosque</span> <span class='ocrx_word' id='word_1_316' title='bbox 1219 2328 1362 2363; x_wconf 74' lang='lat' dir='ltr'>volucres,</span> <span class='ocrx_word' id='word_1_317' title='bbox 1394 2327 1431 2357; x_wconf 79' lang='lat' dir='ltr'>El</span> <span class='ocrx_word' id='word_1_318' title='bbox 1457 2328 1528 2357; x_wconf 83' lang='lat' dir='ltr'>bibit</span> 
     </span>
     <span class='ocr_line' id='line_1_61' title="bbox 867 2378 1530 2417; baseline -0.002 -9"><span class='ocrx_word' id='word_1_319' title='bbox 867 2379 1028 2414; x_wconf 76' lang='lat' dir='ltr'>humorem,</span> <span class='ocrx_word' id='word_1_320' title='bbox 1053 2384 1092 2413; x_wconf 79' lang='lat' dir='ltr'>et,</span> <span class='ocrx_word' id='word_1_321' title='bbox 1123 2389 1213 2417; x_wconf 79' lang='lat' dir='ltr'>quum</span> <span class='ocrx_word' id='word_1_322' title='bbox 1242 2378 1321 2413; x_wconf 65' lang='lat' dir='ltr'>vult,</span> <span class='ocrx_word' id='word_1_323' title='bbox 1352 2388 1385 2407; x_wconf 78' lang='lat' dir='ltr'>er</span> <span class='ocrx_word' id='word_1_324' title='bbox 1413 2388 1441 2407; x_wconf 87' lang='lat' dir='ltr'>se</span> <span class='ocrx_word' id='word_1_325' title='bbox 1468 2380 1530 2416; x_wconf 81' lang='lat' dir='ltr'>ipsa</span> 
     </span>
     <span class='ocr_line' id='line_1_62' title="bbox 866 2426 1529 2468; baseline -0.002 -11"><span class='ocrx_word' id='word_1_326' title='bbox 866 2430 1005 2458; x_wconf 77' lang='lat' dir='ltr'>remittit.</span> <span class='ocrx_word' id='word_1_327' title='bbox 1055 2426 1160 2457; x_wconf 88' lang='lat' dir='ltr'>Hodie</span> <span class='ocrx_word' id='word_1_328' title='bbox 1194 2437 1280 2462; x_wconf 81' lang='lat' dir='ltr'>vero,</span> <span class='ocrx_word' id='word_1_329' title='bbox 1311 2426 1438 2468; x_wconf 81' lang='lat' dir='ltr'>Physici</span> <span class='ocrx_word' id='word_1_330' title='bbox 1475 2427 1529 2457; x_wconf 85' lang='lat' dir='ltr'>de-</span> 
     </span>
     <span class='ocr_line' id='line_1_63' title="bbox 867 2475 1530 2511; baseline -0.005 -3"><span class='ocrx_word' id='word_1_331' title='bbox 867 2482 1037 2508; x_wconf 80' lang='lat' dir='ltr'>monstrant</span> <span class='ocrx_word' id='word_1_332' title='bbox 1059 2477 1190 2507; x_wconf 84' lang='lat' dir='ltr'>nebulas</span> <span class='ocrx_word' id='word_1_333' title='bbox 1213 2482 1267 2507; x_wconf 86' lang='lat' dir='ltr'>aut</span> <span class='ocrx_word' id='word_1_334' title='bbox 1287 2487 1324 2506; x_wconf 78' lang='lat' dir='ltr'>ex</span> <span class='ocrx_word' id='word_1_335' title='bbox 1348 2475 1459 2511; x_wconf 85' lang='lat' dir='ltr'>fluviis,</span> <span class='ocrx_word' id='word_1_336' title='bbox 1477 2481 1530 2507; x_wconf 84' lang='lat' dir='ltr'>aut</span> 
     </span>
     <span class='ocr_line' id='line_1_64' title="bbox 867 2527 1343 2567; baseline -0.002 -11"><span class='ocrx_word' id='word_1_337' title='bbox 867 2537 905 2557; x_wconf 77' lang='lat' dir='ltr'>ex</span> <span class='ocrx_word' id='word_1_338' title='bbox 920 2527 1086 2567; x_wconf 87' lang='lat' dir='ltr'>vaporibus</span> <span class='ocrx_word' id='word_1_339' title='bbox 1103 2531 1189 2557; x_wconf 87' lang='lat' dir='ltr'>terrae</span> <span class='ocrx_word' id='word_1_340' title='bbox 1206 2536 1343 2566; x_wconf 81' lang='lat' dir='ltr'>surgere.</span> 
     </span>
    </p>

    <p class='ocr_par' dir='ltr' id='par_1_25' title="bbox 868 2574 1530 2803">
     <span class='ocr_line' id='line_1_65' title="bbox 911 2574 1529 2616; baseline -0.002 -10"><span class='ocrx_word' id='word_1_341' title='bbox 911 2576 984 2606; x_wconf 89' lang='grc'><strong>606.</strong></span> <span class='ocrx_word' id='word_1_342' title='bbox 1023 2576 1166 2611; x_wconf 79' lang='lat' dir='ltr'>Furtum,</span> <span class='ocrx_word' id='word_1_343' title='bbox 1202 2581 1237 2605; x_wconf 85' lang='lat' dir='ltr'>ut</span> <span class='ocrx_word' id='word_1_344' title='bbox 1273 2574 1408 2616; x_wconf 73' lang='grc' dir='ltr'>κλέμμα,</span> <span class='ocrx_word' id='word_1_345' title='bbox 1439 2585 1529 2605; x_wconf 87' lang='lat' dir='ltr'>omne</span> 
     </span>
     <span class='ocr_line' id='line_1_66' title="bbox 868 2623 1530 2665; baseline -0.003 -10"><span class='ocrx_word' id='word_1_346' title='bbox 868 2624 1120 2662; x_wconf 83' lang='lat' dir='ltr'>clandestinum;</span> <span class='ocrx_word' id='word_1_347' title='bbox 1146 2623 1201 2654; x_wconf 87' lang='lat' dir='ltr'>sed</span> <span class='ocrx_word' id='word_1_348' title='bbox 1224 2624 1257 2654; x_wconf 91' lang='lat' dir='ltr'>in</span> <span class='ocrx_word' id='word_1_349' title='bbox 1278 2623 1384 2665; x_wconf 81' lang='lat' dir='ltr'>primis</span> <span class='ocrx_word' id='word_1_350' title='bbox 1411 2634 1530 2654; x_wconf 86' lang='lat' dir='ltr'>amores</span> 
     </span>
     <span class='ocr_line' id='line_1_67' title="bbox 869 2672 1528 2704; baseline -0.003 0"><span class='ocrx_word' id='word_1_351' title='bbox 869 2673 1054 2704; x_wconf 84' lang='lat' dir='ltr'>clandestini</span> <span class='ocrx_word' id='word_1_352' title='bbox 1066 2680 1096 2704; x_wconf 87' lang='lat' dir='ltr'>et</span> <span class='ocrx_word' id='word_1_353' title='bbox 1108 2673 1209 2703; x_wconf 86' lang='lat' dir='ltr'>illiciti</span> <span class='ocrx_word' id='word_1_354' title='bbox 1225 2672 1405 2703; x_wconf 87' lang='lat' dir='ltr'>maritorum</span> <span class='ocrx_word' id='word_1_355' title='bbox 1419 2672 1528 2703; x_wconf 90' lang='lat' dir='ltr'>dicun-</span> 
     </span>
     <span class='ocr_line' id='line_1_68' title="bbox 870 2722 1527 2764; baseline 0 -11"><span class='ocrx_word' id='word_1_356' title='bbox 870 2729 919 2753; x_wconf 85' lang='lat' dir='ltr'>tur</span> <span class='ocrx_word' id='word_1_357' title='bbox 929 2723 1045 2764; x_wconf 78' lang='lat' dir='ltr'>farta:</span> <span class='ocrx_word' id='word_1_358' title='bbox 1070 2722 1142 2753; x_wconf 86' lang='lat' dir='ltr'>hinc</span> <span class='ocrx_word' id='word_1_359' title='bbox 1153 2723 1298 2764; x_wconf 75' lang='lat' dir='ltr'>furtivus</span> <span class='ocrx_word' id='word_1_360' title='bbox 1314 2725 1370 2757; x_wconf 74' lang='lat' dir='ltr'>vir,</span> <span class='ocrx_word' id='word_1_361' title='bbox 1387 2722 1507 2753; x_wconf 86' lang='lat' dir='ltr'>adulter</span> <span class='ocrx_word' id='word_1_362' title='bbox 1521 2735 1527 2753; x_wconf 72' lang='grc' dir='ltr'>ι</span> 
     </span>
     <span class='ocr_line' id='line_1_69' title="bbox 871 2771 1170 2803; baseline 0 -2"><span class='ocrx_word' id='word_1_363' title='bbox 871 2772 932 2803; x_wconf 88' lang='lat' dir='ltr'>III.</span> <span class='ocrx_word' id='word_1_364' title='bbox 952 2771 1043 2802; x_wconf 80' lang='lat' dir='ltr'>Pont.</span> <span class='ocrx_word' id='word_1_365' title='bbox 1059 2771 1101 2802; x_wconf 83' lang='lat' dir='ltr'>iii.</span> <span class='ocrx_word' id='word_1_366' title='bbox 1116 2772 1170 2802; x_wconf 87' lang='lat'>56.</span> 
     </span>
    </p>
   </div>
  </div>
 </body>
</html>
