1729 3207
200 220 284 261 156
586 221 636 262 Ρ.
670 220 882 263 OVIDII
917 222 1194 265 NASONIS

200 335 316 399 Ipse
341 343 517 399 pavet;
548 351 638 383 nec
661 352 760 399 qua
784 337 1074 385 commissas
1099 339 1268 386 flectat
1292 340 1528 397 habenas,

200 412 307 460 Nec
324 412 420 459 scit
434 428 535 475 qua
550 411 614 459 sit
629 411 720 459 iter
737 431 746 469 ;
770 429 879 468 nec,
898 414 937 460 si
955 415 1094 471 sciat,
1113 416 1324 479 imperet
1340 417 1452 465 illis.
1487 422 1578 466 170

196 488 324 535 Tum
350 490 561 552 primum
587 489 736 536 radiis
762 490 911 552 gelidi
937 492 1132 540 caluere
1157 492 1379 550 TrioneS,

198 564 265 612 Et
288 566 440 612 vetito
465 565 646 613 frustra
669 566 923 613 tentarunt
946 583 1143 631 aequore
1171 569 1348 632 tingui.

198 641 425 706 Quaeque
460 644 571 706 polo
595 644 758 707 posita
782 650 859 690 est
883 644 1076 706 glaciali
1103 646 1330 709 proxima
1354 663 1575 711 serpens,

196 719 395 782 Frigore
422 721 563 784 pigra
585 721 740 784 prius,
768 737 859 769 nec
885 721 1208 770 formidabilis
1234 723 1337 780 ulli,

195 796 440 854 Incaluit3
482 796 794 861 sumpsitque
820 814 970 845 novas
995 798 1267 847 fervoribus
1292 800 1406 848 iras.
1488 804 1578 849 175

193 872 265 921 Te
287 890 488 937 quoque
506 875 758 922 turbatum
779 883 1056 923 memorant
1079 876 1281 939 fugisse,
1311 877 1487 934 Boote,

195 949 433 1005 Quamvis
458 953 628 999 tardus
655 968 780 1007 eras,
807 958 858 998 et
882 960 932 999 te
957 958 1043 1000 tua
1074 954 1292 1018 plaustra
1319 955 1575 1002 tenebant.

192 1083 314 1121 deatur,
343 1091 452 1126 sponte
488 1084 636 1128 relinquit
665 1092 852 1118 monstratas

191 1143 270 1163 vias.

240 1182 308 1213 171.
327 1182 401 1212 Tum
415 1185 557 1222 primum,
571 1184 648 1225 etc.]
669 1184 730 1215 Hic
746 1196 852 1218 versus

190 1229 235 1261 ita
250 1230 362 1272 legitur
381 1230 414 1261 in
434 1237 537 1263 nostro
554 1233 633 1264 Cod.
650 1233 692 1264 R.
709 1233 748 1264 A.
767 1247 773 1264 :
799 1235 850 1265 So-

192 1281 228 1310 lis
245 1286 307 1310 tum
327 1282 422 1311 radiis
434 1282 529 1323 gelidi
551 1284 703 1313 incaluere
719 1283 851 1315 Triones.

194 1329 328 1365 Triones,
349 1336 468 1372 septem
490 1331 589 1362 stellae
615 1332 794 1364 clarissimae
818 1334 850 1364 in

192 1379 274 1410 Ursa
302 1380 425 1421 majore,
457 1391 535 1422 quas
565 1381 669 1412 Graeci
705 1383 849 1424 ἅμαξαν,

190 1428 375 1470 plaustrum,
395 1429 498 1460 Latini
521 1437 627 1470 septem
649 1433 758 1462 triones
780 1432 849 1463 dix-

190 1483 292 1513 erunt,
321 1477 396 1519 quia
426 1478 500 1508 olim
530 1480 587 1510 sub
623 1480 764 1521 plaustri,
795 1488 849 1512 aut

190 1531 310 1568 septem
325 1527 431 1563 bofim,
443 1528 521 1569 jugo
539 1529 729 1570 junctorum,
745 1531 848 1572 specie

189 1576 543 1618 comprehendebantur.
584 1579 715 1615 Triones,
738 1581 847 1611 vocab.

188 1626 337 1656 rusticum
351 1633 381 1656 et
397 1627 572 1668 antiquum,
589 1639 650 1670 quo
666 1629 738 1660 olim
754 1630 849 1661 boves

188 1675 461 1716 significabantur:
489 1677 606 1718 Hygin.
630 1679 668 1709 Ρ.
688 1679 728 1710 A.
751 1679 782 1709 ii.
805 1681 843 1717 2;

190 1725 325 1761 Gellius,
344 1726 386 1756 N.
402 1726 443 1757 A.
463 1726 496 1757 ii.
512 1729 564 1757 21.
603 1728 644 1758 H.
660 1727 681 1759 l.
698 1735 732 1759 ut
754 1740 848 1771 saepe,

188 1775 372 1817 intelligitur
387 1777 468 1807 Ursa
483 1777 580 1818 major
594 1783 625 1808 et
637 1778 745 1809 minor.
776 1779 847 1810 Vir-

188 1823 244 1863 gil.
259 1825 335 1855 AEn.
351 1823 374 1854 i.
392 1826 465 1855 744.
486 1828 599 1867 gemini
620 1827 754 1859 Triones.
793 1827 847 1865 Hi,

188 1872 336 1914 quoniam
358 1874 448 1915 polus
477 1876 726 1917 septentrionalis
754 1888 847 1920 supra

188 1922 339 1953 finitorem
363 1928 499 1954 nostrum
524 1924 664 1956 elevatus
688 1932 745 1963 est,
768 1938 846 1958 nun-

188 1981 282 2012 quam
298 1971 456 2009 occidunt,
473 1978 536 2009 aut,
553 1984 692 2005 sermone
713 1975 846 2017 poetico,

188 2031 347 2062 nunquam
377 2033 490 2062 oequore
523 2025 719 2065 tinguuntur.
765 2025 847 2058 Hinc

188 2069 325 2101 suaviter
354 2070 466 2112 Virgil.
497 2072 538 2103 G.
566 2072 587 2103 i.
615 2074 704 2103 246:
744 2076 849 2106 Arctos

190 2119 301 2149 Oceani
322 2126 484 2152 metuentes
505 2132 618 2161 (equore
638 2124 749 2164 tingui.
785 2124 847 2156 Sed

189 2169 304 2199 Noster
333 2169 472 2200 fabulam
506 2170 557 2201 hic
587 2171 723 2213 respicit,
754 2184 847 2215 quam

188 2227 260 2247 mox
277 2217 417 2248 narrabit
433 2229 495 2250 ver.
512 2220 574 2250 528
589 2230 660 2261 sqq.

235 2266 305 2297 172.
329 2266 424 2297 l'etito
439 2269 579 2309 equora]
608 2269 739 2300 Vetimm
751 2282 848 2312 (equor

188 2314 289 2356 (quod
314 2316 424 2346 imitati
448 2323 520 2348 sunt
544 2317 660 2349 Claud.
683 2319 778 2361 Rapt.
795 2321 847 2351 Pr.

187 2363 222 2394 ii.
239 2364 300 2402 893
323 2371 354 2394 et
377 2365 449 2395 Seu.
470 2366 558 2396 Med.
574 2377 639 2397 ver.
656 2367 735 2405 758)
752 2369 846 2400 ovid.

186 2419 347 2444 memorat.
392 2414 547 2445 Caeterum
570 2415 796 2448 anachronismi
812 2429 844 2449 se

186 2472 273 2492 reum
294 2462 367 2493 fecit
389 2468 490 2504 poeta,
507 2464 589 2505 quod
606 2475 643 2495 ea
657 2464 708 2496 hic
721 2466 786 2507 jam
804 2466 845 2497 si-

186 2509 261 2542 dera
283 2518 516 2549 commemorat,
541 2524 670 2554 quorum
694 2515 842 2557 originem

185 2558 265 2590 infra
300 2559 425 2590 demum
463 2562 610 2593 narrabit.
661 2562 777 2605 Cuperi
813 2570 845 2596 et

187 2609 294 2639 Burm.
323 2609 457 2641 rationes
492 2621 552 2642 non
587 2612 743 2643 sufficiunt
771 2625 843 2655 pur-

186 2658 286 2699 gando
302 2664 412 2699 poetae.
450 2659 566 2690 Melius
581 2667 626 2691 est
643 2661 757 2697 dicere,
772 2674 844 2704 poe-

185 2712 250 2736 tam
281 2706 342 2742 hic,
372 2712 405 2738 ut
432 2707 547 2749 passim
573 2708 658 2745 alibi,
683 2709 843 2742 miscuisse

186 2765 284 2785 rerum
303 2761 443 2786 naturam
462 2762 491 2786 et
505 2757 743 2798 mythologiam.

965 1087 1036 1117 173.
1060 1086 1212 1127 Serpens]
1238 1087 1288 1117 De
1309 1093 1443 1127 serpente
1458 1086 1522 1117 vid.
1540 1087 1579 1118 ad

918 1145 983 1165 ver.
1014 1136 1085 1166 138.
1127 1136 1234 1177 Pigra,
1258 1135 1333 1177 quia
1361 1135 1450 1166 tarde
1475 1146 1580 1167 move-

918 1190 977 1215 tur.

963 1234 1035 1264 174.
1047 1234 1172 1276 Frigore
1185 1234 1302 1276 pigra]
1317 1234 1482 1276 Serpentes
1497 1232 1579 1264 enim
1644 1253 1647 1255 -

917 1294 1014 1324 quum
1038 1283 1148 1324 frigore
1168 1283 1280 1324 rigent,
1298 1293 1420 1314 venena
1435 1288 1581 1325 torpent;

917 1331 984 1366 sed,
1003 1332 1056 1363 ubi
1080 1333 1287 1369 incaluerunt,
1305 1333 1367 1363 vim
1388 1343 1475 1363 suam
1501 1332 1578 1363 reci-

917 1381 1018 1423 piunt.
1056 1382 1138 1413 Vide
1159 1383 1268 1413 Senec.
1291 1381 1390 1424 Epist.
1414 1381 1481 1413 xlii.
1525 1382 1578 1424 Ip-

917 1431 1097 1471 sumjrigus
1109 1430 1223 1462 dicitur
1236 1434 1368 1472 pigrum,
1379 1431 1454 1472 quia
1465 1430 1578 1473 pigi-08,

916 1479 1020 1510 tardos
1031 1479 1142 1510 reddit.
1166 1480 1284 1511 Verum
1299 1479 1378 1510 tales
1388 1479 1474 1510 lusus
1485 1478 1578 1511 alieni

916 1535 989 1560 sunt
1003 1529 1080 1559 tanti
1094 1529 1167 1559 mali
1184 1529 1392 1560 enarratione.

962 1579 1032 1608 176.
1058 1578 1188 1619 Bootes]
1217 1578 1308 1609 Sidus
1331 1578 1492 1609 stellarum
1515 1578 1578 1610 xiv.

912 1626 1000 1668 juxta
1020 1628 1132 1658 Ursam
1148 1628 1306 1669 majorem,
1323 1638 1418 1669 quam
1438 1628 1577 1669 sequitur

916 1682 948 1706 et
962 1676 1060 1707 veluti
1080 1683 1193 1713 servat,
1209 1676 1291 1708 unde
1313 1677 1395 1708 idem
1409 1678 1433 1707 A
1440 1679 1571 1718 rctophy-

917 1727 976 1756 [aar.
1016 1726 1078 1757 Sed
1107 1737 1202 1768 quum
1232 1727 1313 1757 Ursa
1336 1726 1430 1757 etiam
1453 1727 1576 1768 ἅμαξα,

913 1776 1097 1814 plaustrum,
1113 1782 1286 1811 vocaretur,
1310 1775 1430 1817 placuit
1455 1776 1576 1807 Graecis

915 1823 987 1854 huic
1025 1834 1148 1866 quoque
1182 1824 1275 1855 sideri
1314 1824 1427 1861 vicino,
1462 1835 1575 1857 nomen

916 1871 961 1903 illi
987 1873 1257 1904 accommodatum
1294 1873 1462 1915 imponere,
1491 1874 1575 1906 unde

917 1923 1031 1957 Bootes.
1057 1922 1080 1953 i.
1102 1934 1129 1954 e.
1156 1922 1250 1954 boum
1279 1923 1438 1965 impulsor,
1461 1924 1575 1956 bubul-

914 1982 969 2003 cus
983 1984 989 2002 ε
1015 1972 1086 2003 vide
1102 1972 1221 2013 Hygin.
1236 1973 1277 2003 A.
1292 1973 1329 2004 P.
1342 1973 1374 2003 ii.
1390 1974 1420 2004 4.
1444 1973 1476 2005 Is
1489 1985 1572 2011 vero,

914 2032 1010 2062 quum
1034 2027 1065 2052 et
1085 2021 1149 2063 ipse
1170 2022 1259 2052 tarde
1280 2028 1451 2059 moveatur,
1472 2034 1491 2054 a
1512 2025 1572 2056 Ju-

915 2071 1006 2101 venal
1021 2071 1086 2101 Sat.
1096 2081 1125 2101 v.
1142 2071 1194 2101 23.
1210 2077 1241 2101 et
1254 2081 1272 2102 a
1287 2071 1401 2102 Nostro
1414 2072 1477 2104 ΙΙΙ.
1490 2073 1574 2105 Fast.

915 2119 988 2150 405.
1002 2122 1088 2161 piger
1100 2126 1247 2158 vocatur3
1271 2120 1302 2150 h.
1319 2120 1340 2150 l.
1357 2123 1472 2158 tardus,
1489 2123 1572 2164 quod

914 2168 1073 2210 epitheton
1089 2169 1168 2200 bene
1185 2169 1330 2200 convenit
1345 2170 1502 2208 bubulcis,
1518 2173 1571 2214 qui

914 2224 1038 2259 propter
1056 2219 1149 2248 boum
1169 2217 1346 2249 tarditatem
1363 2224 1395 2249 et
1416 2219 1475 2261 ipsi
1491 2220 1571 2252 tardi

914 2273 997 2297 sunt.
1031 2267 1142 2308 virgil.
1157 2267 1224 2298 Ecl.
1241 2279 1271 2298 x.
1286 2268 1337 2298 19.
1362 2271 1445 2299 tardi
1467 2281 1573 2301 venere

916 2317 1049 2348 bubulci.
1087 2317 1138 2347 Cs.
1158 2318 1300 2359 Propert.
1324 2317 1388 2349 ΙΙΙ.
1412 2319 1502 2360 Eleg.
1527 2319 1570 2350 iii.

915 2367 967 2398 57.
1015 2367 1180 2397 Turbatam
1201 2374 1277 2398 aestu
1300 2372 1332 2398 et
1354 2374 1481 2410 aspectu
1495 2369 1570 2401 solis

913 2426 1018 2447 vicini.

958 2466 1028 2496 177.
1063 2465 1224 2501 Tenebant,
1254 2465 1439 2502 retinebant,
1469 2477 1582 2498 mora--

910 2513 1034 2550 bantur,
1050 2506 1116 2555 quo'
1125 2524 1217 2545 sensu
1233 2521 1331 2545 tenere
1351 2514 1434 2556 apud
1450 2514 1520 2546 Cic.
1539 2521 1571 2546 et

912 2562 988 2593 alios
1016 2562 1140 2604 passim.
1185 2562 1281 2593 Miror
1308 2562 1412 2604 igitur,
1439 2563 1569 2594 Heinsio

910 2611 1034 2653 placere
1050 2611 1196 2653 potuisse,
1211 2613 1365 2643 trahebant
1379 2624 1389 2650 ,-
1414 2623 1485 2643 nam
1503 2620 1566 2643 tra-

911 2661 978 2691 here
1006 2659 1109 2701 potius
1137 2667 1183 2691 est
1207 2667 1406 2692 cunctantem
1436 2671 1507 2692 cum
1539 2662 1566 2692 vi

909 2720 1014 2740 secum
1046 2709 1210 2746 abducere,
1237 2710 1319 2751 quod
1350 2711 1388 2741 ab
1419 2710 1450 2741 h.
1473 2711 1494 2740 1.
1520 2718 1565 2741 est

911 2759 1147 2789 alienissimum.
