1763 3181
375 178 996 222 METAMORPHOSEON
1030 180 1149 222 LIB.
1172 181 1281 223 VII.

1418 184 1503 224 443

128 293 241 341 Non
255 300 422 342 tamen
436 294 644 341 affectus
660 295 786 342 tales
801 294 1043 353 confessa,
1063 303 1094 320 “
1114 296 1309 353 Quod‚”
1327 297 1503 360 inquit,

128 376 159 394 “
177 370 380 418 Excidit
392 388 475 419 ore
490 372 589 434 pio,
607 374 804 435 conjux,
824 374 1014 420 scelus?
1032 390 1147 436 ergo
1165 391 1257 437 ego
1276 375 1508 437 cuiquam

127 446 284 495 Posse
307 454 406 495 tuae
430 448 596 495 videar
621 450 837 512 spatium
860 451 1186 499 transcribere
1210 452 1355 498 vitae?

130 523 245 571 Non
266 525 396 572 sinat
414 525 508 572 hoc
528 525 744 584 Hecate;
770 543 861 574 nec
877 534 930 574 tu
950 528 1077 591 petis
1094 544 1259 590 aequa3
1284 528 1371 574 sed
1395 528 1507 584 isto,

131 600 276 655 Quod
301 602 446 666 petis,
474 603 702 666 experiar
727 606 885 667 majus
911 605 1027 663 dare
1052 622 1248 661 munus,
1276 605 1443 652 Iason.

130 676 251 725 Arte
275 694 386 726 mea
406 680 561 727 soceri
585 681 787 742 longum
812 682 1112 729 tentabimus
1138 698 1311 737 aevum,

1422 683 1511 728 176

132 753 246 801 Non
271 755 412 803 annis
436 772 666 804 revocare
690 757 805 813 tuis,
833 759 979 805 modo
1007 758 1135 805 Diva
1158 757 1391 804 triformis

130 831 374 895 Adjuvet3
414 840 464 880 et
486 849 704 897 praesens
729 835 1012 896 ingentibus
1039 842 1224 882 annuat
1249 834 1430 881 ausis.''

131 909 253 957 Tres
279 911 484 958 aberant
508 918 696 967 noctes,
724 918 779 958 ut
804 928 989 960 cornua
1012 920 1116 959 tota
1139 912 1342 967 coirent,

134 985 500 1051 Efficerentque
524 990 722 1037 orbem:
759 997 1026 1053 postquam
1050 989 1339 1053 plenissima
1362 988 1514 1045 fulsit,

135 1062 202 1110 Et
225 1064 382 1112 solida
405 1072 560 1113 terras
586 1067 829 1130 spectavit
852 1067 1066 1129 imagine
1093 1065 1260 1122 Luna;

1426 1067 1512 1112 181

137 1139 404 1204 Egreditur
427 1143 589 1200 tectiS,
616 1151 782 1192 vestes
808 1145 980 1192 induta
1003 1143 1263 1198 recinctas,

135 1306 276 1337 relictum
294 1307 369 1338 satis
392 1307 488 1350 impia
507 1307 618 1339 fuerat.
662 1309 713 1340 Sic
728 1320 794 1340 om-

137 1354 190 1385 nia
210 1355 322 1396 plana3
350 1366 407 1386 nec
429 1363 505 1392 erat,
521 1367 575 1387 cur
596 1358 795 1390 Burmannus

137 1403 283 1435 suaderet
296 1403 459 1445 dffcilem,
477 1405 509 1436 id
531 1410 589 1442 est,
609 1406 732 1443 durum,
749 1406 796 1436 in-

137 1453 340 1484 exorabilem.

185 1502 255 1532 171.
273 1501 358 1532 Tales
373 1501 509 1543 affectus,
525 1503 662 1533 animum
680 1504 796 1545 pietate

138 1551 158 1582 J
162 1550 264 1581 asonis
286 1557 484 1586 commotum,
500 1561 561 1582 non
582 1552 724 1593 covtf'essa,
739 1563 796 1584 nec

137 1599 227 1630 vultu
248 1599 392 1641 prodidit,
408 1610 465 1630 nec
480 1601 594 1636 verbis,
619 1601 673 1631 sed
694 1602 797 1642 potius

137 1647 311 1689 objurgavit
326 1649 345 1680 J
350 1658 486 1679 asonem.
508 1649 623 1690 Itaque
635 1659 695 1680 non
708 1660 795 1691 mag-

140 1707 254 1739 nopere
274 1696 350 1727 mihi
370 1697 474 1739 placet
492 1699 552 1738 pio,
567 1698 650 1740 quod
674 1709 727 1741 pro
747 1706 798 1730 tuo

110 1778 115 1781 ,
139 1756 178 1777 ex
213 1745 433 1787 Neapolitano,
467 1746 630 1783 Urbinate,
661 1748 798 1789 Berneg-

140 1793 277 1835 geriano,
305 1800 336 1825 et
365 1794 434 1825 aliis
463 1795 649 1836 quibusdam
676 1796 800 1827 induxit

142 1843 304 1874 Heinsius.
362 1844 444 1885 Ergo
478 1854 550 1875 cum
586 1844 799 1886 indignatione

141 1892 344 1924 efferendum.
390 1893 528 1932 Spatium
544 1895 742 1925 transcribere
756 1896 800 1925 vi-

143 1948 192 1978 tae,
223 1951 386 1972 numerum
416 1952 566 1973 annorum
594 1948 713 1974 tuorum
744 1943 800 1973 tibi

142 1991 303 2032 demptum
333 1990 421 2021 alteri
442 1991 568 2022 addere.
618 1992 674 2023 Est
697 1997 801 2023 autern

143 2041 339 2070 transcribere
353 2040 480 2070 verbum
496 2040 727 2077 foeneratorum,
744 2041 798 2082 qui

142 2088 294 2130 pecunias
322 2088 391 2120 aliis
421 2089 624 2121 creditoribus
653 2092 798 2121 transcri-

144 2138 229 2169 bunt.

188 2187 264 2217 174.
283 2187 352 2217 Non
375 2190 454 2219 sinat
477 2189 528 2219 hoc
540 2200 551 2225 ‚·
577 2188 801 2220 averruncandi

142 2236 286 2268 formula.
334 2237 420 2271 Quod
440 2239 526 2277 petis,
543 2239 679 2277 experiar
695 2241 801 2278 majus,

144 2291 205 2316 etc.
243 2285 270 2316 O
294 2286 403 2322 Jason,
419 2292 453 2316 tu
477 2297 589 2317 munus
613 2296 632 2316 a
653 2296 702 2317 me
724 2287 802 2328 petis

143 2333 183 2364 de
209 2334 307 2375 patris
329 2340 422 2366 aetate
447 2335 645 2374 renovanda3
669 2336 804 2366 conabor

146 2382 219 2413 dare
248 2382 348 2424 majus
372 2394 466 2424 quam
492 2383 590 2424 petis:
618 2394 689 2414 nam
714 2383 804 2415 illum

146 2431 187 2461 ad
204 2431 402 2473 juventutem
426 2432 609 2471 traducam3
634 2438 664 2463 et
682 2432 720 2464 de
742 2432 804 2463 tuis

148 2480 237 2510 annis
252 2479 305 2521 qui
320 2486 437 2511 restant
452 2480 530 2510 nihil
543 2480 719 2522 decerpam.

194 2529 265 2560 177.
290 2530 371 2560 Diva
388 2530 534 2572 triformis
543 2541 554 2567 ,·
576 2530 697 2561 Hecate
712 2539 805 2560 vene-

148 2577 288 2608 ficiorum
303 2579 536 2621 carminumque
557 2585 674 2610 auctor.
721 2579 802 2609 Prae-

147 2637 222 2662 sen-5,
236 2627 380 2668 propitia.

196 2677 267 2707 179.
292 2676 363 2708 Tres
376 2679 501 2709 aberant
521 2684 618 2709 noctes
629 2689 641 2715 ,·
665 2677 804 2719 sequitur

150 2724 237 2755 locus
266 2725 415 2758 classicus
444 2727 482 2758 de
512 2734 578 2758 arte
607 2727 741 2768 magica,
765 2726 804 2757 de

862 1320 925 1351 qua
948 1309 1038 1340 multi
1061 1314 1160 1351 poetae
1185 1307 1298 1343 Latini,
1316 1307 1441 1349 genium
1457 1318 1521 1338 suae

862 1357 964 1388 aetatis
991 1358 1135 1398 sequuti:
1165 1355 1326 1392 Horatius,
1354 1355 1455 1397 Epod.
1480 1356 1523 1387 V.

863 1406 948 1445 xvii3
984 1408 1049 1437 Sat.
1078 1407 1105 1437 Ι.
1134 1405 1219 1443 viii.;
1244 1405 1333 1446 Virg.
1361 1404 1430 1435 Ecl.
1459 1404 1523 1435 viii.

863 1458 939 1487 AEn.
955 1456 996 1487 iv.
1012 1457 1075 1487 504
1094 1466 1182 1497 sqq.;
1207 1456 1365 1490 Lucanus,
1381 1454 1421 1484 vi.
1439 1455 1520 1492 4025

863 1505 988 1541 Noster,
1013 1505 1100 1535 Fast.
1120 1515 1152 1534 v.
1180 1504 1263 1534 429:
1293 1502 1333 1533 ad
1359 1513 1428 1544 quae
1456 1503 1525 1533 loca

863 1554 1046 1595 interpretes
1070 1552 1146 1584 istas
1167 1551 1366 1593 teratologias
1389 1551 1463 1582 satis
1486 1550 1524 1581 il-

863 1602 1044 1633 lustrarunt.
1104 1601 1218 1632 Confer
1254 1601 1348 1631 etiam
1376 1599 1524 1642 Apollon.

863 1650 909 1680 iii.
932 1651 1024 1681 1028.
1069 1650 1184 1680 Noster
1207 1649 1238 1679 in
1262 1648 1368 1690 primis
1386 1648 1525 1680 imitatus

864 1705 912 1730 est
932 1699 1035 1730 locum
1060 1709 1098 1730 ex
1116 1698 1270 1729 AEne'ide.
1317 1698 1444 1728 Summa
1469 1709 1524 1729 au—

865 1755 926 1780 tem
956 1754 1023 1780 erat
1061 1747 1135 1779 artis
1172 1748 1302 1788 magicae
1333 1746 1523 1777 auctoritas:

869 1797 1002 1833 Plinius,
1021 1807 1094 1827 xxx.
1114 1798 1140 1828 1.
1186 1796 1272 1826 Nata
1292 1801 1357 1826 erat
1372 1806 1409 1826 ex
1425 1795 1523 1826 medi-

867 1846 957 1884 cina3
981 1845 1052 1876 hinc
1072 1845 1186 1881 herbae,
1204 1855 1312 1875 carnes
1332 1844 1524 1881 animalium,

868 1901 900 1926 et
926 1894 1075 1930 carmina,
1098 1895 1211 1936 quibus
1240 1900 1271 1924 et
1298 1893 1373 1935 ipsis
1394 1894 1455 1923 vim
1476 1904 1527 1924 sa-

867 1944 962 1976 nandi
991 1944 1091 1975 inesse
1127 1943 1276 1974 credebat
1313 1943 1527 1985 superstitiosa

868 1993 1048 2029 multitudo,
1075 1991 1313 2023 adhibebantur.
1356 1991 1527 2023 Addeban-

865 2049 915 2074 tur
934 2041 1092 2084 religionis
1106 2042 1198 2078 vires,
1218 2041 1291 2072 hinc
1314 2041 1389 2072 ritus
1412 2040 1458 2071 illi
1478 2041 1525 2072 di-

865 2092 940 2123 vini.
985 2091 1037 2121 Ad
1066 2092 1199 2127 Lunam,
1227 2101 1359 2131 eamque
1388 2090 1526 2132 plenam,

866 2140 1002 2172 exerceri
1031 2140 1175 2170 solebant
1205 2139 1266 2169 illae
1297 2146 1387 2174 artes,
1414 2139 1528 2180 quibus

868 2190 1002 2226 Hecate,
1028 2200 1098 2230 quae
1127 2188 1237 2219 eadem
1265 2194 1297 2219 et
1321 2189 1421 2224 Luna,
1447 2199 1526 2230 prae-

869 2244 944 2269 erat.
992 2238 1090 2273 Coire,
1116 2237 1217 2278 jungi,
1243 2236 1326 2278 quod
1348 2247 1438 2267 versu
1463 2238 1527 2268 530

870 2287 994 2328 legitur.
1038 2286 1099 2317 Sed
1122 2289 1186 2328 cogi
1209 2285 1253 2317 sic
1272 2297 1302 2316 x.
1322 2286 1395 2317 495.
1443 2285 1528 2323 Tota,

871 2336 903 2366 in
921 2341 1032 2371 totum,
1051 2347 1089 2366 ex
1111 2341 1186 2365 toto.
1234 2335 1337 2376 Imago
1360 2336 1463 2371 solida,
1479 2346 1526 2366 or-

870 2384 919 2415 bis
933 2384 1055 2426 plenuS.
1101 2384 1246 2420 solidam,
1260 2385 1310 2414 cui
1324 2383 1401 2414 nihil
1417 2384 1505 2415 deest
1519 2397 1526 2415 :

872 2434 1011 2464 cumulat
1028 2434 1132 2468 verba,
1150 2439 1180 2463 et
1198 2432 1280 2463 idem
1297 2438 1404 2474 quater
1419 2433 1506 2465 dicit.

916 2483 988 2513 182.
1018 2482 1126 2513 Codex
1150 2482 1269 2523 Regius
1297 2482 1340 2512 A.
1364 2489 1453 2512 vestes
1478 2484 1526 2513 in-

872 2532 964 2562 ducta
1002 2532 1131 2566 relictas,
1162 2536 1193 2561 et
1222 2541 1315 2572 supra
1342 2541 1449 2561 vocem
1478 2534 1526 2562 in—

871 2581 976 2616 ducta,
1006 2580 1045 2610 ab
1071 2579 1181 2610 eadem
1205 2590 1300 2609 manu
1324 2586 1434 2615 eauta5
1461 2580 1526 2610 vul-

868 2634 942 2669 gata
970 2628 1046 2658 mihi
1069 2629 1190 2659 videtur
1214 2628 1390 2658 emendatio
1419 2639 1526 2659 recen-

869 2677 992 2709 tiorum.
1039 2678 1198 2708 Recinctas
1211 2677 1313 2707 soluta
1327 2687 1421 2715 zona3
1443 2677 1526 2719 apud

872 2727 1045 2762 Horatium,
1069 2726 1097 2756 Ι.
1118 2727 1182 2757 Sat.
1197 2725 1260 2756 viii.
1275 2726 1326 2756 24.
1347 2725 1440 2756 currit
1460 2737 1525 2757 suc-
