1763 3181
224 204 309 245 ‘262
611 203 660 243 P.
694 202 905 244 OVIDII
940 201 1223 244 NASONIS

231 318 362 373 Quid
379 318 572 365 facitis?
600 317 712 380 quis
737 318 954 365 clamor?
982 317 1076 364 ait:
1107 333 1221 380 qua,
1238 317 1405 372 dicite,
1427 325 1604 372 nautae,

189 417 192 420 ·
231 395 342 442 Huc
369 411 461 458 ope
486 396 722 458 perveni?
761 412 860 458 quo
885 411 963 442 me
989 395 1177 442 deferre
1203 395 1419 459 paratis?

230 472 367 519 Pone
393 479 595 527 metum,
625 472 855 528 Proreus,
884 480 934 520 et
957 489 1082 535 quos
1107 472 1393 535 contingere
1418 479 1586 536 portus

231 548 338 596 Ede
363 548 500 604 velis,
528 549 684 605 dixit;
726 556 855 596 terra
879 550 1053 597 sistere
1079 550 1250 613 petita.
1515 552 1610 596 635

232 627 428 683 Naxon,
459 627 527 674 ait
554 626 715 681 Liber,
743 643 915 674 cursus
944 627 1184 675 advertite
1207 635 1410 675 vestros

234 703 329 751 Illa
352 704 470 750 mihi
497 704 670 751 domus
697 711 801 761 est3
842 704 979 751 vobis
1006 704 1097 751 erit
1120 704 1316 767 hospita
1339 704 1502 751 tellus.

232 780 331 827 Per
354 796 487 828 mare
512 780 730 835 fallaces,
759 796 945 843 perque
971 781 1134 828 omnia
1155 781 1356 828 numina
1375 782 1543 844 jurant

236 857 319 904 Sic
340 856 469 914 fore;
511 873 691 920 meque
711 857 892 920 jubent
916 857 1061 920 pictae
1087 857 1203 904 dare
1227 857 1336 904 vela
1355 857 1549 904 carinae.

234 933 458 981 Dextera
480 933 652 980 Naxos
673 941 776 981 erat
794 951 803 981 z
831 934 1009 981 dextra
1026 934 1144 980 mihi
1168 934 1320 982 lintea
1340 934 1491 990 danti,
1519 936 1615 981 640

234 1010 366 1065 Quid
391 1010 527 1067 facis,
548 1027 575 1058 o
602 1011 841 1059 demens?
868 1011 979 1074 quis
999 1018 1049 1059 te
1067 1011 1212 1068 furor,
1230 1011 1406 1074 inquit,
1424 1010 1614 1066 Acoete‚

233 1087 330 1134 Pro
356 1104 408 1134 se
434 1088 664 1151 quisque,
691 1089 860 1136 tenet?
886 1089 1058 1136 laevam
1084 1096 1226 1153 pete:
1255 1082 1472 1136 maxima
1495 1094 1616 1134 nutu

234 1165 358 1213 Pars
374 1166 492 1212 mihi
509 1166 777 1228 significat3
809 1183 938 1229 pars,
957 1166 1077 1230 quid
1091 1166 1225 1222 velit,
1243 1182 1358 1213 aure
1378 1171 1614 1212 susurrat.

236 1242 516 1307 Obstupui3
558 1243 823 1307 capiatque
849 1244 973 1291 alius
998 1243 1348 1298 moderamina,
1375 1241 1507 1289 dixi:

236 1319 423 1383 Meque
444 1320 714 1368 ministerio
736 1321 1038 1384 scelerisque
1057 1320 1276 1383 artisque
1295 1318 1494 1366 removi.
1521 1321 1616 1366 645

238 1396 474 1460 Increpor
494 1414 523 1444 a
542 1398 760 1454 cunctis3
789 1404 1049 1460 totumque
1065 1398 1405 1444 immurmurat
1420 1411 1614 1458 agmen.

238 1472 280 1519 E
307 1474 487 1536 quibus
514 1474 791 1532 AEthali0n3
832 1475 904 1522 Te
929 1475 1122 1522 scilicet
1145 1473 1303 1521 omnis
1328 1473 1379 1518 in
1404 1489 1501 1520 uno

235 1549 420 1598 Nostra
444 1553 577 1598 salus
602 1552 768 1615 posita
791 1559 883 1608 est,
902 1553 996 1600 ait:
1026 1559 1077 1599 et
1102 1551 1236 1598 subit
1259 1551 1395 1614 ipse;
1425 1566 1612 1597 meum-

236 1625 422 1690 Explet
446 1644 569 1691 opus
589 1647 598 1684 3
631 1628 879 1692 Naxoque
899 1629 1025 1693 petit
1042 1628 1236 1675 diversa
1260 1627 1447 1675 relicta.
1496 1628 1617 1691 [que

276 1770 350 1800 634.
379 1771 505 1800 Proreus
527 1770 647 1801 Graecis
670 1776 716 1801 est
741 1771 776 1807 is,
796 1781 889 1812 quem

233 1819 326 1850 Ovid.
342 1830 432 1850 versu
448 1820 521 1850 617.
542 1831 636 1859 prorae
653 1821 776 1851 tutelam
797 1820 888 1851 dixit.

232 1868 283 1898 Ab
299 1867 424 1909 Hygino
444 1867 476 1899 in
497 1868 625 1910 antiquo
648 1869 818 1911 exemplari
836 1870 890 1900 ab-

232 1915 291 1946 fuit
313 1916 369 1947 hoc
391 1927 523 1955 nomen;
546 1917 652 1958 itaque
673 1918 813 1948 nonnulli
831 1929 888 1959 pu-

232 1965 348 2001 tarunt,
365 1966 514 2009 Nosvum
533 1977 571 1996 ex
593 1967 715 1998 nomine
734 1966 825 1997 officii
847 1968 890 1999 fe-

232 2014 309 2045 cisse
327 2026 436 2046 nomen
451 2015 619 2057 proprium.
655 2016 728 2047 Vid.
743 2017 889 2047 Munker.

232 2063 272 2094 ad
297 2063 415 2105 Hygin.
455 2064 572 2100 Nam,
589 2064 658 2095 vide
683 2065 721 2095 ad
738 2076 800 2096 ver.
817 2066 889 2096 577.

234 2112 334 2142 Nenos
369 2112 472 2143 insula
509 2120 555 2143 est
585 2113 686 2154 AEgaei
716 2114 890 2154 Cycladum

231 2160 413 2197 clarissima,
449 2173 518 2202 quae
552 2168 584 2192 et
610 2163 770 2203 Dionysias
808 2163 892 2194 dicta

234 2209 302 2245 suit,
321 2216 354 2240 ut
371 2210 472 2251 inquit
491 2210 625 2247 Solinus,
640 2212 689 2241 vel
713 2212 795 2252 quod
822 2212 890 2243 lios-

234 2258 299 2299 pita
337 2259 462 2289 Baccho
495 2258 596 2295 fuerit,
630 2260 683 2302 qui
722 2259 892 2301 Dionysius

233 2309 479 2348 cognominatur,
502 2309 550 2339 vel
577 2309 660 2351 quod
687 2308 750 2340 vini
780 2309 888 2340 fertili-

233 2361 298 2387 tate
315 2357 391 2387 alias
406 2357 564 2398 Cycladas
580 2359 701 2396 vincat3
727 2358 808 2389 unde
821 2358 890 2390 Vir-

234 2405 339 2446 gilius,
368 2406 497 2436 AEneid.
520 2406 564 2437 iii.
595 2409 674 2438 125:
706 2409 892 2438 bacchatam-

232 2456 382 2496 quejugis
400 2455 519 2485 Nason.

277 2503 350 2533 637.
376 2504 497 2540 Domus,
514 2504 624 2546 patria,
640 2506 764 2545 hospita,
786 2506 892 2548 benig-

234 2562 272 2582 no
294 2563 348 2582 vos
368 2553 500 2595 hospitio
522 2554 666 2595 excipiet.
710 2555 826 2587 Contra
848 2558 895 2586 in-

234 2602 346 2640 hospita
362 2609 449 2638 tecta,
466 2603 486 2633 i.
502 2604 576 2634 218.
590 2604 642 2634 ubi
655 2604 726 2635 vide
742 2611 807 2636 not.

277 2652 350 2682 638.
380 2652 437 2681 Per
451 2664 530 2683 mare
540 2653 644 2694 jurar'e
660 2653 800 2685 solebant
816 2665 892 2685 nau-

233 2706 283 2731 tae.
329 2701 436 2731 Omnia
459 2703 596 2738 numina,
612 2703 691 2733 bene
707 2709 796 2734 notat
815 2703 890 2734 levi—

233 2754 328 2778 tatem
354 2756 529 2781 nautarum.
575 2751 611 2781 In
640 2757 768 2782 externa
792 2763 888 2794 prorae

960 1779 1046 1813 parte
1059 1773 1241 1812 pingebatur
1256 1777 1309 1802 aut
1327 1771 1415 1802 Deus
1433 1770 1523 1801 navis
1537 1776 1618 1802 tute-

957 1820 1041 1856 laris,
1054 1826 1107 1851 aut
1122 1820 1208 1851 aliud
1222 1820 1379 1862 quoddam
1394 1819 1525 1861 insigne,
1538 1820 1619 1851 unde

957 1871 1029 1901 navi
1049 1880 1162 1900 nomen
1185 1875 1276 1905 esset,
1294 1870 1307 1900 I
1325 1870 1419 1900 Trist.
1438 1880 1467 1899 λ’.
1483 1871 1522 1907 23
1546 1869 1618 1900 hinc

956 1921 1036 1959 picta
1066 1921 1183 1949 cari-na.
1235 1918 1296 1949 Sed
1333 1918 1487 1949 interdum
1521 1924 1617 1950 totam

959 1968 1036 1998 adeo
1052 1978 1161 1998 navem
1178 1967 1357 2009 pingebant.

1001 2018 1077 2047 642.
1105 2017 1165 2046 Pro
1194 2028 1222 2047 ,se
1252 2019 1382 2057 quisque,
1407 2016 1476 2048 καθ’
1502 2016 1619 2048 ἑαυτὸν

958 2066 1100 2103 ἕκαστος,
1138 2074 1289 2108 quantum
1333 2066 1464 2108 quisque
1507 2072 1621 2109 potest.

958 2115 1008 2146 De
1031 2115 1163 2145 formula
1183 2117 1247 2155 quis
1260 2115 1369 2156 furor,
1384 2115 1455 2145 vide
1479 2115 1519 2146 ad
1542 2116 1617 2146 531.

961 2164 1103 2204 Quisque,
1123 2171 1211 2195 tenet.
1256 2164 1361 2195 Nostri
1386 2163 1491 2206 Regii,
1514 2167 1618 2201 timet‚·

959 2224 1057 2244 errore
1071 2213 1154 2244 facili
1167 2225 1174 2252 3
1192 2223 1263 2244 nam
1279 2213 1353 2254 quid
1368 2213 1540 2244 timendum
1556 2214 1618 2244 fore

959 2262 1121 2293 crederent
1136 2273 1154 2293 a
1169 2263 1285 2304 juvene
1300 2273 1393 2303 quem
1409 2273 1470 2292 non
1485 2272 1618 2303 agnove-

957 2318 1036 2347 rant,
1052 2312 1103 2343 isti
1122 2319 1226 2343 nautae
1251 2311 1382 2354 perfidi?
1419 2313 1512 2348 Aure,
1527 2312 1620 2354 paulo

958 2361 1149 2397 insolentius,
1167 2360 1200 2392 iu
1215 2372 1332 2392 aurem.

1001 2411 1074 2441 645.
1108 2411 1325 2446 Ministerium,
1350 2421 1417 2441 voe.
1442 2409 1616 2441 nauticum.

962 2459 1072 2500 Virgil.
1097 2459 1223 2490 AEneid.
1247 2459 1289 2490 vi.
1315 2460 1389 2490 302.
1423 2460 1494 2490 velis
1519 2461 1620 2490 minis-

962 2515 1034 2538 trat.
1078 2509 1129 2539 Sic
1156 2515 1187 2539 et
1212 2509 1314 2540 Tacit.
1336 2510 1420 2539 Mor.
1441 2509 1549 2540 Germ.
1569 2510 1620 2540 44.

964 2558 987 2587 A
995 2564 1065 2587 rtem
1079 2558 1209 2589 Lenzius
1224 2558 1442 2600 interpretatur
1452 2558 1491 2589 de
1503 2557 1621 2589 fraude.

965 2607 1133 2638 AEtlmlion.
1178 2606 1332 2648 Hyginus.
1359 2607 1521 2638 Ethalides.
1560 2608 1618 2638 Ex-

958 2657 1021 2695 plet
1044 2667 1138 2686 meum
1160 2667 1253 2695 opus5
1277 2655 1360 2686 vices
1382 2666 1468 2687 meas
1491 2656 1621 2698 peragit.

962 2705 1102 2741 Diversa,
1110 2706 1181 2736 loca
1190 2705 1342 2747 opposita,
1351 2704 1536 2736 contrariam
1546 2705 1619 2736 coeli

957 2759 1077 2794 partein
1095 2753 1281 2794 spectantia.
