1729 3207
887 215 911 254 ii

211 332 518 379 candidissime,
553 336 756 383 quantum
796 327 853 367 illi
902 341 1007 367 onus
1049 326 1323 374 incumberet,
1364 326 1435 380 qui
1476 332 1587 365 totos

212 410 410 451 Ovidiani
450 408 630 463 {equoris
666 413 824 447 tractus
857 404 1046 458 relegere
1078 405 1156 444 sibi
1191 404 1484 458 proposuerit3
1516 403 1588 456 qui

210 495 376 541 poetam
411 487 593 527 omnium
617 500 723 538 quos
754 483 932 531 noveris,
958 497 1097 523 rerum
1129 482 1324 522 ubertate
1355 481 1591 535 copiosissi-

210 581 336 614 mum,
359 566 558 606 varietate
592 570 936 617 argumentorum
967 569 1010 601 et
1036 561 1127 614 ipsa
1156 560 1365 601 tractandi
1391 559 1590 600 felicitate

209 643 309 684 nulli
333 643 578 690 secundum,
601 642 760 682 cunctis
781 641 868 681 fere
894 641 1090 694 priorem,
1112 640 1462 680 commentatione
1484 653 1592 678 nova

209 721 502 762 illustrandum
530 719 776 773 susceperit.
838 717 887 757 In
913 717 981 757 illo
1003 718 1176 771 quippe,
1199 718 1270 771 qui
1298 724 1461 757 tantum
1484 730 1592 769 opus

210 800 263 840 ad
292 801 450 840 exitum
470 797 649 839 voluerit
673 796 923 851 perducere,
946 796 1114 849 vigeant
1140 810 1313 836 necesse
1337 803 1401 835 est
1426 802 1468 835 et
1495 809 1592 835 con-

211 879 385 932 spirent,
420 891 503 917 non
537 874 662 916 modo
697 872 906 927 quidquid
941 872 1155 913 literarum
1189 874 1456 927 antiquarum
1490 887 1591 913 usus

211 955 420 996 familiaris
455 961 497 995 et
531 953 652 1007 quasi
686 951 971 1005 quotidianus,
1004 952 1168 992 roboris
1200 959 1243 992 et
1272 951 1506 993 ornamenti
1537 951 1591 992 ad

210 1033 490 1075 excolendum
510 1031 723 1085 ingenium
744 1029 936 1071 conferre
957 1030 1168 1084 potuerit3
1191 1030 1399 1084 quidquid
1419 1045 1471 1071 ex
1494 1030 1594 1070 assi-

211 1112 296 1152 dua
320 1112 362 1151 in
383 1111 537 1152 vicinas
565 1109 757 1163 regiones
789 1109 1128 1163 peregrinatione
1158 1109 1430 1163 importatum
1462 1109 1505 1149 in
1533 1109 1593 1149 rei

210 1198 364 1232 nostrae
384 1189 608 1231 utilitatem
628 1188 882 1237 effloruerit3
916 1188 991 1229 sed
1017 1196 1060 1229 et
1080 1189 1255 1229 accedat
1276 1202 1448 1242 quoque
1468 1202 1593 1242 opor-

210 1275 287 1317 tet,
321 1268 508 1322 corporis
540 1266 755 1315 valetudo,
788 1280 883 1319 quae
917 1266 959 1306 in
994 1280 1122 1320 opere
1158 1273 1244 1306 tam
1275 1265 1402 1321 longo
1438 1266 1594 1320 ingenii

210 1347 319 1387 vires
340 1354 597 1401 torpescere,
612 1344 679 1385 vel
695 1344 925 1385 hebescere
945 1358 1123 1385 acumen
1138 1359 1221 1386 non
1239 1345 1437 1399 patiatur.
1481 1346 1593 1393 Quae

212 1425 245 1465 si
277 1425 364 1466 fato
391 1424 575 1479 quodam
599 1438 707 1472 meo,
734 1424 776 1463 in
802 1438 887 1464 uno
914 1423 1148 1477 eodemque
1168 1424 1258 1464 viro
1286 1425 1593 1474 convenissent,

210 1503 324 1544 hunc
351 1517 431 1557 ego
461 1508 752 1556 portentosum
779 1501 996 1555 quiddam,
1029 1505 1055 1523 ‘⁶
1078 1517 1214 1543 raram
1241 1503 1363 1553 avim,
1386 1503 1593 1558 nigroque

213 1596 345 1636 cycno
382 1580 667 1631 simillimam‚”
696 1580 850 1621 Juven.
879 1587 955 1621 sat.
979 1580 1032 1621 vi.
1065 1580 1158 1630 165,
1188 1581 1328 1622 dicere
1359 1596 1443 1622 non
1473 1582 1594 1624 dubi-

213 1661 398 1702 taverim.

270 1738 585 1778 Providendum
617 1753 719 1792 ergo
753 1738 855 1778 mihi
889 1738 983 1788 fuit,
1016 1745 1078 1788 ut,
1110 1747 1300 1780 cessante
1336 1741 1389 1781 ad
1426 1748 1591 1796 tempus

212 1815 373 1870 collega
394 1823 436 1857 et
456 1816 602 1866 amico,
624 1831 748 1871 quem
769 1823 904 1858 totum
930 1817 1032 1858 mihi
1058 1818 1245 1872 meisque
1266 1819 1464 1860 devotum
1486 1821 1594 1875 jam-

211 1894 376 1948 pridem
404 1895 616 1949 experior,
639 1895 896 1948 memorique
925 1895 1114 1949 gratulor
1142 1897 1294 1947 animo,
1316 1896 1422 1938 alius
1451 1913 1595 1941 succe-

213 1972 347 2021 deret,
376 1973 449 2027 qui
476 1988 560 2013 non
589 1973 725 2027 impar
754 1972 888 2014 labori
919 1973 1109 2023 ferendo,
1138 1974 1427 2016 conclamandi
1456 1975 1594 2018 locum

213 2058 459 2105 suppeteret
493 2051 746 2101 lectoribus3
784 2055 811 2074 “
835 2051 977 2092 Primo
1008 2051 1167 2101 avulso,
1199 2067 1282 2093 non
1313 2053 1458 2095 deficit
1487 2054 1595 2097 alter

212 2128 429 2169 Aureus!”
460 2129 581 2185 Virg.
605 2130 708 2171 AEn.
732 2130 784 2170 vi.
813 2130 904 2170 143.
967 2130 1062 2172 Nec
1083 2132 1290 2185 quaerenti
1311 2132 1384 2172 diu
1404 2133 1504 2173 mihi
1526 2149 1595 2176 oc-

212 2207 341 2248 currit
375 2208 521 2249 similis
552 2224 724 2263 prorsus
764 2210 920 2250 metalli
949 2210 1025 2259 vir,
1059 2209 1122 2250 Cl.
1159 2209 1595 2254 Gottlieb-Erdmann

214 2284 399 2334 Glssssie,
421 2285 662 2328 Tremoniae
694 2288 907 2341 quondam
936 2287 1157 2329 Professor
1187 2287 1498 2339 celeberrimus,
1521 2291 1595 2332 de-

212 2362 309 2403 inde
341 2363 578 2405 scholarum
610 2364 786 2415 Rector,
806 2366 848 2406 in
879 2365 1094 2407 Montensi
1127 2366 1324 2416 Ducatu3
1356 2369 1441 2422 qui,
1463 2384 1594 2423 quum

212 2454 321 2479 anno
366 2441 486 2490 1779,
524 2443 735 2495 specimen
764 2444 852 2496 jam
884 2443 1085 2484 edidisset
1118 2444 1423 2486 Ovidianarum
1455 2446 1596 2487 Meta-

210 2517 506 2572 morphoseon,
534 2521 745 2575 integrum
774 2536 882 2575 opus
911 2523 1060 2571 emisit,
1086 2537 1195 2563 anno
1224 2523 1422 2572 1784-87,
1448 2539 1502 2565 ex
1530 2540 1594 2567 re-

212 2597 407 2638 censione
438 2597 486 2637 P.
512 2598 756 2649 Burmanni,
779 2601 980 2642 varietate
1002 2600 1207 2651 lectionis,
1237 2609 1280 2642 et
1307 2602 1416 2643 notis
1441 2618 1593 2657 perpe-

211 2674 293 2714 tuis
319 2673 583 2716 illustratum.
646 2676 775 2723 Quod
805 2678 976 2731 quidem
1007 2694 1113 2733 opus
1140 2679 1378 2734 perlegenti
1404 2680 1591 2729 cuilibet,

211 2759 253 2791 et
285 2753 372 2794 sine
405 2753 545 2794 studio
576 2756 846 2802 examinanti,
877 2772 959 2797 non
990 2758 1209 2807 indignum
1238 2759 1446 2808 videatur,
1475 2758 1590 2812 quod
