1763 3181
223 170 308 212 414
607 169 657 210 Ρ.
696 167 908 210 OVIDII
941 167 1221 211 NASONIS

228 285 408 340 Qualia
430 284 533 331 vult
556 283 712 346 fingit,
740 299 850 346 quae
873 283 1089 330 nondum
1114 284 1261 332 vidit:
1302 292 1352 332 et
1375 286 1514 348 ignes

227 361 344 426 Ipse
369 377 483 408 suos
508 361 676 416 nutrit,
704 376 822 408 cura
846 368 1127 408 removente
1154 377 1396 425 soporem.
1514 366 1610 411 493

227 437 337 486 Lux
359 445 493 495 erat;
535 445 599 494 et,
628 438 795 501 generi
822 438 1049 486 dextram
1075 439 1366 501 complexus
1388 439 1566 496 euntis,

225 515 456 563 Pandion
481 515 713 562 comitem
739 515 952 562 lacrimis
979 515 1302 562 commendat
1326 515 1537 563 obortis:

228 598 258 616 “
288 591 430 639 Hanc
448 608 556 654 ego,
574 608 686 639 care
712 608 879 654 gener,
903 592 1137 655 quoniam
1160 592 1245 656 pia
1266 608 1415 640 causa
1433 593 1612 655 coegit,

228 667 294 716 Et
316 669 513 716 voluere
539 670 712 726 ambae,
733 669 928 716 voluisti
956 677 1010 716 tu
1037 686 1255 732 quoque,
1282 669 1458 726 Tereu,
1514 673 1609 718 497

229 745 309 793 Do
335 746 454 794 tibi:
494 763 683 810 perque
718 747 884 802 fidem,
914 754 1226 810 cognataque
1259 754 1461 811 pectora
1498 764 1614 811 sup-

227 822 327 870 Per
354 823 572 886 Superos
598 840 698 879 oro,
726 824 884 887 patrio
910 824 1093 871 tuearis
1119 840 1315 882 amore3
1456 824 1613 887 [plex,

227 899 294 947 Et
318 900 436 947 mihi
463 901 686 947 sollicitae
712 901 928 948 lenimen
955 901 1102 949 dulce
1127 908 1341 948 senectae
1405 901 1611 962 [mittas.

228 977 621 1042 Quamprimum,
661 978 821 1026 omnis
860 979 952 1026 erit
988 980 1131 1026 nobis
1170 995 1306 1026 mora
1340 979 1503 1041 longa,
1539 995 1613 1026 re-

227 1054 303 1101 Tu
347 1071 548 1118 quoque
591 1055 974 1119 quamprimum,
1012 1058 1130 1104 satis
1174 1063 1250 1104 est
1290 1056 1462 1120 procul
1505 1071 1614 1103 esse

428 1148 661 1188 sororem,

231 1207 284 1254 Si
309 1208 470 1271 pietas
496 1209 596 1256 ulla
620 1215 712 1265 est,
742 1209 804 1256 ad
828 1225 924 1263 me,
952 1208 1246 1265 Philomela,
1273 1208 1482 1256 redito.”

230 1283 533 1343 Mandabat3
574 1286 858 1348 pariterque
884 1302 984 1332 suae
1009 1286 1148 1333 dedit
1172 1287 1341 1333 oscula
1364 1293 1522 1333 natae:

230 1360 297 1409 Et
319 1362 532 1409 lacrimae
557 1363 701 1410 mites
727 1362 854 1409 inter
878 1363 1112 1410 mandata
1136 1364 1396 1411 cadebant.

1517 1364 1613 1410 505

231 1437 403 1502 thue
427 1440 525 1488 fide
550 1439 730 1503 pignus
754 1441 957 1488 dextras
982 1441 1243 1504 utriusque
1267 1439 1512 1504 poposcit,

230 1514 369 1562 Inter
394 1532 548 1580 seque
573 1517 714 1563 datas
734 1517 928 1579 junxit3
969 1525 1237 1580 natamque
1262 1524 1594 1581 nepotemque

230 1591 498 1649 Absentes,
525 1594 730 1640 memori
755 1611 843 1658 pro
869 1611 922 1642 se
942 1596 1088 1658 jubet
1112 1612 1195 1643 ore
1221 1596 1466 1652 salutent3

234 1669 635 1734 Supremumque
659 1672 783 1729 vale,
811 1673 958 1736 pleno
984 1673 1281 1736 singultibus
1306 1688 1405 1728 ore,

274 1784 348 1815 496.
364 1783 455 1815 Hanc
469 1795 532 1827 ego,
554 1786 631 1826 etc.]
657 1786 835 1817 Valedictio
856 1793 888 1818 et

230 1843 340 1875 preces
365 1834 461 1876 patris
491 1835 531 1865 ad
552 1836 810 1866 commovendum
832 1846 887 1878 ap-

232 1881 374 1913 tissimae.
419 1882 552 1919 Invitus,
567 1890 693 1926 propter
707 1885 793 1926 piam
812 1895 887 1916 cau-

231 1941 309 1967 sam,
327 1930 358 1962 in
375 1932 469 1963 breve
484 1938 617 1974 tempus,
631 1933 761 1964 dimittit
780 1934 888 1971 filiam,

233 1989 328 2020 quam
340 1991 434 2011 unam
450 1991 556 2012 secum
570 1981 676 2018 habet,
698 1993 761 2023 qua
780 1993 887 2014 senec-

232 2027 310 2059 tutis
329 2028 528 2060 imbecillitas
551 2029 605 2060 diu
625 2040 728 2061 carere
751 2041 810 2061 non
831 2043 886 2074 po-

233 2081 305 2113 test,
321 2087 454 2120 eamque
476 2088 547 2109 cum
563 2079 708 2120 gravibus
727 2080 889 2111 obtestati-

233 2126 344 2158 onibus
351 2127 441 2158 Terei
452 2127 524 2159 fidei
536 2129 743 2165 commendat,
752 2121 890 2170 ut'patris

234 2173 318 2206 vices
331 2181 469 2217 praestet.
506 2177 563 2207 Pia
578 2188 680 2213 causa,
697 2187 782 2208 amor
797 2178 879 2210 filiae.

279 2225 353 2256 497.
378 2225 419 2256 Et
445 2227 564 2257 voluere
584 2229 683 2264 ambae,
705 2227 786 2267 etc.]
814 2227 890 2264 Qui-

234 2273 308 2304 dam
323 2273 405 2305 hunc
415 2285 538 2305 versum
553 2275 712 2318 superiori,
724 2276 797 2307 496.
811 2287 890 2318 prae-

234 2323 383 2361 mittunt3
407 2323 555 2356 Heinsius
575 2330 607 2355 et
621 2325 765 2367 Capofer.
785 2325 891 2356 delen-

236 2372 311 2403 dum
326 2378 409 2403 recte
423 2379 562 2404 censent.
609 2374 745 2416 Cognata
757 2382 890 2414 pectora.

235 2421 405 2464 Schepper.
419 2423 609 2464 conjecturat
614 2424 734 2464 jadera
748 2436 759 2461 ,-
783 2425 893 2466 probat

235 2471 434 2502 Burmannus
451 2474 588 2513 pignora,
605 2478 635 2503 et
650 2473 764 2504 fatetur
779 2483 812 2503 se
830 2484 891 2504 non

236 2529 346 2561 capere
375 2527 501 2561 cognata
526 2527 645 2560 pectora
659 2533 670 2559 ,·
701 2521 754 2552 sed
785 2521 810 2552 si
837 2532 892 2563 per

235 2579 342 2607 corpus
360 2568 487 2600 alterius
501 2570 661 2600 obsecrare
683 2576 714 2601 et
731 2570 835 2612 jurare
851 2570 890 2600 li-

237 2622 298 2653 cet,
311 2622 346 2647 ut
360 2617 489 2649 IIeroid.
506 2618 573 2649 xiii.
590 2620 659 2650 159.
676 2619 784 2661 quidni
797 2619 891 2650 etiam

239 2676 295 2706 per
312 2673 414 2705 pectas
428 2669 570 2710 cognati?
593 2668 688 2710 Regii
705 2668 810 2705 nostri,
822 2680 889 2708 pec-

237 2720 315 2745 tora.

998 1788 1071 1818 504.
1096 1787 1201 1822 Dedit,
1220 1786 1303 1828 quod
1319 1786 1414 1817 etiam
1435 1785 1616 1816 Burmanno

954 1835 1113 1877 placebat,
1131 1846 1148 1867 e
1173 1836 1310 1878 quinque
1331 1835 1424 1865 MSS.
1449 1834 1564 1875 recepi,
1579 1841 1616 1865 ut

955 1885 1078 1926 legibus
1099 1885 1214 1926 linguae
1235 1884 1409 1919 satisfieret,
1424 1888 1456 1915 et
1475 1883 1616 1924 κακόφω-

957 1947 1018 1966 νον
1044 1935 1203 1965 vitaretur.
1248 1934 1334 1965 Dum
1362 1933 1429 1964 haec
1454 1934 1613 1964 mandabat

953 1988 984 2014 et
1006 1983 1142 2014 lacrimae
1161 1984 1316 2019 cadebant,
1332 1982 1419 2020 dedit
1434 1981 1505 2012 filiae
1525 1992 1615 2012 oscu-

953 2033 1032 2063 lum.
1077 2031 1281 2074 Inaequalitas
1300 2037 1473 2074 temporum
1491 2031 1616 2073 decepit

955 2080 1125 2117 librarium,
1141 2087 1177 2111 ut
1202 2082 1285 2111 dedic
1308 2080 1341 2111 in
1359 2082 1449 2111 dabat
1472 2084 1617 2110 mutaret.

958 2131 1060 2166 Mites,
1073 2140 1140 2171 quae
1158 2140 1218 2160 non
1234 2130 1267 2160 in
1281 2130 1379 2165 luctu,
1395 2129 1450 2160 sed
1465 2129 1497 2159 in
1513 2128 1617 2160 animo

956 2179 1056 2210 lenius
1072 2185 1222 2210 commoto
1238 2178 1422 2209 funduntur.

1000 2229 1072 2260 506.
1101 2227 1198 2268 thue
1212 2226 1507 2268 fide—utriusque]
1555 2227 1615 2258 Co-

957 2276 1043 2307 dices
1059 2278 1164 2313 nostri,
1185 2277 1226 2307 Ut
1240 2278 1514 2317 fidei—utrasque.
1559 2275 1617 2306 Vir

958 2326 1068 2357 doctus
1095 2328 1127 2357 in
1156 2326 1354 2357 Bibliotheca
1379 2325 1485 2367 Tigur.
1508 2337 1539 2368 p.
1566 2325 1618 2356 70.

958 2376 1081 2416 praefert
1097 2375 1266 2416 Vulgatam
1279 2382 1430 2415 utrasque,
1446 2374 1520 2415 quia
1534 2376 1615 2404 utri-

958 2436 1013 2464 que
1023 2425 1062 2455 de
1077 2425 1198 2456 duobus
1211 2425 1308 2455 rarius
1323 2424 1448 2466 quidem
1462 2428 1616 2457 occurrat,

959 2473 1194 2504 auctoritatibus
1203 2479 1308 2504 tamen
1319 2472 1551 2514 comprobatum
1561 2471 1615 2502 sit.

959 2521 1040 2553 Vide
1056 2522 1258 2553 Freinshemii
1272 2522 1412 2553 Iudicem
1429 2521 1460 2551 in
1476 2520 1614 2551 Florum.

960 2570 1074 2600 Deilra
1088 2571 1170 2613 apud
1185 2582 1290 2602 omnes
1299 2570 1491 2611 gentesfidei
1504 2571 1616 2610 pignus

958 2618 1065 2650 habita
1090 2625 1154 2651 est:
1191 2620 1262 2651 vide
1291 2620 1314 2650 F
1317 2618 1546 2654 reinshemium.
1574 2617 1614 2648 ad

959 2668 1113 2705 Curtium,
1130 2670 1188 2700 VI.
1203 2669 1244 2700 iv.
1262 2670 1313 2700 14.
1570 2665 1576 2671 ”
