1763 3181
363 187 979 230 METAMORPHOSEON
1012 188 1132 230 LIB.
1165 189 1258 230 ΙΙΙ.

1413 193 1500 233 235

127 302 241 350 Rite
266 319 428 360 vocor,
455 303 680 367 perdam;
711 304 752 351 si
776 320 855 351 me
879 304 1180 366 gemmantia
1203 305 1380 353 dextra

128 379 338 443 Sceptra
356 387 524 428 tenere
539 381 685 428 decet
701 400 711 438 ;
742 380 781 427 si
803 398 910 427 sum
931 381 1115 444 regina,
1132 380 1162 427 J
1167 382 1372 445 ovisque
1403 386 1499 430 265

127 459 193 507 Et
216 476 365 517 soror,
389 468 439 508 et
462 462 644 524 conjux
663 479 673 509 ε
701 469 835 509 certe
861 478 1022 510 soror:
1051 470 1102 509 at
1122 470 1257 526 puto,
1278 463 1406 512 furto
1426 473 1502 513 est

126 536 403 595 Contenta3
443 545 494 586 et
516 538 716 585 thalami
744 539 904 586 brevis
930 547 1007 587 est
1031 540 1209 603 injuria
1231 542 1400 588 nostri.

127 614 387 678 Concipit3
428 615 478 662 id
502 616 698 664 deerat:
738 617 1098 680 manifestaque
1123 617 1330 665 crimina
1354 619 1502 682 pleno

126 691 242 739 Fert
261 699 400 739 utero
419 711 429 750 3
471 700 520 740 et
544 700 714 749 mater,
734 694 868 756 quod
889 693 972 740 vix
997 694 1116 740 mihi
1142 695 1351 757 contigit
1374 696 1476 751 uni,

127 768 203 816 De
227 768 349 816 Jove
373 771 480 817 vult
501 769 634 818 fieri:
673 778 813 818 tanta
836 778 912 818 est
935 771 1117 818 fiducia
1142 771 1307 818 formae
1331 772 1339 818 !
1403 776 1500 819 270

127 844 289 893 Fallat
312 862 421 893 eam
445 845 587 903 faxo3
628 863 717 894 nec
745 847 835 894 sim
865 848 1111 904 Saturnia,
1141 848 1180 894 si
1205 865 1303 895 non

126 921 204 968 Ab
228 921 352 969 Jove
376 939 538 970 mersa
562 940 650 970 suo
673 923 874 987 Stygias
900 925 1180 987 penetrabit
1204 926 1266 972 ad
1291 926 1500 973 undas.”

195 999 364 1061 Surgit
387 1000 448 1047 ab
473 1000 548 1046 his
573 1000 723 1057 solio;
763 1000 993 1064 fulvaque
1018 1003 1273 1049 recondita
1296 1003 1445 1058 nube,

127 1074 298 1122 Limen
314 1076 417 1123 adit
434 1076 656 1124 Semeles
675 1094 685 1124 t
713 1093 804 1125 nec
821 1079 978 1126 nubes
995 1086 1108 1126 ante
1128 1079 1349 1136 removit,
1374 1081 1500 1141 [nos,

127 1152 289 1206 Quam
314 1153 562 1201 simulavit
585 1170 760 1212 anum3
801 1156 1066 1218 posuitque
1091 1156 1154 1202 ad
1178 1164 1401 1219 tempora
1420 1173 1499 1204 ca—

129 1309 188 1337 Aer
210 1313 321 1344 autem,
340 1314 375 1338 ut
393 1308 485 1338 Stoici
505 1309 669 1348 disputant,
687 1310 781 1339 inter—

115 1359 220 1398 jectus
247 1359 328 1388 iuter
356 1369 437 1388 mare
462 1364 490 1388 et
510 1359 627 1394 cadum,
653 1358 784 1389 Junonis

125 1407 241 1436 nomine
265 1412 467 1442 consecratur,
495 1419 557 1447 quae
579 1414 621 1437 est
646 1418 728 1438 soror
751 1414 783 1439 et

126 1456 239 1497 conjux
264 1456 365 1493 Jovis‚
388 1459 464 1497 quod
498 1463 526 1486 et
549 1458 714 1487 similitudo
740 1464 783 1488 est

126 1506 252 1541 aetheris,
279 1512 307 1535 et
330 1517 397 1536 cum
415 1516 446 1536 eo
467 1517 580 1536 summa
601 1508 781 1546 conjunctio.

128 1553 249 1585 Acerbe
264 1554 415 1591 additum,
428 1562 506 1585 certe
519 1561 609 1586 soror.

168 1603 242 1634 266.
258 1602 402 1639 Furtum,
420 1603 613 1639 concubitus,
624 1604 678 1645 qui
694 1610 781 1635 utero

126 1662 188 1682 non
204 1651 239 1682 fit
252 1652 446 1683 manifestus.
487 1653 658 1689 Thalamus,
674 1654 780 1695 conju-

126 1701 224 1742 gium.
262 1701 450 1744 Conjugium
473 1708 611 1733 nostrum
633 1703 664 1733 in
690 1704 781 1734 breve

124 1756 251 1792 tempus
270 1750 405 1787 laeditur,
425 1751 574 1792 quamdiu
596 1757 684 1782 actus
707 1762 781 1783 con-

127 1799 295 1831 cumbendi
311 1799 412 1831 durat.

171 1850 244 1881 269.
263 1850 318 1880 Vir
332 1851 404 1880 mihi
419 1851 546 1892 contigit
557 1850 641 1891 uni]
655 1850 784 1881 Haerent

128 1899 318 1941 Interpretes
338 1899 371 1929 in
385 1910 452 1931 voc.
469 1902 526 1930 uni
538 1911 549 1937 ‚-
575 1900 658 1941 quod
681 1900 705 1931 si
729 1911 783 1942 pro

125 1950 181 1979 soli
197 1949 324 1991 accipis,
342 1959 403 1979 non
419 1949 512 1980 oritur
526 1960 633 1980 sensus
649 1959 783 1980 commo-

127 1999 207 2037 dus3
232 1997 280 2029 sin
293 2000 380 2029 semel
399 1998 618 2041 interpretaris,
638 1999 785 2030 mentitur

127 2048 221 2084 Juno,
235 2058 304 2089 quae
319 2047 432 2089 saepius
446 2059 483 2079 ex
499 2049 577 2079 Jove
588 2053 687 2078 mater
701 2048 785 2078 facta

125 2103 187 2130 est.
224 2097 336 2138 Itaque
358 2098 554 2128 Burmannus
574 2097 696 2139 praefert
713 2107 783 2128 cum

132 2144 263 2187 Micyllo
290 2157 362 2182 uno,
388 2146 483 2188 idque
515 2146 676 2188 conjungit
712 2157 783 2177 cum

129 2206 197 2237 sqq.
211 2201 245 2225 ut
255 2194 332 2226 adeo
344 2206 451 2226 sensus
460 2195 591 2237 prodeat
601 2195 650 2226 hic
664 2207 670 2225 ι
687 2206 784 2236 quum

130 2250 175 2274 tot
191 2243 243 2274 alii
259 2244 330 2280 sint,
345 2254 383 2275 ex
402 2244 514 2286 quibus
527 2244 583 2275 illa
604 2244 701 2286 possit
719 2255 785 2275 ma-

132 2299 177 2323 ter
192 2293 266 2329 fieri,
281 2293 337 2324 illa
349 2304 409 2323 non
430 2293 489 2324 nisi
507 2304 524 2324 e
546 2293 610 2324 solo
625 2294 703 2324 Jove
719 2293 786 2324 vult

131 2341 209 2377 fieri,
232 2342 316 2383 quod
338 2341 414 2372 mihi
435 2342 487 2373 vix
510 2342 650 2383 contigit,
671 2353 786 2384 paucos

132 2401 202 2432 quae
217 2401 255 2421 ex
270 2391 348 2422 Jove
359 2397 464 2432 partus
478 2391 574 2422 edidi.
600 2392 717 2422 Verum
729 2402 786 2422 nec

133 2439 199 2471 haec
226 2441 380 2471 sententia
404 2440 478 2471 satis
505 2440 621 2482 placet.
674 2441 786 2471 Malim

130 2489 278 2530 equidem
298 2491 355 2519 uni
375 2499 446 2520 cum
471 2489 656 2531 Capoferreo
678 2490 709 2520 in
732 2492 789 2529 ipsi

133 2542 264 2568 mutare.
309 2538 436 2574 Rarius,
461 2549 555 2580 quam
578 2540 663 2570 Juno
680 2539 785 2575 vellet,

132 2597 172 2616 ex
187 2586 266 2617 Jove
280 2593 476 2628 conceperat.
512 2587 551 2617 Id
565 2598 647 2618 nunc
669 2593 762 2629 auget
776 2600 783 2617 :

134 2637 210 2674 quod
232 2637 279 2666 vix
300 2635 368 2677 (vix
388 2636 436 2666 bis
455 2635 556 2678 terve)
572 2638 644 2667 mihi
661 2638 786 2678 contigit

133 2685 200 2722 ipsi.

177 2733 250 2764 272.
276 2733 448 2766 Penetrabit
462 2737 501 2766 ad
515 2736 641 2776 undas]
668 2736 787 2778 Recepi

849 1319 903 1351 pro
923 1311 955 1339 in
974 1309 1085 1346 undas,
1101 1315 1132 1340 et
1154 1310 1243 1340 multi
1261 1309 1388 1341 habent.
1432 1312 1502 1341 Mo-

848 1359 960 1389 rientes
981 1358 1064 1388 enim
1087 1370 1148 1389 non
1172 1361 1214 1395 in,
1234 1359 1288 1390 sed
1314 1362 1352 1389 ud
1376 1361 1504 1401 Stygem

848 1406 1055 1438 descendunt.

890 1457 964 1487 273.
988 1458 1032 1486 Ab
1056 1458 1109 1493 his,
1132 1464 1201 1499 post
1222 1457 1289 1488 haec
1304 1459 1409 1489 verba.
1453 1458 1504 1489 Sic

847 1505 891 1537 iv,
905 1507 987 1536 329:
1008 1507 1084 1537 Nais
1098 1509 1133 1537 ab
1147 1508 1191 1537 his
1203 1510 1309 1538 tacuit.
1333 1509 1421 1550 Saepe
1437 1508 1504 1544 Dii,

848 1561 882 1585 ut
897 1555 1038 1585 fallerent
1056 1556 1210 1592 mortales,
1226 1556 1387 1587 familiaris
1401 1557 1503 1598 cujus-

848 1604 920 1634 dam
935 1604 1063 1634 formam
1078 1604 1255 1636 induerunt.
1297 1605 1423 1636 Praeivit
1439 1607 1503 1636 Ho-

848 1664 961 1689 merus,
987 1654 1025 1684 Il.
1051 1657 1089 1684 B.
1110 1655 1163 1684 20.
1184 1656 1254 1684 122.
1269 1655 1343 1684 386.
1388 1655 1502 1686 Confer

849 1709 880 1733 et
894 1702 1018 1734 Callim.
1035 1702 1107 1733 Cer.
1125 1704 1165 1733 43
1179 1715 1187 1741 ;
1204 1703 1316 1744 Virgil.
1331 1703 1459 1734 AEneid.
1476 1716 1505 1736 v.

851 1752 924 1782 620.
934 1752 975 1782 ix.
989 1752 1157 1783 649—651
1173 1764 1181 1790 ;
1196 1759 1226 1783 et
1242 1753 1354 1783 Noster
1369 1752 1411 1783 iv.
1423 1754 1485 1784 219
1498 1766 1506 1792 ;

850 1800 890 1831 vi.
906 1802 948 1831 26
963 1812 1032 1842 sqq.
1060 1801 1155 1841 Apud
1166 1801 1390 1843 Apollodorum
1403 1808 1434 1832 et
1444 1803 1505 1833 Lu-

851 1849 986 1886 cianum‚
1002 1850 1123 1880 Semele
1143 1850 1277 1892 decepta
1297 1861 1364 1882 esse
1384 1858 1506 1883 tantum

850 1898 963 1939 legitur
988 1910 1006 1929 a
1026 1900 1170 1938 Junone3
1195 1900 1249 1931 sed
1270 1900 1451 1941 figmentum
1467 1901 1507 1932 de

853 1948 949 1978 Beroa
968 1948 1063 1979 habet
1085 1954 1116 1979 et
1132 1948 1290 1991 Hyginus.
1328 1949 1394 1986 Dii,
1411 1961 1507 1991 quum

851 1997 883 2027 in
903 2003 1000 2028 terras
1019 1997 1216 2034 delabuntur,
1233 2009 1334 2039 neque
1357 1999 1440 2029 cerni
1455 2010 1507 2029 vo-

850 2046 918 2077 lunt
933 2058 952 2077 a
965 2046 1158 2084 mortalibus,
1174 2049 1330 2083 reconditi,
1346 2048 1421 2078 tecti
1440 2059 1506 2080 esse

850 2096 949 2126 solent
964 2098 1050 2127 viribe.

892 2146 968 2176 275.
992 2146 1153 2176 Simulavit
1175 2146 1294 2186 anum]
1322 2146 1508 2188 Simpliciter

851 2195 1014 2229 Homerus,
1027 2194 1066 2225 Il.
1082 2199 1116 2226 Γ.
1135 2195 1214 2225 386:
1234 2195 1314 2236 Γρηῖ
1335 2194 1365 2225 δέ
1386 2208 1443 2237 μιν
1467 2195 1507 2226 εἰ-

851 2245 925 2274 κυῖα
952 2244 1155 2286 παλαιγενέϊ.
1198 2243 1237 2274 Id
1256 2245 1323 2286 jam
1349 2245 1509 2275 exornavit

852 2293 966 2334 Virgil.
998 2294 1073 2324 AEn.
1101 2293 1143 2323 ix.
1172 2293 1203 2323 d.
1226 2293 1271 2323 l.:
1307 2293 1373 2323 Ibat
1403 2295 1508 2333 Apollo

855 2344 961 2373 Omnia
979 2344 1107 2384 longaevo
1128 2344 1243 2379 similis,
1259 2354 1411 2383 vocemque
1432 2345 1507 2374 colo-

854 2403 970 2432 remque
994 2392 1031 2422 Et
1053 2394 1148 2422 crines
1171 2394 1259 2423 albos.
1294 2393 1375 2423 Eum
1394 2393 1509 2424 Noster

855 2440 955 2471 verbis
971 2440 1101 2471 delectis
1115 2451 1258 2482 superare
1270 2441 1432 2472 laboravit.
1461 2442 1508 2472 Si-

855 2491 983 2520 mulavit
1003 2502 1106 2526 anum,
1119 2490 1252 2531 sumpsit
1270 2490 1399 2521 formam
1418 2501 1508 2521 anus.

854 2537 987 2568 sulcavit
1009 2545 1106 2569 cutem
1121 2540 1216 2580 rugis,
1230 2545 1368 2570 venuste.
1405 2539 1512 2570 Plaut.

854 2590 1027 2619 corisulcare
1059 2589 1197 2629 fromem
1211 2601 1222 2626 ,·
1248 2589 1387 2630 frontem
1426 2592 1511 2630 rugis

854 2649 943 2668 arare
971 2638 1050 2668 dixit
1076 2638 1164 2680 Virg.
1193 2640 1268 2669 [ΕΠ.
1293 2638 1345 2668 vii.
1371 2639 1444 2669 417.
1478 2647 1510 2669 et

856 2687 968 2718 Noster
996 2688 1109 2729 passim
1127 2700 1135 2727 3
1170 2687 1241 2719 vide
1271 2687 1434 2718 Ciofanum
1471 2688 1512 2718 ad

855 2736 937 2767 hunc
967 2736 1081 2768 locum.
1126 2738 1273 2768 Trementi
1300 2748 1408 2776 passu5
1433 2736 1512 2767 infra
