<?xml version="1.0" encoding="UTF-8"?>
<!DOCTYPE html PUBLIC "-//W3C//DTD XHTML 1.0 Transitional//EN"
    "http://www.w3.org/TR/xhtml1/DTD/xhtml1-transitional.dtd">
<html xmlns="http://www.w3.org/1999/xhtml" xml:lang="en" lang="en">
 <head>
  <title>
</title>
<meta http-equiv="Content-Type" content="text/html;charset=utf-8" />
  <meta name='ocr-system' content='tesseract 3.04.00' />
  <meta name='ocr-capabilities' content='ocr_page ocr_carea ocr_par ocr_line ocrx_word'/>
</head>
<body>
  <div class='ocr_page' id='page_1' title='image "./povidiinasonisop03oviduoft_0480.png"; bbox 0 0 1763 3181; ppageno 0'>
   <div class='ocr_carea' id='block_1_1' title="bbox 192 175 278 216">
    <p class='ocr_par' dir='ltr' id='par_1_1' title="bbox 192 175 278 216">
     <span class='ocr_line' id='line_1_1' title="bbox 192 175 278 216; baseline 0 -1"><span class='ocrx_word' id='word_1_1' title='bbox 192 175 278 216; x_wconf 77' lang='lat'>470</span> 
     </span>
    </p>
   </div>
   <div class='ocr_carea' id='block_1_2' title="bbox 584 170 1197 214">
    <p class='ocr_par' dir='ltr' id='par_1_2' title="bbox 584 170 1197 214">
     <span class='ocr_line' id='line_1_2' title="bbox 584 170 1197 214; baseline 0 -2"><span class='ocrx_word' id='word_1_2' title='bbox 584 173 635 212; x_wconf 90' lang='grc' dir='ltr'>Ρ.</span> <span class='ocrx_word' id='word_1_3' title='bbox 669 170 882 214; x_wconf 91' lang='lat' dir='ltr'>OVIDII</span> <span class='ocrx_word' id='word_1_4' title='bbox 916 171 1197 213; x_wconf 89' lang='lat' dir='ltr'>NASONIS</span> 
     </span>
    </p>
   </div>
   <div class='ocr_carea' id='block_1_3' title="bbox 199 282 1593 1116">
    <p class='ocr_par' dir='ltr' id='par_1_3' title="bbox 199 282 1584 504">
     <span class='ocr_line' id='line_1_3' title="bbox 199 282 1584 349; baseline -0.005 -14"><span class='ocrx_word' id='word_1_5' title='bbox 199 289 367 335; x_wconf 89' lang='lat' dir='ltr'>Causa</span> <span class='ocrx_word' id='word_1_6' title='bbox 391 302 575 333; x_wconf 86' lang='lat' dir='ltr'>nocens</span> <span class='ocrx_word' id='word_1_7' title='bbox 601 286 785 343; x_wconf 88' lang='lat' dir='ltr'>cladis;</span> <span class='ocrx_word' id='word_1_8' title='bbox 817 294 1091 349; x_wconf 80' lang='lat' dir='ltr'>pugnatum</span> <span class='ocrx_word' id='word_1_9' title='bbox 1109 291 1186 332; x_wconf 89' lang='lat' dir='ltr'>est</span> <span class='ocrx_word' id='word_1_10' title='bbox 1211 291 1314 332; x_wconf 87' lang='lat' dir='ltr'>arte</span> <span class='ocrx_word' id='word_1_11' title='bbox 1334 282 1584 331; x_wconf 89' lang='lat' dir='ltr'>medendi.</span> 
     </span>
     <span class='ocr_line' id='line_1_4' title="bbox 199 361 1434 426; baseline -0.002 -16"><span class='ocrx_word' id='word_1_12' title='bbox 199 363 422 410; x_wconf 81' lang='lat' dir='ltr'>Exitium</span> <span class='ocrx_word' id='word_1_13' title='bbox 449 364 719 426; x_wconf 85' lang='lat' dir='ltr'>superabat</span> <span class='ocrx_word' id='word_1_14' title='bbox 743 379 905 426; x_wconf 88' lang='lat' dir='ltr'>opem,</span> <span class='ocrx_word' id='word_1_15' title='bbox 933 379 1044 425; x_wconf 88' lang='lat' dir='ltr'>quae</span> <span class='ocrx_word' id='word_1_16' title='bbox 1068 362 1199 409; x_wconf 88' lang='lat' dir='ltr'>victa</span> <span class='ocrx_word' id='word_1_17' title='bbox 1215 361 1434 423; x_wconf 88' lang='lat' dir='ltr'>jacebat.</span> 
     </span>
     <span class='ocr_line' id='line_1_5' title="bbox 200 439 1266 504; baseline -0.002 -18"><span class='ocrx_word' id='word_1_18' title='bbox 200 440 454 504; x_wconf 86' lang='lat' dir='ltr'>Principio</span> <span class='ocrx_word' id='word_1_19' title='bbox 479 440 659 487; x_wconf 86' lang='lat' dir='ltr'>coelum</span> <span class='ocrx_word' id='word_1_20' title='bbox 687 440 849 502; x_wconf 84' lang='lat' dir='ltr'>spissa</span> <span class='ocrx_word' id='word_1_21' title='bbox 873 439 1086 501; x_wconf 83' lang='lat' dir='ltr'>caligine</span> <span class='ocrx_word' id='word_1_22' title='bbox 1111 446 1266 485; x_wconf 91' lang='lat' dir='ltr'>terras</span> 
     </span>
    </p>

    <p class='ocr_par' dir='ltr' id='par_1_4' title="bbox 201 516 1584 810">
     <span class='ocr_line' id='line_1_6' title="bbox 201 516 1374 579; baseline -0.004 -14"><span class='ocrx_word' id='word_1_23' title='bbox 201 518 406 573; x_wconf 82' lang='lat' dir='ltr'>Pressit,</span> <span class='ocrx_word' id='word_1_24' title='bbox 435 525 485 565; x_wconf 89' lang='lat' dir='ltr'>et</span> <span class='ocrx_word' id='word_1_25' title='bbox 509 518 712 579; x_wconf 79' lang='lat' dir='ltr'>ignavos</span> <span class='ocrx_word' id='word_1_26' title='bbox 739 517 942 563; x_wconf 81' lang='lat' dir='ltr'>inclusit</span> <span class='ocrx_word' id='word_1_27' title='bbox 966 516 1182 562; x_wconf 91' lang='lat' dir='ltr'>nubibus</span> <span class='ocrx_word' id='word_1_28' title='bbox 1207 522 1374 561; x_wconf 82' lang='lat' dir='ltr'>aestus.</span> 
     </span>
     <span class='ocr_line' id='line_1_7' title="bbox 202 590 1543 657; baseline -0.004 -16"><span class='ocrx_word' id='word_1_29' title='bbox 202 595 438 657; x_wconf 81' lang='lat' dir='ltr'>Dumque</span> <span class='ocrx_word' id='word_1_30' title='bbox 464 602 640 656; x_wconf 83' lang='lat' dir='ltr'>quater</span> <span class='ocrx_word' id='word_1_31' title='bbox 659 595 849 656; x_wconf 88' lang='lat' dir='ltr'>junctis</span> <span class='ocrx_word' id='word_1_32' title='bbox 875 593 1099 657; x_wconf 88' lang='lat' dir='ltr'>implevit</span> <span class='ocrx_word' id='word_1_33' title='bbox 1122 591 1353 639; x_wconf 87' lang='lat' dir='ltr'>cornibus</span> <span class='ocrx_word' id='word_1_34' title='bbox 1373 590 1543 637; x_wconf 91' lang='lat' dir='ltr'>orbem</span> 
     </span>
     <span class='ocr_line' id='line_1_8' title="bbox 201 666 1584 734; baseline -0.005 -18"><span class='ocrx_word' id='word_1_35' title='bbox 201 670 357 725; x_wconf 90' lang='lat' dir='ltr'>Luna,</span> <span class='ocrx_word' id='word_1_36' title='bbox 380 677 558 734; x_wconf 84' lang='lat' dir='ltr'>quater</span> <span class='ocrx_word' id='word_1_37' title='bbox 576 671 780 733; x_wconf 89' lang='lat' dir='ltr'>plenum</span> <span class='ocrx_word' id='word_1_38' title='bbox 805 677 1010 717; x_wconf 88' lang='lat' dir='ltr'>tenuata</span> <span class='ocrx_word' id='word_1_39' title='bbox 1028 668 1245 716; x_wconf 85' lang='lat' dir='ltr'>retexuit</span> <span class='ocrx_word' id='word_1_40' title='bbox 1263 667 1434 714; x_wconf 90' lang='lat' dir='ltr'>orbem</span> <span class='ocrx_word' id='word_1_41' title='bbox 1452 684 1462 723; x_wconf 92' lang='lat'>;</span> <span class='ocrx_word' id='word_1_42' title='bbox 1494 666 1584 711; x_wconf 88' lang='lat'>531</span> 
     </span>
     <span class='ocr_line' id='line_1_9' title="bbox 201 743 1313 810; baseline -0.004 -16"><span class='ocrx_word' id='word_1_43' title='bbox 201 747 427 794; x_wconf 87' lang='lat' dir='ltr'>Letiferis</span> <span class='ocrx_word' id='word_1_44' title='bbox 453 747 598 794; x_wconf 88' lang='lat' dir='ltr'>calidi</span> <span class='ocrx_word' id='word_1_45' title='bbox 627 746 876 810; x_wconf 63' lang='lat' dir='ltr'>spirarunt</span> <span class='ocrx_word' id='word_1_46' title='bbox 899 746 1099 793; x_wconf 81' lang='lat' dir='ltr'>flatibus</span> <span class='ocrx_word' id='word_1_47' title='bbox 1125 743 1313 791; x_wconf 86' lang='lat' dir='ltr'>Austri.</span> 
     </span>
    </p>

    <p class='ocr_par' dir='ltr' id='par_1_5' title="bbox 201 820 1593 1116">
     <span class='ocr_line' id='line_1_10' title="bbox 201 820 1467 880; baseline -0.005 -10"><span class='ocrx_word' id='word_1_48' title='bbox 201 824 416 871; x_wconf 83' lang='lat' dir='ltr'>Constat</span> <span class='ocrx_word' id='word_1_49' title='bbox 440 830 490 870; x_wconf 88' lang='lat' dir='ltr'>et</span> <span class='ocrx_word' id='word_1_50' title='bbox 514 824 563 870; x_wconf 90' lang='lat' dir='ltr'>in</span> <span class='ocrx_word' id='word_1_51' title='bbox 589 823 751 870; x_wconf 87' lang='lat' dir='ltr'>fontes</span> <span class='ocrx_word' id='word_1_52' title='bbox 775 822 949 869; x_wconf 90' lang='lat' dir='ltr'>vitium</span> <span class='ocrx_word' id='word_1_53' title='bbox 974 822 1185 875; x_wconf 84' lang='lat' dir='ltr'>venisse,</span> <span class='ocrx_word' id='word_1_54' title='bbox 1211 820 1467 880; x_wconf 88' lang='lat' dir='ltr'>lacusque,</span> 
     </span>
     <span class='ocr_line' id='line_1_11' title="bbox 201 897 1480 963; baseline -0.005 -17"><span class='ocrx_word' id='word_1_55' title='bbox 201 899 465 963; x_wconf 89' lang='lat' dir='ltr'>Milliaque</span> <span class='ocrx_word' id='word_1_56' title='bbox 490 899 705 946; x_wconf 90' lang='lat' dir='ltr'>incultos</span> <span class='ocrx_word' id='word_1_57' title='bbox 732 905 1021 962; x_wconf 85' lang='lat' dir='ltr'>serpentum</span> <span class='ocrx_word' id='word_1_58' title='bbox 1043 897 1200 943; x_wconf 90' lang='lat' dir='ltr'>multa</span> <span class='ocrx_word' id='word_1_59' title='bbox 1223 911 1312 959; x_wconf 89' lang='lat' dir='ltr'>per</span> <span class='ocrx_word' id='word_1_60' title='bbox 1337 910 1480 956; x_wconf 88' lang='lat' dir='ltr'>agros</span> 
     </span>
     <span class='ocr_line' id='line_1_12' title="bbox 203 970 1471 1039; baseline -0.005 -17"><span class='ocrx_word' id='word_1_61' title='bbox 203 976 426 1033; x_wconf 67' lang='lat' dir='ltr'>Errasse,</span> <span class='ocrx_word' id='word_1_62' title='bbox 449 983 601 1039; x_wconf 90' lang='lat' dir='ltr'>atque</span> <span class='ocrx_word' id='word_1_63' title='bbox 627 974 730 1022; x_wconf 92' lang='lat' dir='ltr'>suis</span> <span class='ocrx_word' id='word_1_64' title='bbox 754 975 928 1021; x_wconf 89' lang='lat' dir='ltr'>fluvios</span> <span class='ocrx_word' id='word_1_65' title='bbox 955 973 1227 1021; x_wconf 65' lang='lat' dir='ltr'>temerasse</span> <span class='ocrx_word' id='word_1_66' title='bbox 1250 970 1471 1020; x_wconf 90' lang='lat' dir='ltr'>venenis.</span> 
     </span>
     <span class='ocr_line' id='line_1_13' title="bbox 205 1049 1593 1116; baseline -0.007 -15"><span class='ocrx_word' id='word_1_67' title='bbox 205 1053 385 1116; x_wconf 83' lang='lat' dir='ltr'>Strage</span> <span class='ocrx_word' id='word_1_68' title='bbox 435 1069 615 1101; x_wconf 88' lang='lat' dir='ltr'>canum</span> <span class='ocrx_word' id='word_1_69' title='bbox 664 1052 840 1116; x_wconf 88' lang='lat' dir='ltr'>prima,</span> <span class='ocrx_word' id='word_1_70' title='bbox 885 1053 1260 1113; x_wconf 89' lang='lat' dir='ltr'>volucrumque,</span> <span class='ocrx_word' id='word_1_71' title='bbox 1310 1049 1593 1109; x_wconf 85' lang='lat' dir='ltr'>oviumque,</span> 
     </span>
    </p>
   </div>
   <div class='ocr_carea' id='block_1_4' title="bbox 402 1131 672 1192">
    <p class='ocr_par' dir='ltr' id='par_1_6' title="bbox 402 1131 672 1192">
     <span class='ocr_line' id='line_1_14' title="bbox 402 1131 672 1192; baseline -0.004 -15"><span class='ocrx_word' id='word_1_72' title='bbox 402 1131 672 1192; x_wconf 88' lang='lat' dir='ltr'>boumque,</span> 
     </span>
    </p>
   </div>
   <div class='ocr_carea' id='block_1_5' title="bbox 1497 1125 1593 1170">
    <p class='ocr_par' dir='ltr' id='par_1_7' title="bbox 1497 1125 1593 1170">
     <span class='ocr_line' id='line_1_15' title="bbox 1497 1125 1593 1170; baseline -0.01 0"><span class='ocrx_word' id='word_1_73' title='bbox 1497 1125 1593 1170; x_wconf 82' lang='lat'>536</span> 
     </span>
    </p>
   </div>
   <div class='ocr_carea' id='block_1_6' title="bbox 206 1202 1404 1270">
    <p class='ocr_par' dir='ltr' id='par_1_8' title="bbox 206 1202 1404 1270">
     <span class='ocr_line' id='line_1_16' title="bbox 206 1202 1404 1270; baseline -0.003 -17"><span class='ocrx_word' id='word_1_74' title='bbox 206 1207 368 1270; x_wconf 88' lang='lat' dir='ltr'>Inque</span> <span class='ocrx_word' id='word_1_75' title='bbox 392 1207 508 1254; x_wconf 85' lang='lat' dir='ltr'>feris</span> <span class='ocrx_word' id='word_1_76' title='bbox 534 1206 686 1253; x_wconf 85' lang='lat' dir='ltr'>subiti</span> <span class='ocrx_word' id='word_1_77' title='bbox 711 1206 959 1269; x_wconf 89' lang='lat' dir='ltr'>deprensa</span> <span class='ocrx_word' id='word_1_78' title='bbox 981 1205 1207 1269; x_wconf 87' lang='lat' dir='ltr'>potentia</span> <span class='ocrx_word' id='word_1_79' title='bbox 1230 1202 1404 1250; x_wconf 88' lang='lat' dir='ltr'>morbi.</span> 
     </span>
    </p>
   </div>
   <div class='ocr_carea' id='block_1_7' title="bbox 202 1338 879 2743">
    <p class='ocr_par' dir='ltr' id='par_1_9' title="bbox 202 1338 867 1564">
     <span class='ocr_line' id='line_1_17' title="bbox 203 1338 865 1380; baseline -0.003 -10"><span class='ocrx_word' id='word_1_80' title='bbox 203 1351 272 1380; x_wconf 65' lang='lat' dir='ltr'>gum</span> <span class='ocrx_word' id='word_1_81' title='bbox 292 1350 393 1370; x_wconf 82' lang='lat' dir='ltr'>usum.</span> <span class='ocrx_word' id='word_1_82' title='bbox 443 1340 619 1380; x_wconf 71' lang='lat' dir='ltr'>Pugnatum</span> <span class='ocrx_word' id='word_1_83' title='bbox 640 1346 680 1369; x_wconf 85' lang='lat' dir='ltr'>est</span> <span class='ocrx_word' id='word_1_84' title='bbox 707 1338 779 1369; x_wconf 81' lang='lat' dir='ltr'>felix</span> <span class='ocrx_word' id='word_1_85' title='bbox 797 1349 865 1369; x_wconf 91' lang='lat' dir='ltr'>ver-</span> 
     </span>
     <span class='ocr_line' id='line_1_18' title="bbox 202 1388 867 1428; baseline -0.002 -10"><span class='ocrx_word' id='word_1_86' title='bbox 202 1389 296 1418; x_wconf 84' lang='lat' dir='ltr'>bum:</span> <span class='ocrx_word' id='word_1_87' title='bbox 323 1388 442 1423; x_wconf 84' lang='lat' dir='ltr'>Cicero,</span> <span class='ocrx_word' id='word_1_88' title='bbox 459 1388 498 1418; x_wconf 86' lang='lat' dir='ltr'>de</span> <span class='ocrx_word' id='word_1_89' title='bbox 514 1388 587 1418; x_wconf 85' lang='lat' dir='ltr'>Seu.</span> <span class='ocrx_word' id='word_1_90' title='bbox 610 1389 808 1428; x_wconf 78' lang='lat' dir='ltr'>pugnandum</span> <span class='ocrx_word' id='word_1_91' title='bbox 825 1394 867 1417; x_wconf 81' lang='lat' dir='ltr'>est</span> 
     </span>
     <span class='ocr_line' id='line_1_19' title="bbox 206 1438 866 1476; baseline 0 -9"><span class='ocrx_word' id='word_1_92' title='bbox 206 1443 310 1467; x_wconf 77' lang='lat' dir='ltr'>contra</span> <span class='ocrx_word' id='word_1_93' title='bbox 336 1443 530 1471; x_wconf 76' lang='lat' dir='ltr'>senectutem,</span> <span class='ocrx_word' id='word_1_94' title='bbox 560 1442 701 1476; x_wconf 77' lang='lat' dir='ltr'>tunquam</span> <span class='ocrx_word' id='word_1_95' title='bbox 724 1438 866 1467; x_wconf 78' lang='lat' dir='ltr'>morbum.</span> 
     </span>
     <span class='ocr_line' id='line_1_20' title="bbox 212 1485 867 1525; baseline -0.002 -10"><span class='ocrx_word' id='word_1_96' title='bbox 212 1486 505 1525; x_wconf 72' lang='lat' dir='ltr'>Eritium—jacebat</span> <span class='ocrx_word' id='word_1_97' title='bbox 517 1497 526 1521; x_wconf 80' lang='lat'>,·</span> <span class='ocrx_word' id='word_1_98' title='bbox 540 1485 668 1514; x_wconf 84' lang='lat' dir='ltr'>Lucret.</span> <span class='ocrx_word' id='word_1_99' title='bbox 686 1485 777 1515; x_wconf 81' lang='lat'>1177.</span> <span class='ocrx_word' id='word_1_100' title='bbox 788 1496 867 1515; x_wconf 83' lang='lat' dir='ltr'>mus-</span> 
     </span>
     <span class='ocr_line' id='line_1_21' title="bbox 208 1535 692 1564; baseline 0 -1"><span class='ocrx_word' id='word_1_101' title='bbox 208 1536 288 1564; x_wconf 69' lang='lat' dir='ltr'>sabat</span> <span class='ocrx_word' id='word_1_102' title='bbox 306 1536 398 1564; x_wconf 79' lang='lat' dir='ltr'>tacito</span> <span class='ocrx_word' id='word_1_103' title='bbox 413 1535 561 1564; x_wconf 65' lang='lat' dir='ltr'>medicina</span> <span class='ocrx_word' id='word_1_104' title='bbox 577 1536 692 1564; x_wconf 74' lang='lat' dir='ltr'>timore.</span> 
     </span>
    </p>

    <p class='ocr_par' dir='ltr' id='par_1_10' title="bbox 209 1581 873 2053">
     <span class='ocr_line' id='line_1_22' title="bbox 249 1581 871 1623; baseline -0.002 -11"><span class='ocrx_word' id='word_1_105' title='bbox 249 1583 324 1613; x_wconf 82' lang='lat'>527.</span> <span class='ocrx_word' id='word_1_106' title='bbox 349 1582 420 1617; x_wconf 65' lang='lat' dir='ltr'>Qua:</span> <span class='ocrx_word' id='word_1_107' title='bbox 448 1584 524 1613; x_wconf 71' lang='lat' dir='ltr'>victa</span> <span class='ocrx_word' id='word_1_108' title='bbox 539 1582 694 1623; x_wconf 61' lang='lat' dir='ltr'>jacebat]</span> <span class='ocrx_word' id='word_1_109' title='bbox 724 1581 871 1612; x_wconf 76' lang='lat' dir='ltr'>Heinsius</span> 
     </span>
     <span class='ocr_line' id='line_1_23' title="bbox 209 1630 871 1667; baseline -0.002 -6"><span class='ocrx_word' id='word_1_110' title='bbox 209 1630 301 1661; x_wconf 83' lang='lat' dir='ltr'>valde</span> <span class='ocrx_word' id='word_1_111' title='bbox 317 1632 489 1667; x_wconf 79' lang='lat' dir='ltr'>metuebat,</span> <span class='ocrx_word' id='word_1_112' title='bbox 510 1641 548 1661; x_wconf 92' lang='lat' dir='ltr'>ne</span> <span class='ocrx_word' id='word_1_113' title='bbox 566 1631 624 1661; x_wconf 88' lang='lat' dir='ltr'>hoc</span> <span class='ocrx_word' id='word_1_114' title='bbox 641 1630 871 1660; x_wconf 84' lang='lat' dir='ltr'>hemistichium</span> 
     </span>
     <span class='ocr_line' id='line_1_24' title="bbox 209 1679 872 1720; baseline 0.002 -12"><span class='ocrx_word' id='word_1_115' title='bbox 209 1679 248 1708; x_wconf 84' lang='lat' dir='ltr'>sit</span> <span class='ocrx_word' id='word_1_116' title='bbox 275 1681 313 1710; x_wconf 87' lang='lat' dir='ltr'>ab</span> <span class='ocrx_word' id='word_1_117' title='bbox 341 1680 443 1710; x_wconf 85' lang='lat' dir='ltr'>aliena</span> <span class='ocrx_word' id='word_1_118' title='bbox 471 1690 578 1715; x_wconf 87' lang='lat' dir='ltr'>manu,</span> <span class='ocrx_word' id='word_1_119' title='bbox 608 1690 678 1720; x_wconf 83' lang='lat' dir='ltr'>quae</span> <span class='ocrx_word' id='word_1_120' title='bbox 707 1689 827 1709; x_wconf 84' lang='lat' dir='ltr'>versum</span> <span class='ocrx_word' id='word_1_121' title='bbox 854 1689 872 1709; x_wconf 86' lang='lat' dir='ltr'>a</span> 
     </span>
     <span class='ocr_line' id='line_1_25' title="bbox 209 1726 871 1768; baseline -0.002 -10"><span class='ocrx_word' id='word_1_122' title='bbox 209 1728 336 1758; x_wconf 78' lang='lat' dir='ltr'>Nasone</span> <span class='ocrx_word' id='word_1_123' title='bbox 364 1727 511 1758; x_wconf 81' lang='lat' dir='ltr'>mutilum</span> <span class='ocrx_word' id='word_1_124' title='bbox 546 1728 689 1758; x_wconf 84' lang='lat' dir='ltr'>relictum</span> <span class='ocrx_word' id='word_1_125' title='bbox 726 1726 871 1768; x_wconf 89' lang='lat' dir='ltr'>supplere</span> 
     </span>
     <span class='ocr_line' id='line_1_26' title="bbox 209 1776 871 1812; baseline -0.002 -5"><span class='ocrx_word' id='word_1_126' title='bbox 209 1776 364 1808; x_wconf 82' lang='lat' dir='ltr'>vo1uerit:</span> <span class='ocrx_word' id='word_1_127' title='bbox 403 1777 637 1808; x_wconf 87' lang='lat' dir='ltr'>rescribendum</span> <span class='ocrx_word' id='word_1_128' title='bbox 676 1782 759 1807; x_wconf 80' lang='lat' dir='ltr'>certe</span> <span class='ocrx_word' id='word_1_129' title='bbox 793 1786 871 1812; x_wconf 84' lang='lat' dir='ltr'>esse,</span> 
     </span>
     <span class='ocr_line' id='line_1_27' title="bbox 211 1825 872 1866; baseline -0.002 -11"><span class='ocrx_word' id='word_1_130' title='bbox 211 1836 270 1864; x_wconf 78' lang='lat' dir='ltr'>spes</span> <span class='ocrx_word' id='word_1_131' title='bbox 288 1828 365 1856; x_wconf 75' lang='lat' dir='ltr'>victa</span> <span class='ocrx_word' id='word_1_132' title='bbox 379 1827 514 1866; x_wconf 76' lang='lat' dir='ltr'>jacebat.</span> <span class='ocrx_word' id='word_1_133' title='bbox 562 1825 635 1860; x_wconf 77' lang='lat' dir='ltr'>Quae</span> <span class='ocrx_word' id='word_1_134' title='bbox 657 1827 736 1856; x_wconf 72' lang='lat' dir='ltr'>victa</span> <span class='ocrx_word' id='word_1_135' title='bbox 747 1826 872 1865; x_wconf 76' lang='lat' dir='ltr'>jacebat</span> 
     </span>
     <span class='ocr_line' id='line_1_28' title="bbox 211 1873 869 1916; baseline 0 -12"><span class='ocrx_word' id='word_1_136' title='bbox 211 1875 344 1905; x_wconf 80' lang='lat' dir='ltr'>otiosum</span> <span class='ocrx_word' id='word_1_137' title='bbox 367 1874 494 1916; x_wconf 88' lang='lat' dir='ltr'>quidem</span> <span class='ocrx_word' id='word_1_138' title='bbox 519 1880 565 1905; x_wconf 79' lang='lat' dir='ltr'>est</span> <span class='ocrx_word' id='word_1_139' title='bbox 585 1880 655 1916; x_wconf 87' lang='lat' dir='ltr'>post</span> <span class='ocrx_word' id='word_1_140' title='bbox 682 1873 869 1905; x_wconf 83' lang='lat' dir='ltr'>anteceden-</span> 
     </span>
     <span class='ocr_line' id='line_1_29' title="bbox 212 1923 872 1966; baseline -0.003 -11"><span class='ocrx_word' id='word_1_141' title='bbox 212 1923 280 1963; x_wconf 84' lang='lat' dir='ltr'>tia;</span> <span class='ocrx_word' id='word_1_142' title='bbox 311 1935 414 1966; x_wconf 86' lang='lat' dir='ltr'>neque</span> <span class='ocrx_word' id='word_1_143' title='bbox 443 1931 550 1955; x_wconf 80' lang='lat' dir='ltr'>tamen</span> <span class='ocrx_word' id='word_1_144' title='bbox 579 1925 618 1955; x_wconf 92' lang='lat' dir='ltr'>ab</span> <span class='ocrx_word' id='word_1_145' title='bbox 648 1923 752 1955; x_wconf 88' lang='lat' dir='ltr'>aliena</span> <span class='ocrx_word' id='word_1_146' title='bbox 776 1933 872 1954; x_wconf 89' lang='lat' dir='ltr'>manu</span> 
     </span>
     <span class='ocr_line' id='line_1_30' title="bbox 212 1972 873 2015; baseline 0 -12"><span class='ocrx_word' id='word_1_147' title='bbox 212 1973 355 2004; x_wconf 81' lang='lat' dir='ltr'>additum</span> <span class='ocrx_word' id='word_1_148' title='bbox 369 1983 441 2004; x_wconf 90' lang='lat' dir='ltr'>curn</span> <span class='ocrx_word' id='word_1_149' title='bbox 456 1972 586 2004; x_wconf 76' lang='lat' dir='ltr'>Heinsio</span> <span class='ocrx_word' id='word_1_150' title='bbox 601 1978 721 2015; x_wconf 88' lang='lat' dir='ltr'>putem.</span> <span class='ocrx_word' id='word_1_151' title='bbox 750 1972 873 2003; x_wconf 85' lang='lat' dir='ltr'>Passim</span> 
     </span>
     <span class='ocr_line' id='line_1_31' title="bbox 212 2021 538 2053; baseline 0 -1"><span class='ocrx_word' id='word_1_152' title='bbox 212 2028 316 2053; x_wconf 80' lang='lat' dir='ltr'>noster</span> <span class='ocrx_word' id='word_1_153' title='bbox 331 2021 375 2052; x_wconf 90' lang='lat' dir='ltr'>sic</span> <span class='ocrx_word' id='word_1_154' title='bbox 390 2021 538 2052; x_wconf 88' lang='lat' dir='ltr'>luxuriat.</span> 
     </span>
    </p>

    <p class='ocr_par' dir='ltr' id='par_1_11' title="bbox 212 2070 879 2542">
     <span class='ocr_line' id='line_1_32' title="bbox 257 2070 870 2111; baseline 0 -11"><span class='ocrx_word' id='word_1_155' title='bbox 257 2071 334 2101; x_wconf 81' lang='lat'>528.</span> <span class='ocrx_word' id='word_1_156' title='bbox 362 2070 476 2102; x_wconf 81' lang='lat' dir='ltr'>Coelum</span> <span class='ocrx_word' id='word_1_157' title='bbox 501 2073 591 2110; x_wconf 81' lang='lat' dir='ltr'>spissa</span> <span class='ocrx_word' id='word_1_158' title='bbox 616 2070 759 2111; x_wconf 78' lang='lat' dir='ltr'>caligine,</span> <span class='ocrx_word' id='word_1_159' title='bbox 788 2070 870 2111; x_wconf 55' lang='lat' dir='ltr'>etc]</span> 
     </span>
     <span class='ocr_line' id='line_1_33' title="bbox 215 2119 873 2161; baseline 0 -11"><span class='ocrx_word' id='word_1_160' title='bbox 215 2120 308 2150; x_wconf 77' lang='lat' dir='ltr'>AEstu</span> <span class='ocrx_word' id='word_1_161' title='bbox 328 2119 422 2150; x_wconf 89' lang='lat' dir='ltr'>nimio</span> <span class='ocrx_word' id='word_1_162' title='bbox 441 2125 560 2161; x_wconf 86' lang='lat' dir='ltr'>pestem</span> <span class='ocrx_word' id='word_1_163' title='bbox 576 2119 608 2150; x_wconf 91' lang='lat' dir='ltr'>in</span> <span class='ocrx_word' id='word_1_164' title='bbox 623 2129 693 2150; x_wconf 86' lang='lat' dir='ltr'>aere</span> <span class='ocrx_word' id='word_1_165' title='bbox 715 2119 800 2161; x_wconf 83' lang='lat' dir='ltr'>gigni</span> <span class='ocrx_word' id='word_1_166' title='bbox 816 2130 873 2161; x_wconf 89' lang='lat' dir='ltr'>pu-</span> 
     </span>
     <span class='ocr_line' id='line_1_34' title="bbox 212 2168 877 2200; baseline 0 -2"><span class='ocrx_word' id='word_1_167' title='bbox 212 2168 323 2199; x_wconf 84' lang='lat' dir='ltr'>tabant</span> <span class='ocrx_word' id='word_1_168' title='bbox 337 2169 479 2200; x_wconf 83' lang='lat' dir='ltr'>Veteres.</span> <span class='ocrx_word' id='word_1_169' title='bbox 506 2168 620 2200; x_wconf 82' lang='lat' dir='ltr'>Pressit</span> <span class='ocrx_word' id='word_1_170' title='bbox 633 2169 715 2199; x_wconf 88' lang='lat' dir='ltr'>bene</span> <span class='ocrx_word' id='word_1_171' title='bbox 731 2168 877 2199; x_wconf 82' lang='lat' dir='ltr'>convenit</span> 
     </span>
     <span class='ocr_line' id='line_1_35' title="bbox 213 2218 875 2259; baseline 0 -11"><span class='ocrx_word' id='word_1_172' title='bbox 213 2218 261 2259; x_wconf 75' lang='grc' dir='ltr'>τῷ</span> <span class='ocrx_word' id='word_1_173' title='bbox 293 2220 394 2257; x_wconf 81' lang='lat' dir='ltr'>spissa.</span> <span class='ocrx_word' id='word_1_174' title='bbox 443 2218 568 2249; x_wconf 88' lang='lat' dir='ltr'>Lucret.</span> <span class='ocrx_word' id='word_1_175' title='bbox 601 2218 681 2248; x_wconf 88' lang='lat'>1117</span> <span class='ocrx_word' id='word_1_176' title='bbox 700 2229 708 2255; x_wconf 88' lang='lat'>;</span> <span class='ocrx_word' id='word_1_177' title='bbox 745 2218 875 2253; x_wconf 86' lang='lat' dir='ltr'>Seneca,</span> 
     </span>
     <span class='ocr_line' id='line_1_36' title="bbox 216 2266 878 2309; baseline -0.002 -12"><span class='ocrx_word' id='word_1_178' title='bbox 216 2266 288 2298; x_wconf 83' lang='lat' dir='ltr'>(Ed.</span> <span class='ocrx_word' id='word_1_179' title='bbox 306 2267 357 2298; x_wconf 88' lang='grc'>47.</span> <span class='ocrx_word' id='word_1_180' title='bbox 377 2269 480 2309; x_wconf 76' lang='lat' dir='ltr'>gravis</span> <span class='ocrx_word' id='word_1_181' title='bbox 503 2274 531 2297; x_wconf 81' lang='lat' dir='ltr'>et</span> <span class='ocrx_word' id='word_1_182' title='bbox 550 2274 616 2297; x_wconf 76' lang='lat' dir='ltr'>atei·</span> <span class='ocrx_word' id='word_1_183' title='bbox 639 2268 763 2298; x_wconf 81' lang='lat' dir='ltr'>incubat</span> <span class='ocrx_word' id='word_1_184' title='bbox 790 2269 878 2297; x_wconf 81' lang='lat' dir='ltr'>terris</span> 
     </span>
     <span class='ocr_line' id='line_1_37' title="bbox 216 2316 878 2358; baseline 0.003 -14"><span class='ocrx_word' id='word_1_185' title='bbox 216 2326 320 2355; x_wconf 68' lang='lat' dir='ltr'>vapor.</span> <span class='ocrx_word' id='word_1_186' title='bbox 368 2316 506 2357; x_wconf 76' lang='lat' dir='ltr'>Ignaros,</span> <span class='ocrx_word' id='word_1_187' title='bbox 522 2316 576 2358; x_wconf 91' lang='lat' dir='ltr'>qui</span> <span class='ocrx_word' id='word_1_188' title='bbox 599 2316 735 2346; x_wconf 89' lang='lat' dir='ltr'>reddunt</span> <span class='ocrx_word' id='word_1_189' title='bbox 749 2317 878 2356; x_wconf 87' lang='lat' dir='ltr'>ignavos</span> 
     </span>
     <span class='ocr_line' id='line_1_38' title="bbox 217 2365 879 2406; baseline 0.002 -12"><span class='ocrx_word' id='word_1_190' title='bbox 217 2370 249 2395; x_wconf 91' lang='lat' dir='ltr'>et</span> <span class='ocrx_word' id='word_1_191' title='bbox 274 2365 460 2406; x_wconf 81' lang='lat' dir='ltr'>languidos:</span> <span class='ocrx_word' id='word_1_192' title='bbox 486 2366 592 2396; x_wconf 82' lang='lat' dir='ltr'>confer</span> <span class='ocrx_word' id='word_1_193' title='bbox 608 2376 731 2396; x_wconf 87' lang='lat' dir='ltr'>versum</span> <span class='ocrx_word' id='word_1_194' title='bbox 753 2366 829 2396; x_wconf 89' lang='lat'>547.</span> <span class='ocrx_word' id='word_1_195' title='bbox 848 2370 879 2396; x_wconf 87' lang='lat' dir='ltr'>et</span> 
     </span>
     <span class='ocr_line' id='line_1_39' title="bbox 217 2414 876 2449; baseline 0.002 -6"><span class='ocrx_word' id='word_1_196' title='bbox 217 2414 409 2449; x_wconf 82' lang='lat' dir='ltr'>Lucretium,</span> <span class='ocrx_word' id='word_1_197' title='bbox 426 2414 466 2444; x_wconf 90' lang='lat' dir='ltr'>vi.</span> <span class='ocrx_word' id='word_1_198' title='bbox 484 2415 578 2445; x_wconf 82' lang='lat'>1154.</span> <span class='ocrx_word' id='word_1_199' title='bbox 624 2415 734 2444; x_wconf 82' lang='lat' dir='ltr'>AEstus</span> <span class='ocrx_word' id='word_1_200' title='bbox 756 2419 788 2444; x_wconf 83' lang='lat' dir='ltr'>et</span> <span class='ocrx_word' id='word_1_201' title='bbox 811 2414 876 2444; x_wconf 88' lang='lat' dir='ltr'>lan-</span> 
     </span>
     <span class='ocr_line' id='line_1_40' title="bbox 215 2462 878 2504; baseline 0.002 -12"><span class='ocrx_word' id='word_1_202' title='bbox 215 2473 293 2503; x_wconf 82' lang='lat' dir='ltr'>guor</span> <span class='ocrx_word' id='word_1_203' title='bbox 316 2462 485 2493; x_wconf 59' lang='lat' dir='ltr'>saevissima</span> <span class='ocrx_word' id='word_1_204' title='bbox 509 2463 602 2504; x_wconf 78' lang='lat' dir='ltr'>hujus</span> <span class='ocrx_word' id='word_1_205' title='bbox 624 2462 721 2493; x_wconf 86' lang='lat' dir='ltr'>morbi</span> <span class='ocrx_word' id='word_1_206' title='bbox 741 2468 878 2504; x_wconf 78' lang='lat' dir='ltr'>sympto-</span> 
     </span>
     <span class='ocr_line' id='line_1_41' title="bbox 219 2517 418 2542; baseline 0.01 -2"><span class='ocrx_word' id='word_1_207' title='bbox 219 2519 302 2541; x_wconf 71' lang='lat' dir='ltr'>mata.</span> <span class='ocrx_word' id='word_1_208' title='bbox 320 2517 418 2542; x_wconf 85' lang='lat' dir='ltr'>erant.</span> 
     </span>
    </p>

    <p class='ocr_par' dir='ltr' id='par_1_12' title="bbox 219 2560 878 2743">
     <span class='ocr_line' id='line_1_42' title="bbox 261 2560 878 2598; baseline 0.002 -8"><span class='ocrx_word' id='word_1_209' title='bbox 261 2560 335 2590; x_wconf 82' lang='lat'>531.</span> <span class='ocrx_word' id='word_1_210' title='bbox 366 2561 455 2591; x_wconf 80' lang='lat' dir='ltr'>Luna</span> <span class='ocrx_word' id='word_1_211' title='bbox 483 2567 630 2590; x_wconf 78' lang='lat' dir='ltr'>tenuatur</span> <span class='ocrx_word' id='word_1_212' title='bbox 660 2566 690 2591; x_wconf 88' lang='lat' dir='ltr'>et</span> <span class='ocrx_word' id='word_1_213' title='bbox 719 2563 878 2598; x_wconf 62' lang='lat' dir='ltr'>retentur,</span> 
     </span>
     <span class='ocr_line' id='line_1_43' title="bbox 219 2609 877 2649; baseline 0.002 -10"><span class='ocrx_word' id='word_1_214' title='bbox 219 2619 314 2649; x_wconf 81' lang='lat' dir='ltr'>quum</span> <span class='ocrx_word' id='word_1_215' title='bbox 331 2609 493 2640; x_wconf 83' lang='lat' dir='ltr'>decrescit.</span> <span class='ocrx_word' id='word_1_216' title='bbox 534 2609 666 2641; x_wconf 66' lang='lat' dir='ltr'>Tenumi</span> <span class='ocrx_word' id='word_1_217' title='bbox 680 2610 804 2640; x_wconf 84' lang='lat' dir='ltr'>omnino</span> <span class='ocrx_word' id='word_1_218' title='bbox 820 2609 877 2640; x_wconf 86' lang='lat' dir='ltr'>ini-</span> 
     </span>
     <span class='ocr_line' id='line_1_44' title="bbox 220 2658 876 2701; baseline 0.003 -13"><span class='ocrx_word' id='word_1_219' title='bbox 220 2658 283 2688; x_wconf 81' lang='lat' dir='ltr'>nui.</span> <span class='ocrx_word' id='word_1_220' title='bbox 318 2659 395 2690; x_wconf 69' lang='lat' dir='ltr'>vid.</span> <span class='ocrx_word' id='word_1_221' title='bbox 418 2659 662 2696; x_wconf 82' lang='lat' dir='ltr'>Erouckliusius,</span> <span class='ocrx_word' id='word_1_222' title='bbox 683 2659 722 2690; x_wconf 84' lang='lat' dir='ltr'>ad</span> <span class='ocrx_word' id='word_1_223' title='bbox 746 2659 876 2701; x_wconf 86' lang='lat' dir='ltr'>Proper-</span> 
     </span>
     <span class='ocr_line' id='line_1_45' title="bbox 220 2706 875 2743; baseline 0.002 -6"><span class='ocrx_word' id='word_1_224' title='bbox 220 2706 309 2743; x_wconf 81' lang='lat' dir='ltr'>tium,</span> <span class='ocrx_word' id='word_1_225' title='bbox 329 2707 389 2738; x_wconf 85' lang='lat'>111.</span> <span class='ocrx_word' id='word_1_226' title='bbox 406 2708 426 2738; x_wconf 90' lang='lat' dir='ltr'>i.</span> <span class='ocrx_word' id='word_1_227' title='bbox 439 2710 468 2739; x_wconf 87' lang='lat'>5.</span> <span class='ocrx_word' id='word_1_228' title='bbox 506 2709 544 2739; x_wconf 88' lang='lat' dir='ltr'>In</span> <span class='ocrx_word' id='word_1_229' title='bbox 562 2709 654 2739; x_wconf 81' lang='lat' dir='ltr'>verbo</span> <span class='ocrx_word' id='word_1_230' title='bbox 671 2715 799 2740; x_wconf 68' lang='lat' dir='ltr'>recem-e</span> <span class='ocrx_word' id='word_1_231' title='bbox 815 2719 875 2739; x_wconf 82' lang='lat' dir='ltr'>uon</span> 
     </span>
    </p>
   </div>
   <div class='ocr_carea' id='block_1_8' title="bbox 934 1334 1607 2750">
    <p class='ocr_par' dir='ltr' id='par_1_13' title="bbox 934 1334 1598 1576">
     <span class='ocr_line' id='line_1_46' title="bbox 934 1334 1597 1374; baseline -0.009 -5"><span class='ocrx_word' id='word_1_232' title='bbox 934 1337 1071 1369; x_wconf 83' lang='lat' dir='ltr'>debebat</span> <span class='ocrx_word' id='word_1_233' title='bbox 1097 1335 1296 1368; x_wconf 83' lang='lat' dir='ltr'>Schirachius</span> <span class='ocrx_word' id='word_1_234' title='bbox 1320 1334 1448 1365; x_wconf 87' lang='lat' dir='ltr'>haerere.</span> <span class='ocrx_word' id='word_1_235' title='bbox 1495 1334 1597 1374; x_wconf 84' lang='lat' dir='ltr'>Saepe,</span> 
     </span>
     <span class='ocr_line' id='line_1_47' title="bbox 935 1383 1598 1429; baseline -0.009 -11"><span class='ocrx_word' id='word_1_236' title='bbox 935 1388 1030 1418; x_wconf 80' lang='lat' dir='ltr'>etiam</span> <span class='ocrx_word' id='word_1_237' title='bbox 1048 1387 1131 1429; x_wconf 84' lang='lat' dir='ltr'>apud</span> <span class='ocrx_word' id='word_1_238' title='bbox 1148 1387 1330 1418; x_wconf 86' lang='lat' dir='ltr'>Ciceronem</span> <span class='ocrx_word' id='word_1_239' title='bbox 1353 1390 1400 1415; x_wconf 88' lang='lat' dir='ltr'>est</span> <span class='ocrx_word' id='word_1_240' title='bbox 1417 1383 1598 1414; x_wconf 85' lang='lat' dir='ltr'>dissolvere.</span> 
     </span>
     <span class='ocr_line' id='line_1_48' title="bbox 935 1432 1596 1474; baseline -0.011 -6"><span class='ocrx_word' id='word_1_241' title='bbox 935 1437 1018 1467; x_wconf 77' lang='lat' dir='ltr'>Vide</span> <span class='ocrx_word' id='word_1_242' title='bbox 1035 1435 1182 1467; x_wconf 88' lang='lat' dir='ltr'>Gronovii</span> <span class='ocrx_word' id='word_1_243' title='bbox 1199 1435 1277 1466; x_wconf 80' lang='lat' dir='ltr'>Obs.</span> <span class='ocrx_word' id='word_1_244' title='bbox 1292 1434 1333 1464; x_wconf 89' lang='lat' dir='ltr'>iv.</span> <span class='ocrx_word' id='word_1_245' title='bbox 1349 1445 1380 1474; x_wconf 88' lang='lat' dir='ltr'>p.</span> <span class='ocrx_word' id='word_1_246' title='bbox 1393 1433 1475 1471; x_wconf 87' lang='lat'>706;</span> <span class='ocrx_word' id='word_1_247' title='bbox 1499 1432 1596 1463; x_wconf 76' lang='lat' dir='ltr'>Clau-</span> 
     </span>
     <span class='ocr_line' id='line_1_49' title="bbox 935 1481 1597 1518; baseline -0.008 -2"><span class='ocrx_word' id='word_1_248' title='bbox 935 1486 1021 1516; x_wconf 85' lang='lat' dir='ltr'>dian.</span> <span class='ocrx_word' id='word_1_249' title='bbox 1039 1484 1147 1516; x_wconf 81' lang='lat' dir='ltr'>xxviii.</span> <span class='ocrx_word' id='word_1_250' title='bbox 1173 1485 1242 1515; x_wconf 86' lang='lat'>133.</span> <span class='ocrx_word' id='word_1_251' title='bbox 1268 1490 1401 1514; x_wconf 67' lang='lat' dir='ltr'>retexere</span> <span class='ocrx_word' id='word_1_252' title='bbox 1425 1484 1493 1518; x_wconf 79' lang='lat' dir='ltr'>iter,</span> <span class='ocrx_word' id='word_1_253' title='bbox 1518 1481 1597 1512; x_wconf 85' lang='lat' dir='ltr'>rele-</span> 
     </span>
     <span class='ocr_line' id='line_1_50' title="bbox 937 1545 1021 1576; baseline 0 -11"><span class='ocrx_word' id='word_1_254' title='bbox 937 1545 1021 1576; x_wconf 83' lang='lat' dir='ltr'>gere.</span> 
     </span>
    </p>

    <p class='ocr_par' dir='ltr' id='par_1_14' title="bbox 939 1579 1606 2252">
     <span class='ocr_line' id='line_1_51' title="bbox 983 1579 1600 1623; baseline -0.008 -9"><span class='ocrx_word' id='word_1_255' title='bbox 983 1584 1059 1614; x_wconf 85' lang='lat'>533.</span> <span class='ocrx_word' id='word_1_256' title='bbox 1088 1582 1125 1613; x_wconf 88' lang='lat' dir='ltr'>In</span> <span class='ocrx_word' id='word_1_257' title='bbox 1140 1582 1247 1623; x_wconf 78' lang='lat' dir='ltr'>jbntes</span> <span class='ocrx_word' id='word_1_258' title='bbox 1272 1583 1379 1612; x_wconf 51' lang='lat' dir='ltr'>¹citium</span> <span class='ocrx_word' id='word_1_259' title='bbox 1407 1582 1527 1615; x_wconf 73' lang='lat' dir='ltr'>venisse,</span> <span class='ocrx_word' id='word_1_260' title='bbox 1555 1579 1600 1608; x_wconf 83' lang='lat' dir='ltr'>la-</span> 
     </span>
     <span class='ocr_line' id='line_1_52' title="bbox 940 1628 1600 1672; baseline -0.009 -9"><span class='ocrx_word' id='word_1_261' title='bbox 940 1644 1058 1672; x_wconf 78' lang='lat' dir='ltr'>cusque.</span> <span class='ocrx_word' id='word_1_262' title='bbox 1117 1631 1291 1667; x_wconf 87' lang='lat' dir='ltr'>Lucretius,</span> <span class='ocrx_word' id='word_1_263' title='bbox 1319 1629 1361 1660; x_wconf 87' lang='lat' dir='ltr'>vi.</span> <span class='ocrx_word' id='word_1_264' title='bbox 1390 1630 1492 1659; x_wconf 83' lang='lat'>1123:</span> <span class='ocrx_word' id='word_1_265' title='bbox 1526 1628 1600 1657; x_wconf 61' lang='lat' dir='ltr'>Hac</span> 
     </span>
     <span class='ocr_line' id='line_1_53' title="bbox 939 1678 1601 1723; baseline -0.009 -11"><span class='ocrx_word' id='word_1_266' title='bbox 939 1682 1229 1723; x_wconf 80' lang='lat' dir='ltr'>igitur—pestilitas</span> <span class='ocrx_word' id='word_1_267' title='bbox 1249 1682 1312 1710; x_wconf 78' lang='lat' dir='ltr'>Aut</span> <span class='ocrx_word' id='word_1_268' title='bbox 1337 1682 1370 1710; x_wconf 83' lang='lat' dir='ltr'>in</span> <span class='ocrx_word' id='word_1_269' title='bbox 1393 1689 1486 1719; x_wconf 75' lang='lat' dir='ltr'>aquus</span> <span class='ocrx_word' id='word_1_270' title='bbox 1505 1678 1601 1712; x_wconf 83' lang='lat' dir='ltr'>cadit,</span> 
     </span>
     <span class='ocr_line' id='line_1_54' title="bbox 939 1726 1602 1772; baseline -0.008 -11"><span class='ocrx_word' id='word_1_271' title='bbox 939 1738 995 1761; x_wconf 76' lang='lat' dir='ltr'>aut</span> <span class='ocrx_word' id='word_1_272' title='bbox 1009 1731 1124 1772; x_wconf 75' lang='lat' dir='ltr'>fruges</span> <span class='ocrx_word' id='word_1_273' title='bbox 1143 1731 1269 1770; x_wconf 83' lang='lat' dir='ltr'>persidit</span> <span class='ocrx_word' id='word_1_274' title='bbox 1288 1732 1319 1759; x_wconf 85' lang='lat' dir='ltr'>in</span> <span class='ocrx_word' id='word_1_275' title='bbox 1338 1730 1437 1768; x_wconf 81' lang='lat' dir='ltr'>ips‹1s;</span> <span class='ocrx_word' id='word_1_276' title='bbox 1462 1726 1602 1758; x_wconf 79' lang='lat' dir='ltr'>consera-</span> 
     </span>
     <span class='ocr_line' id='line_1_55' title="bbox 940 1775 1603 1820; baseline -0.008 -10"><span class='ocrx_word' id='word_1_277' title='bbox 940 1785 989 1810; x_wconf 87' lang='lat' dir='ltr'>tur</span> <span class='ocrx_word' id='word_1_278' title='bbox 1019 1779 1181 1820; x_wconf 75' lang='lat' dir='ltr'>Virgilius,</span> <span class='ocrx_word' id='word_1_279' title='bbox 1211 1778 1328 1819; x_wconf 83' lang='lat' dir='ltr'>Georg.</span> <span class='ocrx_word' id='word_1_280' title='bbox 1356 1777 1402 1807; x_wconf 91' lang='lat' dir='ltr'>iii.</span> <span class='ocrx_word' id='word_1_281' title='bbox 1429 1777 1503 1807; x_wconf 87' lang='lat'>480.</span> <span class='ocrx_word' id='word_1_282' title='bbox 1551 1775 1603 1805; x_wconf 81' lang='lat' dir='ltr'>Vi-</span> 
     </span>
     <span class='ocr_line' id='line_1_56' title="bbox 939 1826 1602 1868; baseline -0.008 -9"><span class='ocrx_word' id='word_1_283' title='bbox 939 1831 1034 1865; x_wconf 76' lang='lat' dir='ltr'>tinm3</span> <span class='ocrx_word' id='word_1_284' title='bbox 1052 1828 1130 1859; x_wconf 87' lang='lat' dir='ltr'>aeris</span> <span class='ocrx_word' id='word_1_285' title='bbox 1141 1827 1381 1868; x_wconf 82' lang='lat' dir='ltr'>corruptionem.</span> <span class='ocrx_word' id='word_1_286' title='bbox 1406 1826 1602 1864; x_wconf 79' lang='lat' dir='ltr'>Serpentum,-</span> 
     </span>
     <span class='ocr_line' id='line_1_57' title="bbox 941 1874 1603 1920; baseline -0.006 -11"><span class='ocrx_word' id='word_1_287' title='bbox 941 1889 1025 1920; x_wconf 89' lang='lat' dir='ltr'>aqua</span> <span class='ocrx_word' id='word_1_288' title='bbox 1048 1877 1254 1919; x_wconf 87' lang='lat' dir='ltr'>corrumpitur</span> <span class='ocrx_word' id='word_1_289' title='bbox 1275 1876 1388 1919; x_wconf 82' lang='lat' dir='ltr'>partim</span> <span class='ocrx_word' id='word_1_290' title='bbox 1410 1875 1486 1906; x_wconf 82' lang='lat' dir='ltr'>vitio</span> <span class='ocrx_word' id='word_1_291' title='bbox 1511 1874 1603 1911; x_wconf 89' lang='lat' dir='ltr'>aeris,</span> 
     </span>
     <span class='ocr_line' id='line_1_58' title="bbox 941 1924 1604 1968; baseline -0.006 -10"><span class='ocrx_word' id='word_1_292' title='bbox 941 1927 1054 1968; x_wconf 78' lang='lat' dir='ltr'>partim</span> <span class='ocrx_word' id='word_1_293' title='bbox 1071 1926 1233 1958; x_wconf 88' lang='lat' dir='ltr'>venenosis</span> <span class='ocrx_word' id='word_1_294' title='bbox 1259 1925 1466 1968; x_wconf 81' lang='lat' dir='ltr'>serpentibus.</span> <span class='ocrx_word' id='word_1_295' title='bbox 1505 1924 1604 1955; x_wconf 88' lang='lat' dir='ltr'>Teme-</span> 
     </span>
     <span class='ocr_line' id='line_1_59' title="bbox 941 1973 1604 2018; baseline -0.005 -11"><span class='ocrx_word' id='word_1_296' title='bbox 941 1978 1020 2007; x_wconf 77' lang='lat' dir='ltr'>rdsse</span> <span class='ocrx_word' id='word_1_297' title='bbox 1032 1988 1043 2014; x_wconf 88' lang='lat'>‚·</span> <span class='ocrx_word' id='word_1_298' title='bbox 1061 1975 1220 2018; x_wconf 89' lang='lat' dir='ltr'>polluisse.</span> <span class='ocrx_word' id='word_1_299' title='bbox 1234 1975 1317 2007; x_wconf 90' lang='lat' dir='ltr'>Vide</span> <span class='ocrx_word' id='word_1_300' title='bbox 1330 1975 1369 2006; x_wconf 88' lang='lat' dir='ltr'>ad</span> <span class='ocrx_word' id='word_1_301' title='bbox 1383 1975 1415 2006; x_wconf 89' lang='lat' dir='ltr'>ii.</span> <span class='ocrx_word' id='word_1_302' title='bbox 1427 1975 1500 2005; x_wconf 80' lang='lat'>592.</span> <span class='ocrx_word' id='word_1_303' title='bbox 1523 1973 1604 2004; x_wconf 85' lang='lat' dir='ltr'>Mis-</span> 
     </span>
     <span class='ocr_line' id='line_1_60' title="bbox 942 2024 1605 2065; baseline -0.005 -9"><span class='ocrx_word' id='word_1_304' title='bbox 942 2026 1008 2057; x_wconf 79' lang='lat' dir='ltr'>cuit</span> <span class='ocrx_word' id='word_1_305' title='bbox 1029 2031 1133 2057; x_wconf 83' lang='lat' dir='ltr'>autem</span> <span class='ocrx_word' id='word_1_306' title='bbox 1158 2025 1292 2056; x_wconf 87' lang='lat' dir='ltr'>Ovidius</span> <span class='ocrx_word' id='word_1_307' title='bbox 1315 2024 1460 2062; x_wconf 87' lang='lat' dir='ltr'>diversa;</span> <span class='ocrx_word' id='word_1_308' title='bbox 1492 2032 1605 2065; x_wconf 86' lang='lat' dir='ltr'>nempe</span> 
     </span>
     <span class='ocr_line' id='line_1_61' title="bbox 942 2072 1605 2115; baseline -0.005 -10"><span class='ocrx_word' id='word_1_309' title='bbox 942 2074 1115 2105; x_wconf 88' lang='lat' dir='ltr'>secundum</span> <span class='ocrx_word' id='word_1_310' title='bbox 1132 2074 1308 2115; x_wconf 89' lang='lat' dir='ltr'>Hyginum,</span> <span class='ocrx_word' id='word_1_311' title='bbox 1325 2073 1434 2104; x_wconf 83' lang='lat' dir='ltr'>sabula</span> <span class='ocrx_word' id='word_1_312' title='bbox 1448 2073 1500 2103; x_wconf 81' lang='lat'>52.</span> <span class='ocrx_word' id='word_1_313' title='bbox 1519 2072 1605 2104; x_wconf 90' lang='lat' dir='ltr'>Juno</span> 
     </span>
     <span class='ocr_line' id='line_1_62' title="bbox 943 2123 1606 2163; baseline -0.003 -10"><span class='ocrx_word' id='word_1_314' title='bbox 943 2123 1022 2154; x_wconf 84' lang='lat' dir='ltr'>irata</span> <span class='ocrx_word' id='word_1_315' title='bbox 1046 2129 1207 2163; x_wconf 77' lang='lat' dir='ltr'>serpentem</span> <span class='ocrx_word' id='word_1_316' title='bbox 1232 2125 1265 2152; x_wconf 80' lang='lat' dir='ltr'>in</span> <span class='ocrx_word' id='word_1_317' title='bbox 1293 2134 1400 2162; x_wconf 81' lang='lat' dir='ltr'>aquam</span> <span class='ocrx_word' id='word_1_318' title='bbox 1424 2123 1516 2156; x_wconf 83' lang='lat' dir='ltr'>misit,</span> <span class='ocrx_word' id='word_1_319' title='bbox 1543 2132 1606 2161; x_wconf 82' lang='lat' dir='ltr'>quoe</span> 
     </span>
     <span class='ocr_line' id='line_1_63' title="bbox 942 2170 1606 2212; baseline -0.005 -9"><span class='ocrx_word' id='word_1_320' title='bbox 942 2183 1006 2203; x_wconf 84' lang='lat' dir='ltr'>eam</span> <span class='ocrx_word' id='word_1_321' title='bbox 1026 2179 1199 2203; x_wconf 78' lang='lat' dir='ltr'>venenaret.</span> <span class='ocrx_word' id='word_1_322' title='bbox 1236 2172 1283 2202; x_wconf 82' lang='lat' dir='ltr'>Ex</span> <span class='ocrx_word' id='word_1_323' title='bbox 1310 2181 1373 2212; x_wconf 87' lang='lat' dir='ltr'>qua</span> <span class='ocrx_word' id='word_1_324' title='bbox 1395 2170 1448 2212; x_wconf 91' lang='lat' dir='ltr'>qui</span> <span class='ocrx_word' id='word_1_325' title='bbox 1473 2170 1606 2205; x_wconf 86' lang='lat' dir='ltr'>biberat,</span> 
     </span>
     <span class='ocr_line' id='line_1_64' title="bbox 944 2221 1146 2252; baseline -0.005 0"><span class='ocrx_word' id='word_1_326' title='bbox 944 2221 1146 2252; x_wconf 81' lang='lat' dir='ltr'>moriebatur.</span> 
     </span>
    </p>

    <p class='ocr_par' dir='ltr' id='par_1_15' title="bbox 942 2267 1607 2750">
     <span class='ocr_line' id='line_1_65' title="bbox 987 2267 1602 2312; baseline -0.007 -10"><span class='ocrx_word' id='word_1_327' title='bbox 987 2271 1061 2302; x_wconf 83' lang='lat'>536.</span> <span class='ocrx_word' id='word_1_328' title='bbox 1095 2271 1202 2312; x_wconf 80' lang='lat' dir='ltr'>Strage</span> <span class='ocrx_word' id='word_1_329' title='bbox 1238 2280 1348 2300; x_wconf 78' lang='lat' dir='ltr'>canum</span> <span class='ocrx_word' id='word_1_330' title='bbox 1381 2270 1491 2308; x_wconf 79' lang='lat' dir='ltr'>prima,</span> <span class='ocrx_word' id='word_1_331' title='bbox 1518 2267 1602 2308; x_wconf 79' lang='lat' dir='ltr'>etc-J</span> 
     </span>
     <span class='ocr_line' id='line_1_66' title="bbox 946 2316 1605 2360; baseline -0.005 -10"><span class='ocrx_word' id='word_1_332' title='bbox 946 2320 1023 2350; x_wconf 85' lang='lat' dir='ltr'>Haec</span> <span class='ocrx_word' id='word_1_333' title='bbox 1055 2330 1093 2350; x_wconf 86' lang='lat' dir='ltr'>ex</span> <span class='ocrx_word' id='word_1_334' title='bbox 1120 2318 1238 2350; x_wconf 86' lang='lat' dir='ltr'>Iliados</span> <span class='ocrx_word' id='word_1_335' title='bbox 1260 2319 1289 2349; x_wconf 92' lang='lat' dir='ltr'>I.</span> <span class='ocrx_word' id='word_1_336' title='bbox 1319 2323 1443 2360; x_wconf 87' lang='lat' dir='ltr'>sumpta</span> <span class='ocrx_word' id='word_1_337' title='bbox 1468 2327 1535 2348; x_wconf 80' lang='lat' dir='ltr'>esse</span> <span class='ocrx_word' id='word_1_338' title='bbox 1559 2316 1605 2347; x_wconf 91' lang='lat' dir='ltr'>vi-</span> 
     </span>
     <span class='ocr_line' id='line_1_67' title="bbox 945 2365 1607 2406; baseline -0.005 -7"><span class='ocrx_word' id='word_1_339' title='bbox 945 2368 1079 2406; x_wconf 80' lang='lat' dir='ltr'>dentur3</span> <span class='ocrx_word' id='word_1_340' title='bbox 1117 2378 1188 2399; x_wconf 83' lang='lat' dir='ltr'>nam</span> <span class='ocrx_word' id='word_1_341' title='bbox 1218 2368 1382 2403; x_wconf 86' lang='lat' dir='ltr'>Homerus,</span> <span class='ocrx_word' id='word_1_342' title='bbox 1413 2365 1497 2397; x_wconf 86' lang='lat' dir='ltr'>dicto</span> <span class='ocrx_word' id='word_1_343' title='bbox 1526 2367 1607 2401; x_wconf 86' lang='lat' dir='ltr'>loco,</span> 
     </span>
     <span class='ocr_line' id='line_1_68' title="bbox 946 2415 1605 2458; baseline -0.005 -10"><span class='ocrx_word' id='word_1_344' title='bbox 946 2428 1035 2448; x_wconf 86' lang='lat' dir='ltr'>versu</span> <span class='ocrx_word' id='word_1_345' title='bbox 1051 2418 1104 2448; x_wconf 82' lang='lat'>50.</span> <span class='ocrx_word' id='word_1_346' title='bbox 1129 2422 1248 2458; x_wconf 80' lang='lat' dir='ltr'>pestem</span> <span class='ocrx_word' id='word_1_347' title='bbox 1271 2416 1302 2446; x_wconf 90' lang='lat' dir='ltr'>in</span> <span class='ocrx_word' id='word_1_348' title='bbox 1322 2416 1494 2446; x_wconf 78' lang='lat' dir='ltr'>exercitum</span> <span class='ocrx_word' id='word_1_349' title='bbox 1515 2415 1605 2446; x_wconf 84' lang='lat' dir='ltr'>Grae—</span> 
     </span>
     <span class='ocr_line' id='line_1_69' title="bbox 946 2463 1606 2506; baseline -0.003 -11"><span class='ocrx_word' id='word_1_350' title='bbox 946 2476 1049 2496; x_wconf 88' lang='lat' dir='ltr'>corum</span> <span class='ocrx_word' id='word_1_351' title='bbox 1080 2465 1237 2506; x_wconf 88' lang='lat' dir='ltr'>Apollinis</span> <span class='ocrx_word' id='word_1_352' title='bbox 1274 2465 1319 2495; x_wconf 83' lang='lat' dir='ltr'>ira</span> <span class='ocrx_word' id='word_1_353' title='bbox 1347 2464 1516 2495; x_wconf 85' lang='lat' dir='ltr'>immissam</span> <span class='ocrx_word' id='word_1_354' title='bbox 1551 2463 1606 2494; x_wconf 88' lang='lat' dir='ltr'>de-</span> 
     </span>
     <span class='ocr_line' id='line_1_70' title="bbox 946 2514 1606 2555; baseline -0.003 -10"><span class='ocrx_word' id='word_1_355' title='bbox 946 2515 1095 2551; x_wconf 84' lang='lat' dir='ltr'>scribens,</span> <span class='ocrx_word' id='word_1_356' title='bbox 1126 2514 1188 2545; x_wconf 80' lang='lat' dir='ltr'>ait:</span> <span class='ocrx_word' id='word_1_357' title='bbox 1215 2514 1344 2555; x_wconf 82' lang='grc' dir='ltr'><em>Οὑρῆας</em></span> <span class='ocrx_word' id='word_1_358' title='bbox 1377 2514 1438 2555; x_wconf 84' lang='grc' dir='ltr'>μὲν</span> <span class='ocrx_word' id='word_1_359' title='bbox 1474 2515 1606 2554; x_wconf 80' lang='grc' dir='ltr'>πρῶτον</span> 
     </span>
     <span class='ocr_line' id='line_1_71' title="bbox 946 2562 1607 2605; baseline -0.005 -10"><span class='ocrx_word' id='word_1_360' title='bbox 946 2563 1103 2605; x_wconf 73' lang='grc' dir='ltr'>ἐπῴχετο,</span> <span class='ocrx_word' id='word_1_361' title='bbox 1126 2563 1178 2595; x_wconf 82' lang='grc' dir='ltr'>καὶ</span> <span class='ocrx_word' id='word_1_362' title='bbox 1201 2563 1303 2600; x_wconf 81' lang='grc' dir='ltr'><em>κύνας</em></span> <span class='ocrx_word' id='word_1_363' title='bbox 1325 2562 1461 2605; x_wconf 75' lang='grc' dir='ltr'><strong>ἀργούς.</strong></span> <span class='ocrx_word' id='word_1_364' title='bbox 1507 2562 1557 2593; x_wconf 85' lang='lat' dir='ltr'>Sic</span> <span class='ocrx_word' id='word_1_365' title='bbox 1574 2567 1607 2592; x_wconf 79' lang='lat' dir='ltr'>et</span> 
     </span>
     <span class='ocr_line' id='line_1_72' title="bbox 945 2612 1606 2654; baseline -0.003 -11"><span class='ocrx_word' id='word_1_366' title='bbox 945 2613 1106 2653; x_wconf 83' lang='lat' dir='ltr'>Virgilius,</span> <span class='ocrx_word' id='word_1_367' title='bbox 1123 2612 1206 2643; x_wconf 78' lang='lat' dir='ltr'>(licto</span> <span class='ocrx_word' id='word_1_368' title='bbox 1221 2613 1288 2643; x_wconf 89' lang='lat' dir='ltr'>loco</span> <span class='ocrx_word' id='word_1_369' title='bbox 1301 2625 1307 2643; x_wconf 92' lang='lat'><strong>:</strong></span> <span class='ocrx_word' id='word_1_370' title='bbox 1331 2623 1427 2654; x_wconf 81' lang='lat' dir='ltr'>genus</span> <span class='ocrx_word' id='word_1_371' title='bbox 1441 2623 1524 2643; x_wconf 80' lang='lat' dir='ltr'>omne</span> <span class='ocrx_word' id='word_1_372' title='bbox 1539 2613 1606 2642; x_wconf 77' lang='lat' dir='ltr'>neci</span> 
     </span>
     <span class='ocr_line' id='line_1_73' title="bbox 942 2660 1604 2703; baseline -0.002 -12"><span class='ocrx_word' id='word_1_373' title='bbox 942 2664 1089 2701; x_wconf 79' lang='lat' dir='ltr'>pecudum</span> <span class='ocrx_word' id='word_1_374' title='bbox 1117 2664 1210 2697; x_wconf 76' lang='lat' dir='ltr'>dedit,</span> <span class='ocrx_word' id='word_1_375' title='bbox 1239 2672 1321 2692; x_wconf 83' lang='lat' dir='ltr'>omne</span> <span class='ocrx_word' id='word_1_376' title='bbox 1340 2662 1496 2703; x_wconf 79' lang='lat' dir='ltr'>ferarum.</span> <span class='ocrx_word' id='word_1_377' title='bbox 1543 2660 1604 2691; x_wconf 79' lang='lat' dir='ltr'>Dc-</span> 
     </span>
     <span class='ocr_line' id='line_1_74' title="bbox 942 2710 1303 2750; baseline 0.003 -10"><span class='ocrx_word' id='word_1_378' title='bbox 942 2723 1060 2750; x_wconf 62' lang='lat' dir='ltr'>poensn,</span> <span class='ocrx_word' id='word_1_379' title='bbox 1077 2710 1303 2742; x_wconf 77' lang='lat' dir='ltr'>animadversa.</span> 
     </span>
    </p>
   </div>
  </div>
 </body>
</html>
