1729 3207
449 210 1102 256 METAMORPHOSEON.
1428 213 1468 254 lv

81 330 223 372 liberis
257 329 348 384 ejus
381 328 590 377 omnibus,
625 328 669 368 in
703 341 853 367 saxum
887 325 1103 366 obduruit.
1164 324 1264 372 Quo
1295 326 1465 380 quidem

82 409 264 465 cognito,
292 422 401 448 unus
429 422 452 448 e
477 406 606 462 vulgo
631 407 791 462 Lycios
822 406 999 446 rusticos
1022 405 1066 445 in
1095 420 1224 446 ranas
1250 420 1275 445 a
1299 405 1468 447 Latona

81 502 238 536 versos,
261 486 367 528 alter
394 486 621 541 Marsyam
648 486 702 526 ab
726 483 926 539 Apolline
951 483 1213 524 excoriatum
1242 483 1286 523 in
1313 498 1468 524 memo-

81 566 185 607 riam
214 565 439 606 revocavit.
491 564 666 605 Nioben
690 561 809 617 luget
830 562 1001 617 Pelops,
1024 562 1093 602 cui
1119 561 1321 602 humerus
1343 563 1468 603 ebur-

81 659 184 686 neus
213 644 337 685 datus
365 650 469 684 erat.
532 642 619 683 Sed
644 641 699 682 ad
727 639 1006 682 consolandos
1035 639 1270 680 Thebanos
1298 640 1466 681 urbium

81 722 353 762 finitimarum
369 720 500 776 legati
516 725 818 761 convenerunt.
867 717 956 758 Soli
973 717 1149 758 deerant
1164 717 1467 768 Athenienses,

81 801 277 856 quoniam
309 815 334 840 a
356 799 549 841 barbaris
571 797 808 852 agminibus
830 795 1154 844 infestabantur,
1178 811 1283 849 quos
1314 796 1469 837 Tereus

81 879 206 928 fudit,
230 878 298 920 cui
320 877 516 920 Pandion
536 876 729 917 Procnen
745 875 787 915 in
807 874 1117 914 matrimonium
1139 874 1270 914 dedit.
1323 874 1365 914 Is
1387 874 1469 915 alio

80 964 273 1013 tempore
301 955 497 998 Athenas
529 970 738 1003 reversus,
764 969 895 1009 quum
915 954 1202 1002 Philomelam,
1229 954 1373 994 uxoris
1405 970 1470 995 so—

78 1051 231 1085 rorem,
254 1050 397 1078 secum
416 1035 680 1082 abduxisset,
703 1048 753 1074 ea
781 1041 989 1087 stuprata,
1010 1031 1188 1087 aliisque
1210 1031 1468 1074 facinoribus

80 1115 349 1170 perpetratis,
378 1115 420 1155 in
448 1129 631 1169 upupam
661 1120 726 1153 est
752 1111 1089 1160 transformatus,
1112 1110 1469 1165 quemadmodum

81 1194 313 1235 Philomela
343 1194 387 1234 in
414 1192 645 1241 lusciniam,
672 1191 837 1231 Procne
863 1189 905 1229 in
933 1189 1204 1229 hirundinem.
1258 1188 1369 1235 Quae
1401 1204 1468 1230 res

82 1271 292 1313 Pandioni
322 1269 539 1312 intellecta
568 1276 744 1311 mortem
776 1267 930 1310 attulit.
994 1267 1108 1308 Huic
1141 1267 1184 1307 in
1212 1282 1344 1322 regno
1376 1283 1470 1310 suc-

80 1350 205 1391 cessit
225 1349 501 1398 Ereehtheus,
531 1349 652 1403 cujus
678 1347 809 1388 filiam
849 1346 1088 1401 Orithyiam
1119 1345 1280 1387 Boreas
1311 1348 1467 1402 rapuit,

80 1435 207 1483 atque
233 1443 288 1469 ex
315 1435 439 1483 rapta
462 1428 615 1469 Calain
641 1426 879 1482 procreavit
906 1433 949 1467 et
970 1425 1145 1474 Zethen,
1168 1426 1241 1479 qui
1262 1426 1305 1466 in
1327 1426 1468 1481 Argo-

80 1513 304 1548 nautarum
324 1520 500 1547 numero
521 1505 710 1554 fuerunt,
733 1519 863 1559 quum

137 1585 234 1626 Lib.
257 1584 360 1626 VII.
383 1584 534 1634 Jason,
557 1585 677 1626 victis
703 1585 870 1626 Medeae
898 1582 1058 1624 auxilio
1079 1583 1209 1623 tauris
1236 1583 1377 1638 ignem
1397 1600 1468 1625 vo-

80 1663 306 1712 mentibus,
330 1663 542 1703 seminatis
574 1662 782 1717 serpentis
815 1662 1017 1709 (lentibus,
1050 1675 1073 1701 e
1105 1661 1260 1715 quibus
1287 1662 1469 1704 homines

79 1741 232 1783 armati
251 1740 519 1796 prodierunt,
537 1747 580 1781 et
595 1740 780 1780 dracone
803 1739 956 1792 sopito,
974 1739 1103 1779 vellus
1123 1754 1292 1780 azo-eum
1308 1741 1465 1783 retulit.

81 1819 254 1869 Medea,
290 1818 494 1860 Jasonem
525 1820 568 1859 in
601 1819 816 1860 Graeciam
849 1819 1062 1868 comitata,
1098 1819 1256 1860 AEsoni
1287 1822 1469 1863 medica-

78 1905 315 1939 mentorum
331 1912 412 1953 ope
427 1898 694 1953 juventutem
716 1898 918 1948 reddidit,
937 1898 1215 1953 eamdemque
1229 1899 1363 1940 Peliae
1378 1900 1470 1955 pol-

78 1975 207 2026 licita,
228 1977 446 2032 praemisso
467 1978 614 2019 arietis
633 1978 677 2018 in
697 1993 850 2034 agnum
871 1977 1087 2019 reformati
1104 1978 1346 2032 specimine,
1369 1979 1469 2021 dolo

81 2069 177 2097 eum
196 2055 364 2097 occidit.
427 2055 534 2098 Inde
553 2071 633 2111 per
652 2057 769 2097 varia
788 2055 882 2098 loca
905 2057 1043 2097 multis
1063 2057 1243 2111 insignia
1264 2060 1470 2113 transfor-

79 2133 326 2175 mationibus
356 2133 513 2183 delata,
541 2142 638 2189 post
669 2135 829 2176 occisos
858 2135 1013 2176 liberos
1035 2135 1182 2191 AEgeo
1214 2137 1359 2190 nupsit
1389 2138 1468 2178 sub

81 2211 308 2253 adventum
335 2212 499 2262 Thesei,
520 2228 646 2267 quem
666 2228 790 2268 paene
811 2229 974 2255 veneno
994 2213 1289 2255 interfecisset.
1336 2215 1469 2269 AEgei

81 2290 236 2345 gaudia
265 2290 319 2331 de
343 2289 431 2331 filio
459 2298 635 2346 recepto
660 2293 806 2333 turbat
830 2291 991 2340 Minos,
1012 2290 1170 2332 bellum
1200 2299 1346 2333 contra
1371 2308 1469 2334 eum

81 2384 249 2424 parans,
278 2369 464 2412 collectis
496 2372 685 2427 undique
715 2372 863 2427 copiis,
889 2371 1016 2412 etiam
1048 2385 1070 2411 e
1104 2370 1232 2421 Paro,
1259 2373 1334 2414 ubi
1354 2372 1470 2414 Arne

82 2447 125 2488 in
150 2448 405 2489 monedulam
435 2448 573 2490 filerat
597 2464 814 2499 conversa,
838 2450 1109 2504 AEaeumque
1136 2450 1180 2493 in
1206 2457 1350 2504 partes
1372 2466 1469 2492 suas

82 2525 250 2567 trahere
273 2528 463 2582 cupiens.
515 2527 578 2570 At
597 2527 666 2569 ille
688 2529 741 2569 ab
763 2528 908 2583 AEgeo
933 2528 1064 2577 stetit,
1087 2535 1129 2568 et
1151 2528 1205 2568 ad
1226 2542 1323 2569 eum
1344 2529 1470 2584 Myr-

81 2603 262 2645 midones
281 2619 393 2654 suos,
411 2612 508 2660 post
528 2621 700 2661 gravem
720 2613 884 2660 pestem
905 2620 927 2646 e
936 2605 1139 2660 formicis
1159 2613 1290 2654 ortos,
1312 2606 1469 2647 auxilio

82 2681 205 2731 misit,
236 2682 345 2724 duce
384 2683 571 2739 Cephalo
604 2684 874 2734 Atheniensi,
908 2686 980 2739 qui
1013 2684 1175 2733 Phoco,
1206 2684 1333 2726 AEaci
1365 2684 1468 2734 filio,

82 2768 238 2810 narrat,
260 2763 473 2816 quomodo
497 2764 553 2803 ab
575 2762 745 2804 Aurora
770 2770 813 2803 et
836 2769 984 2816 raptus
1009 2770 1051 2803 et
1079 2763 1166 2802 alia
1176 2763 1326 2816 forma
1347 2763 1470 2805 indu-
