1763 3181
385 183 1004 226 METAMORPHOSEON
1038 183 1158 224 LIB.
1193 183 1258 224 II.

1432 186 1516 226 1923

137 301 534 365 Sperantemque
560 301 653 347 sibi
678 316 775 347 non
799 299 933 347 falsae
959 299 1163 363 praemia
1186 299 1383 361 linguae,

136 378 272 425 Inter
297 394 411 425 aves
437 378 575 425 albas
599 378 757 425 vetuit
781 377 1038 424 considere
1064 393 1281 424 corvum.

202 455 263 502 V.
304 454 513 502 Semifer
532 452 722 503 interea
745 455 920 503 div'inae
947 454 1113 518 stirpis
1140 455 1338 502 alumno

138 530 304 579 Laetus
329 539 460 589 erat3
500 532 758 595 mixtoque
783 532 918 580 oneri
943 532 1194 594 gaudebat
1217 532 1418 580 honore.

138 608 271 656 Ecce
294 609 431 657 venit
454 609 612 657 rutilis
638 610 867 656 humeros
894 616 1122 672 protecta
1145 608 1338 672 capillis

1426 612 1520 659 635

139 685 264 732 Filia
278 686 540 743 Centauri3
571 702 721 749 quam
742 685 994 749 quondam
1016 685 1254 749 Nympha
1272 686 1519 742 Chariclo,

138 762 377 810 Fluminis
403 763 453 810 in
478 762 637 827 rapidi
662 762 781 827 ripis
808 762 971 818 enixa,
999 763 1194 810 vocavit

138 838 435 903 Ocyrhoen:
475 857 574 888 non
598 841 704 888 haec
730 848 860 888 artes
885 847 1121 888 contenta
1143 848 1375 904 paternas

140 915 420 965 Edidicisse
440 917 560 966 fuit:
600 917 811 966 fatorum
838 933 1016 965 arcana
1040 917 1267 965 canebat.

142 992 274 1057 Ergo
300 994 385 1041 ubi
408 994 650 1042 vaticinos
676 995 906 1059 concepit
929 1002 1095 1045 mente
1120 994 1324 1050 furores,

140 1132 266 1163 saetzen,
283 1127 321 1157 P.
336 1126 360 1157 i.
375 1138 408 1170 p.
426 1129 481 1159 33.
506 1128 680 1159 Habitabat
696 1134 800 1160 autem

140 1175 258 1206 Chiron
279 1175 311 1207 in
329 1177 405 1218 jugo
425 1177 506 1209 Pelii
526 1178 650 1209 montis.
675 1179 801 1210 callim.

143 1224 173 1255 h.
190 1224 264 1256 Del.
278 1236 342 1256 ver.
357 1227 429 1257 104.

185 1274 258 1306 632.
286 1275 370 1306 Inter
384 1287 451 1307 aves
464 1277 573 1317 albas]
612 1277 721 1308 Vetuit
736 1288 802 1308 esse

143 1334 234 1354 avem
250 1324 353 1355 albam
365 1337 374 1363 ;
397 1326 451 1357 sed
465 1327 546 1357 bene
563 1328 722 1363 considere,
737 1327 802 1358 avi-

141 1373 200 1404 bus
213 1373 295 1404 enim
310 1374 486 1406 tribuuntur
498 1378 588 1407 sedes.
622 1376 759 1412 Phaedri,
776 1377 803 1407 Ι.

144 1421 210 1453 fab.
226 1423 271 1454 iii.
287 1424 344 1463 l3;
367 1424 422 1455 ubi
439 1425 510 1456 vide
524 1426 632 1456 Burm.

187 1472 262 1503 633.
277 1472 403 1515 Semifer
414 1475 540 1510 interea,
552 1475 631 1515 etc.]
660 1475 805 1516 Ocyrhoe,

146 1520 289 1552 Chironis
310 1522 387 1559 filia,
406 1534 466 1554 non
487 1529 634 1555 contenta
655 1524 805 1566 chirurgi-

145 1580 215 1601 cam
237 1577 334 1602 artem
359 1583 378 1603 a
399 1578 486 1615 patre
508 1573 666 1610 didicisse,
687 1575 806 1605 futuro-

145 1630 213 1651 rum
233 1621 328 1652 etiam
349 1621 514 1653 scientiam
531 1633 549 1654 a
568 1623 637 1654 Diis
660 1623 805 1665 impetra-

146 1676 244 1701 verat.
290 1672 351 1703 Sed
375 1683 472 1713 quum
497 1672 678 1714 aliquando,
702 1672 807 1704 invitis

147 1718 229 1756 Diis,
240 1726 271 1750 et
281 1720 361 1762 patri
375 1726 408 1751 et
420 1721 602 1764 AEsculapio
617 1721 729 1752 infanti
744 1719 808 1753 fata

146 1768 295 1800 instantia
310 1776 445 1806 caneret,
457 1777 584 1812 repente
600 1781 750 1801 conversa
762 1777 809 1802 est

147 1817 180 1848 in
193 1828 318 1860 equam.
367 1819 448 1850 Vide
464 1819 582 1861 Hygin.
598 1820 637 1850 P.
650 1820 690 1850 A.
704 1820 737 1851 ii.
755 1821 806 1851 18.

148 1867 202 1908 qui
217 1868 319 1899 varias
335 1868 426 1910 hujus
441 1869 557 1900 fabulae
573 1869 697 1905 formas,
714 1869 806 1900 etiam

148 1927 187 1947 ex
202 1916 311 1959 Eurip.
357 1917 544 1960 Melanippa
567 1924 599 1948 et
613 1918 809 1950 Callimacho

148 1967 261 2005 refert3
284 1973 350 1998 tum
366 1968 522 1998 Eratosth.
540 1969 589 1999 18.
620 1968 694 1999 Sine
714 1969 809 2000 dubio

149 2026 256 2047 verum
283 2016 421 2047 mulieris
450 2027 563 2048 nomen
595 2018 654 2048 fuit
690 2019 809 2059 Hippo:

149 2064 221 2095 vide
243 2066 318 2096 638.
343 2071 375 2096 et
394 2065 466 2097 inde
488 2066 715 2098 transformatio
738 2068 811 2099 ficta

150 2120 211 2145 est.
267 2115 403 2156 Semifer,
429 2116 504 2157 quia
526 2116 652 2147 inferior
676 2117 811 2159 corporis

151 2174 222 2206 pars
225 2164 308 2206 feri,
323 2165 407 2206 equi,
422 2164 553 2207 figuram
568 2167 735 2197 referebat.

195 2215 268 2245 634.
294 2214 415 2255 Oneri.]
458 2215 581 2257 Nempe
597 2216 811 2255 educationis,

152 2263 191 2294 de
217 2273 278 2304 qua
303 2267 462 2300 onerosior,
490 2264 535 2294 ix.
562 2266 634 2295 675.
670 2265 814 2296 Chironis

153 2323 212 2354 ope
223 2313 426 2355 AEsculapius
433 2314 535 2344 factus
546 2320 592 2344 est
599 2316 815 2356 χειρουργικὸς

152 2368 185 2393 et
199 2368 337 2392 venator.
360 2362 509 2404 Apollod.
524 2363 587 2393 ΙΙΙ.
604 2375 633 2394 x.
650 2364 680 2394 3.
714 2365 813 2400 Venit,

155 2411 287 2442 accessit
308 2411 349 2442 ad
371 2411 468 2453 patris
491 2418 624 2448 antrum,
641 2412 672 2443 in
693 2424 753 2454 quo
769 2413 815 2444 in—

156 2460 238 2491 fans.
285 2461 441 2497 Protecta,
468 2466 562 2492 tecta.
599 2462 736 2503 Capillos
762 2462 816 2492 ha-

156 2510 254 2540 bebat
264 2520 386 2551 sparsos
400 2511 432 2540 in
448 2510 595 2547 humeris,
612 2522 695 2541 more
707 2511 815 2542 vatici-

158 2559 312 2590 nantium.
348 2559 400 2590 Cf.
422 2560 498 2591 673.
523 2561 608 2592 Fast.
628 2561 654 2591 I.
676 2562 751 2591 503.
777 2560 816 2591 de

159 2609 338 2643 Carmenta,
356 2611 488 2640 immissis
505 2613 627 2650 puppim
649 2613 731 2640 stetit
749 2617 818 2640 ante

159 2658 286 2696 cupillis.
308 2657 414 2688 Tibul.
428 2658 474 2689 II.
487 2670 518 2689 v.
532 2660 590 2690 66:
617 2659 817 2700 Jactavitfu-

159 2718 204 2737 sas
233 2714 261 2737 et
287 2714 377 2747 caput
401 2714 473 2738 ante
497 2720 602 2740 comas.
640 2710 690 2739 De
716 2710 819 2739 rutilis

160 2755 293 2797 capillis,
310 2756 380 2787 vide
396 2757 435 2787 ad
451 2758 526 2787 319.

1429 998 1526 1043 640

911 1129 987 1159 638.
1015 1128 1204 1168 Ocyrhoem]
1235 1127 1297 1164 Sic,
1311 1127 1425 1159 inserta
1438 1128 1529 1161 litera

870 1179 898 1213 h,
915 1177 1111 1208 scribendum
1127 1178 1317 1219 putavimuS.
1355 1178 1433 1209 Haec
1450 1180 1528 1219 Ocy-

869 1228 937 1257 rhoe
959 1226 1018 1257 fuit
1039 1226 1187 1268 nympha,
1204 1226 1323 1257 Oceani
1343 1232 1373 1258 et
1394 1227 1531 1269 Tethyos

870 1277 944 1313 filia,
961 1276 1005 1307 sic
1020 1277 1105 1307 dicta
1128 1277 1167 1307 ab
1189 1276 1283 1313 ὠκὺς,
1298 1278 1386 1310 celer.
1403 1283 1434 1308 et
1454 1277 1528 1319 ῥοὴ,

861 1327 990 1368 flnxus;
1016 1332 1062 1357 est
1077 1325 1160 1356 enim
1175 1325 1264 1356 velox
1281 1326 1405 1358 fluvius.
1453 1329 1528 1368 Ocy-

871 1377 940 1406 rhoe
955 1381 1014 1410 est,
1032 1375 1055 1405 si
1070 1375 1132 1406 vim
1148 1375 1233 1406 verbi
1248 1381 1380 1417 spectes,
1397 1387 1466 1418 quae
1483 1388 1530 1408 ra-

872 1425 944 1467 pide
973 1425 1054 1456 fluit.
1108 1425 1211 1456 Causa
1237 1424 1368 1455 nominis
1396 1426 1533 1463 additur,

875 1475 1025 1506 Fluminis
1047 1477 1077 1505 in
1098 1477 1209 1514 rapidi,
1225 1480 1286 1506 etc.
1330 1475 1418 1507 Male
1438 1476 1532 1518 igitur

875 1525 985 1555 Heius.
1002 1526 1102 1564 rapidi
1118 1524 1149 1554 in
1168 1527 1263 1563 patrii
1279 1531 1431 1556 mutatum
1447 1526 1532 1556 vole-

873 1575 938 1610 bat,
965 1579 999 1604 ut
1024 1573 1109 1603 fluvii
1134 1573 1200 1604 filia
1222 1573 1315 1604 fuisse
1340 1573 1533 1615 designetur.

875 1623 993 1664 Hygin.
1009 1623 1039 1654 d.
1052 1623 1092 1654 l.:
1121 1623 1280 1662 Euripides
1296 1626 1327 1653 in
1344 1624 1532 1665 Menalippa,

876 1672 1008 1712 Hippea,
1032 1672 1168 1702 Chironis
1180 1673 1298 1711 filiam,
1325 1672 1426 1703 Thean
1445 1680 1536 1705 antea

875 1723 1053 1761 appellatam
1097 1723 1182 1751 dicit.
1249 1722 1353 1752 Etiam
1389 1723 1537 1755 Clemens

875 1770 967 1801 Alex.
998 1770 1030 1800 d.
1054 1770 1076 1800 l.
1104 1770 1208 1805 tradit,
1237 1770 1415 1811 Hipponem
1441 1772 1535 1804 fuisse

876 1820 1019 1850 Chironis
1043 1820 1150 1855 filiam,
1173 1830 1243 1860 quae
1266 1819 1359 1850 Aiolo
1387 1821 1536 1862 nupserit.

876 1871 964 1899 Artes
987 1875 1137 1909 paternus,
1162 1868 1367 1905 Medicinam,
1388 1870 1536 1902 Astrono-

876 1919 981 1954 miani,
1007 1917 1178 1948 Musicam.
1226 1918 1400 1949 Edidicisse.
1424 1919 1539 1951 Noster

877 1968 935 1998 hoc
946 1968 1132 1998 vocabulum
1144 1967 1320 2009 frequentat
1330 1979 1396 2009 pro,
1407 1968 1537 2006 discere,

877 2027 1073 2058 cognoscere,
1087 2016 1138 2047 vii.
1154 2017 1216 2055 995
1232 2016 1296 2047 xiii.
1312 2018 1393 2055 2463
1410 2018 1539 2050 Heroid.

878 2066 933 2096 vii.
952 2067 1032 2102 1803
1058 2065 1121 2096 III.
1141 2066 1232 2096 Pont.
1246 2066 1300 2096 vii.
1318 2067 1350 2096 4.
1374 2067 1488 2108 quibus
1506 2068 1538 2099 in

878 2115 955 2146 locis
980 2115 1114 2146 varietas
1141 2120 1257 2145 notata.
1302 2116 1416 2156 Neque
1443 2116 1539 2148 Ovid.

878 2164 961 2195 hunc
990 2164 1056 2206 ejus
1085 2175 1174 2195 usum
1205 2163 1342 2200 novavit,
1370 2171 1404 2195 ut
1432 2166 1540 2197 Burm.

878 2214 1030 2256 putabat3
1064 2213 1118 2244 sed
1139 2213 1184 2243 ita
1204 2220 1235 2243 et
1252 2213 1321 2243 Cic.
1344 2214 1420 2244 Div.
1436 2214 1460 2245 i.
1477 2216 1516 2245 47
1532 2228 1540 2254 3

877 2263 984 2293 Tibul.
1013 2263 1058 2292 II.
1088 2263 1121 2292 ii.
1149 2263 1196 2292 12.
1253 2262 1397 2292 Fatorum
1427 2275 1541 2295 arcana

879 2313 1013 2347 canebat,
1033 2317 1119 2342 vates
1139 2319 1215 2342 erat.
1263 2311 1377 2341 canere
1401 2312 1440 2342 de
1461 2312 1541 2343 vati-

880 2361 970 2392 ciniis
996 2366 1027 2391 et
1048 2361 1192 2395 oraculis,
1217 2371 1286 2401 quae
1309 2361 1382 2391 olim
1405 2362 1543 2393 versibus

881 2411 1065 2452 consignata
1090 2410 1275 2441 edebantur.
1335 2411 1404 2442 Nec
1439 2417 1542 2443 tamen

882 2459 1007 2489 omnino
1031 2458 1176 2501 displicet
1200 2459 1299 2490 altera
1322 2459 1424 2496 lectio,
1445 2473 1542 2492 mone-

884 2511 944 2539 bat.
991 2509 1114 2538 Monere
1142 2510 1224 2539 enim
1251 2509 1372 2550 proprie
1398 2509 1545 2541 dicuntur

885 2569 946 2588 non
971 2557 1063 2588 modo
1085 2568 1218 2599 augures
1241 2564 1272 2588 et
1299 2558 1466 2599 aruspices,
1491 2559 1544 2590 sed

885 2608 979 2638 etiam
994 2607 1042 2638 vel
1059 2607 1193 2638 maxime
1207 2607 1335 2638 oracula
1349 2614 1379 2637 et
1394 2614 1493 2639 vates.

929 2657 1002 2687 640.
1028 2657 1109 2697 Ergo
1135 2658 1194 2692 ubi,
1221 2656 1299 2696 etc]
1348 2656 1547 2688 Describitur

888 2707 998 2737 mulier
1014 2707 1233 2748 φρενομανής,
1250 2705 1388 2736 fatidica.
1424 2706 1545 2738 Vatici-

888 2761 997 2785 nantes
1018 2755 1099 2786 enim
1122 2755 1221 2785 furore
1242 2754 1346 2785 divino
1366 2754 1444 2798 rapi,
1460 2766 1545 2785 men-
