1729 3207
213 231 297 271 150

587 231 638 271 Ρ.
671 229 884 271 OVIDII
932 227 1212 270 NASONIS

216 345 633 409 Propositumque
658 351 817 402 tenet3
847 344 1123 407 flagratque
1148 342 1380 407 cupidine
1404 357 1590 389 currus.

215 420 363 483 Ergo,
391 436 491 483 qua
514 421 667 476 licuit,
695 420 886 482 genitor
909 427 1190 476 cunctatus,
1218 419 1279 466 ad
1305 419 1430 466 altos

1505 420 1595 464 105

215 497 432 544 Deducit
450 498 700 559 juvenem,
727 496 970 544 Vulcania
993 511 1212 552 munera,
1240 511 1428 542 currus.

213 573 408 620 Aureus
434 573 540 620 axis
567 580 687 628 erat,
710 579 842 620 temo
868 589 1063 628 aureus,
1091 588 1239 620 aurea
1259 587 1464 618 summae

219 649 496 696 Curvatura
520 656 667 696 rotae:
708 649 954 696 radiorum
980 656 1244 711 argenteus
1270 648 1405 695 ordo.

216 725 314 773 Per
331 727 454 788 juga
473 724 781 789 chrysolithi,
799 725 1073 788 positaeque
1096 740 1158 772 ex
1178 723 1349 772 ordine
1370 738 1595 786 gemmae,

217 802 367 849 Clara
390 818 680 866 repercusso
705 802 982 849 reddebant
1005 801 1190 849 lumina
1215 801 1423 849 Phoebo.

1506 803 1598 847 llo

218 878 451 941 Dumque
478 894 537 926 ea
560 878 906 941 magnanimus
925 877 1186 926 Phaethon
1211 878 1430 934 miratur,
1448 893 1595 941 opus-

418 972 515 1019 que

265 1121 334 1151 104.
364 1120 453 1151 Tenet
485 1121 676 1160 propositam,
700 1119 874 1155 consilium,

218 1168 403 1205 institutum,
432 1169 469 1205 is,
495 1169 548 1210 qui
578 1167 610 1198 in
639 1178 676 1199 eo
701 1173 873 1210 permanet,

219 1228 320 1259 neque
341 1218 380 1248 ab
400 1228 437 1248 eo
458 1216 603 1248 deterreri
619 1221 731 1258 potest.
778 1217 877 1247 Tenax

216 1269 369 1307 propositi,
386 1267 496 1298 Horat.
513 1266 578 1296 III.
597 1265 660 1296 Od.
680 1265 723 1296 iii.
741 1267 768 1296 l.
811 1266 877 1296 No-

217 1323 290 1354 ster,
302 1317 483 1348 Art.Amat.
495 1316 549 1347 lib.
560 1315 569 1346 i
582 1328 588 1345 t
603 1316 766 1346 Lecturam
779 1326 877 1357 spera,

217 1369 452 1407 proposizmnque
479 1373 555 1397 tene.
600 1364 810 1406 Metamorph.
840 1377 876 1395 x:

221 1417 422 1456 Propositique
464 1422 561 1451 tenax,
598 1416 792 1454 quodcunque
829 1416 878 1449 sit.

220 1472 287 1496 arat
311 1471 346 1495 ut
372 1467 427 1504 ipsi
453 1464 584 1495 Indicet.
623 1463 788 1494 Cornelius
812 1464 877 1494 Ne·

220 1525 286 1555 pos,
302 1515 368 1544 vita
383 1513 530 1544 Eumenis
545 1525 551 1543 z
578 1513 685 1552 Itaque
704 1513 755 1543 hoc
773 1524 877 1552 propo-

483 1566 504 1578 ¹¹
522 1561 616 1597 Vide,
632 1561 734 1602 inquit
748 1562 878 1598 Seneca,

220 1611 258 1642 de
275 1611 399 1642 Provid.
416 1621 510 1652 quam
534 1611 596 1641 alte
617 1610 804 1642 descendere
825 1611 879 1641 de-

219 1661 294 1692 beat
308 1661 422 1692 virtus:
447 1660 525 1691 scies
548 1659 594 1690 illi
617 1670 677 1690 non
699 1669 753 1702 per
772 1669 879 1691 secura

221 1710 399 1741 vadendum
428 1709 528 1741 esse.''
574 1710 682 1740 Ardua
707 1711 807 1748 prima
831 1711 880 1740 via

221 1765 273 1796 est,
302 1766 329 1789 et
366 1771 426 1799 qua
460 1760 520 1795 vix,
551 1763 613 1790 etc.
669 1758 747 1789 Haec
784 1770 880 1800 quum

220 1808 359 1839 audisset
395 1808 448 1838 ille
480 1817 647 1848 generosus
678 1807 877 1838 adolescens:

220 1861 240 1874 “
258 1857 379 1893 Placet,
404 1856 516 1898 inquit,
538 1856 610 1894 via3
635 1856 781 1887 ascendo.
824 1858 881 1888 Est

222 1907 299 1937 tanti
314 1917 367 1948 per
382 1906 440 1936 ista
454 1905 496 1936 ire
516 1905 657 1936 casuro.'’
703 1906 775 1936 Non
796 1906 878 1937 desi-

222 1956 268 1986 nit
284 1961 388 1986 tamen
403 1961 491 1997 pater
509 1965 611 1985 acrem
632 1955 770 1985 animum
793 1961 879 1986 metu

221 2004 372 2035 territare.
421 2004 450 2034 U
452 2010 518 2044 tque
532 2006 610 2034 viam
622 2010 731 2040 teneas,
741 2005 881 2045 nulloque

225 2065 324 2084 errore
352 2055 503 2090 traharis5
544 2054 604 2084 Per
630 2060 727 2084 tamen
750 2056 879 2090 adversi,

220 1565 311 1593 situm
327 1564 437 1594 tenuit.

225 2109 286 2134 etc.
316 2102 390 2133 Post
403 2102 469 2133 haec
482 2102 526 2132 ait
538 2114 544 2132 ε
563 2102 591 2131 F
592 2104 659 2144 inge
673 2105 755 2133 (latos
764 2114 883 2134 currus.

224 2157 243 2169 “
257 2152 324 2188 llis,
334 2151 435 2193 inquit
445 2151 579 2193 juvenis,
592 2151 706 2192 quibus
720 2163 770 2183 me
782 2152 883 2184 deter-

224 2202 281 2233 reri
306 2206 408 2243 putas,
432 2201 556 2231 incitor:
592 2200 668 2232 libet
697 2200 762 2232 illic
790 2207 883 2238 stare,

224 2251 276 2281 ubi
292 2250 356 2292 ipse
373 2249 424 2280 Sol
440 2249 594 2290 trepidat:
618 2249 744 2280 humilis
758 2256 789 2281 et
803 2251 884 2281 iner-

226 2299 265 2331 tis
281 2304 328 2330 est
339 2305 407 2330 tuta
418 2298 547 2329 sectari:
571 2310 625 2340 per
641 2299 706 2330 alta
718 2299 813 2330 virtus
828 2299 884 2330 it.’'

274 2349 342 2379 107.
370 2349 488 2378 Aureus
512 2350 574 2379 atis
598 2349 690 2389 eran]
718 2348 768 2379 Cf.
790 2349 884 2380 Hom.

226 2398 265 2429 ΙΙ.
291 2402 326 2429 Ε.
347 2398 528 2428 721—731.
544 2398 597 2428 ubi
626 2408 733 2429 currus
755 2398 887 2430 Junonis

226 2446 426 2477 describitur:
453 2446 657 2487 reprehensus
689 2452 793 2478 autem
822 2447 886 2478 No-

230 2501 293 2525 ster
311 2501 358 2526 est
375 2505 393 2525 a
408 2494 512 2525 multis
528 2501 651 2537 propter
666 2497 805 2526 crebram
820 2507 887 2527 voc.

228 2555 338 2574 aureus
354 2543 566 2585 repetitionem
582 2555 588 2581 ;
614 2544 666 2574 sed
685 2545 764 2575 bene
779 2544 886 2575 defen-

227 2591 311 2623 ditur
333 2603 351 2623 a
371 2593 550 2623 Burmanno
573 2592 756 2633 optimorum
779 2599 885 2635 poeta-

229 2652 296 2671 rum
319 2641 566 2677 auctoritatibus,
592 2641 719 2673 Callim.
743 2642 776 2673 h.
792 2642 888 2684 Apol.

229 2692 289 2729 333
327 2690 423 2721 Dian.
451 2691 530 2728 1103
569 2690 642 2721 Del.
667 2692 748 2730 2603
776 2691 888 2732 Virgil.

230 2739 356 2770 AEneid.
372 2739 393 2769 i.
408 2740 489 2778 4483
512 2739 553 2771 iv.
573 2741 652 2778 1383
676 2740 789 2782 quibus
809 2752 887 2783 prae-

942 1120 1040 1151 iverat
1051 1120 1179 1150 Homer:
1198 1118 1268 1150 vide
1282 1119 1375 1150 etiam
1389 1119 1507 1150 Victor.
1514 1118 1605 1149 Varr.

943 1169 1031 1199 Lect.
1046 1167 1152 1199 xxxiii.
1172 1169 1209 1198 12
1224 1180 1229 1196 z
1256 1178 1438 1209 quanquam
1454 1166 1505 1197 vix
1528 1177 1605 1208 opus

944 1223 1021 1253 erat,
1032 1217 1183 1259 exemplis
1196 1216 1326 1247 aliorum
1342 1217 1463 1248 munire
1476 1227 1524 1252 ea,
1535 1227 1604 1258 quae

943 1266 1172 1308 elegantissimo
1184 1265 1297 1307 cuique
1312 1276 1367 1307 per
1381 1276 1413 1297 se
1428 1266 1607 1308 probantur.

945 1317 996 1347 Ita
1019 1317 1102 1347 enim
1124 1315 1355 1356 magnificentia
1375 1325 1482 1345 currus
1500 1314 1607 1345 fortius

946 1364 1078 1396 sentitur
1093 1375 1112 1396 a
1127 1366 1252 1396 lectore.

992 1416 1062 1446 108.
1087 1415 1261 1445 Curvatura
1281 1424 1399 1443 sammae
1420 1419 1502 1449 rotie,
1520 1412 1604 1449 ἴτυς,

945 1464 1034 1506 ἁψίς,
1050 1463 1184 1494 circulus
1208 1468 1294 1499 rotae,
1310 1463 1342 1493 in
1366 1473 1427 1504 quo
1449 1463 1607 1503 finguntur

946 1513 1036 1545 radii.
1082 1513 1250 1544 Radiorum
1274 1514 1356 1548 ordo,
1373 1511 1529 1553 exquisite
1552 1522 1607 1553 pro

946 1565 1038 1599 raclii,
1067 1563 1121 1604 qui
1148 1562 1255 1593 ordine
1285 1561 1501 1603 disponuntur.
1556 1561 1608 1592 Ita

945 1612 1050 1643 Tibul.
1066 1612 1111 1642 II.
1130 1622 1157 1642 v.
1173 1612 1224 1642 31.
1240 1612 1401 1641 arundinis
1424 1611 1506 1641 ordo.
1547 1610 1606 1641 Ju-

946 1673 1030 1703 gum,
1044 1660 1164 1701 lignum
1186 1666 1396 1690 transversum
1416 1659 1449 1690 in
1469 1664 1609 1690 extremo

947 1715 1080 1746 temone,
1094 1709 1177 1750 quod
1193 1709 1280 1740 collis
1296 1719 1447 1750 equorum
1468 1707 1606 1750 impone-

946 1762 1050 1792 batur.
1093 1759 1132 1790 Id
1155 1759 1249 1789 etiam
1269 1758 1302 1788 in
1321 1757 1412 1799 regiis
1432 1758 1572 1789 curribus
1591 1768 1608 1789 e

947 1810 1081 1852 pretiosa
1095 1808 1226 1840 materia
1240 1807 1305 1838 fieri
1318 1813 1350 1838 et
1370 1807 1501 1849 gemmis
1519 1817 1607 1838 exor-

947 1858 1013 1889 nari
1027 1858 1181 1889 solebant.
1226 1857 1263 1888 In
1278 1856 1367 1887 Darii
1389 1867 1479 1887 curru
1501 1858 1610 1887 distin-

944 1909 1078 1949 guebant
1107 1907 1316 1937 internitentes
1337 1916 1456 1947 gemmoe
1475 1909 1610 1948 jugum.-

947 1957 1034 1987 Curt.
1047 1956 1109 1986 ΙΙΙ.
1125 1956 1168 1986 iii.
1183 1956 1233 1986 16.
1280 1956 1321 1985 Et
1333 1955 1444 1997 jugum
1461 1965 1610 1996 equorum

947 2004 1092 2036 solarium
1111 2003 1280 2035 Wiukelm.
1298 2003 1329 2034 in
1355 2004 1499 2035 Monum.
1516 2003 1608 2035 Ined.

948 2065 980 2085 n.
995 2056 1047 2085 43.
1062 2064 1240 2096 expressum
1254 2052 1393 2084 exhibet.

995 2104 1068 2134 109.
1109 2103 1291 2143 chrysolithi
1319 2113 1448 2133 aureum
1476 2102 1610 2134 colorem

949 2152 1096 2189 referunt,
1108 2161 1279 2193 aurumque
1290 2152 1368 2182 adeo
1380 2151 1490 2182 coloris
1501 2153 1611 2183 saturi-

950 2207 1014 2233 tate
1030 2206 1188 2243 superant.
1202 2200 1286 2231 Plin.
1302 2201 1385 2233 Hist.
1401 2201 1478 2232 Nat.
1493 2202 1611 2233 xxxvii.

951 2252 990 2282 9:
1019 2251 1201 2291 Clzrysolithi
1217 2257 1243 2281 et
1263 2250 1332 2280 aliae
1346 2262 1478 2291 gemmcc.
1505 2251 1613 2281 Simile

952 2305 1010 2336 est,
1034 2301 1112 2337 Ζεὺς
1134 2300 1188 2330 καὶ
1211 2298 1298 2330 Stoi:
1323 2298 1384 2330 vid.
1409 2299 1549 2340 Bergler.
1572 2299 1612 2331 ad

954 2348 1112 2390 Aristoph.
1130 2349 1215 2379 Plut.
1231 2347 1299 2379 init.

1000 2399 1069 2429 110.
1094 2397 1274 2437 Repercasso
1299 2397 1415 2433 Phaebo,
1438 2396 1513 2427 dum
1533 2395 1612 2427 radii

958 2446 1070 2478 Phoebi
1087 2446 1391 2488 repercutiebantur3
1407 2458 1422 2478 e
1435 2447 1525 2489 copia
1539 2458 1611 2489 poe-

955 2495 1016 2526 tica
1042 2495 1193 2527 additum.
1236 2495 1286 2526 Cf.
1316 2496 1357 2526 iv.
1384 2496 1458 2526 348.
1487 2496 1539 2526 ubi
1568 2496 1612 2526 sic

954 2544 1088 2585 referiri.

1001 2595 1070 2624 111.
1096 2594 1321 2634 Mugrwnimus,
1334 2593 1365 2624 id
1381 2598 1438 2629 est,
1455 2592 1508 2634 qui
1525 2602 1612 2633 mag-

956 2653 997 2673 na
1011 2642 1130 2684 appetit
1142 2654 1150 2679 3
1165 2642 1208 2672 sic
1223 2642 1407 2673 Phaethont.
1418 2646 1507 2672 vocat
1517 2641 1611 2671 etiam

956 2693 1081 2722 Lucret.
1097 2703 1125 2722 v.
1141 2692 1199 2721 401
1216 2703 1223 2729 ;
1240 2691 1432 2726 Generosum,
1448 2691 1556 2720 Senec.
1572 2689 1610 2720 (le

956 2739 1078 2772 Provid.
1095 2751 1123 2770 v.
