1763 3181
224 200 309 242 308

607 201 656 243 Ρ.
691 202 902 244 OVIDII
938 203 1215 246 NASONIS

226 315 502 372 FluctibuS,
529 323 580 363 et
600 323 758 364 tectas
782 317 1006 365 defendit
1030 319 1091 366 ab
1115 319 1355 366 imbribus
1380 319 1566 366 undas:

226 393 433 440 Summa
460 393 602 455 riget,
629 393 941 457 frontemque
975 395 1024 442 in
1063 404 1288 459 apertum
1315 395 1518 459 porrigit
1539 411 1601 441 ae-

226 469 457 534 Occupat
481 470 629 525 hunc,
655 470 782 518 vires
808 471 997 518 insania
1020 471 1219 527 fecerat,
1249 471 1367 528 Ino;

1439 473 1602 535 [quor.

225 546 393 609 Seque
419 563 568 610 super
593 554 814 610 pontum,
837 548 971 594 nullo
998 549 1192 596 tardata
1216 548 1405 605 timore,

222 623 398 679 Mittit,
425 640 650 686 onusque
676 641 848 672 suum:
889 641 1125 689 percussa
1150 627 1406 673 recanduit
1430 625 1578 672 unda.

221 699 291 746 At
315 700 485 747 Venus
511 701 767 767 immeritae
793 702 955 765 neptis
981 702 1215 750 miserata
1238 704 1447 758 labores,
1508 705 1604 750 530

225 777 308 824 Sic
334 786 508 841 patruo
528 779 752 826 blandita
770 796 858 826 suo
879 787 983 827 est:
1015 785 1044 803 “
1068 780 1111 827 O
1139 796 1320 828 numen
1346 795 1602 843 aquarum,

222 854 458 902 Proxima
482 855 561 902 cui
585 856 708 902 coelo
734 856 900 911 cessit,
928 856 1179 920 Neptune,
1207 864 1458 920 potestas;

222 930 410 994 Magna
434 933 636 994 quidem
662 949 840 996 posco;
881 935 969 981 sed
994 942 1047 980 tu
1073 934 1305 982 miserere
1330 949 1568 988 meorum,

220 1008 406 1056 Jactari
428 1026 553 1072 quos
580 1010 740 1057 cernis
766 1010 815 1057 in
842 1010 981 1058 Ionio
1006 1011 1275 1067 immenso,

1507 1012 1602 1057 534

222 1085 290 1132 Et
315 1085 406 1132 Dis
433 1086 561 1133 adde
586 1087 712 1134 tuis:
743 1087 909 1150 aliqua
929 1095 979 1134 et
998 1087 1117 1134 mihi
1142 1088 1300 1150 gratia
1323 1094 1474 1151 ponto
1496 1093 1599 1143 est3

223 1162 277 1210 Si
301 1170 467 1211 tamen
493 1163 542 1209 in
567 1163 648 1210 dio
675 1164 927 1226 quondam
952 1172 1186 1212 concreta
1211 1164 1453 1228 profundo

221 1240 413 1304 Spuma
432 1240 516 1296 fui,
536 1241 843 1305 Graiumque
865 1250 1032 1290 manet
1046 1243 1166 1289 mihi
1187 1259 1368 1290 nomen
1387 1243 1448 1290 ab
1469 1240 1603 1288 illa.’'

218 1316 410 1365 Annuit
433 1318 590 1365 oranti
616 1318 882 1383 Neptunus
900 1339 910 1378 ;

217 1534 301 1554 nam.
333 1524 490 1562 Scosmlus,
506 1522 639 1554 Moluris
655 1523 788 1560 nomine,
799 1535 878 1555 unus

216 1583 255 1603 ex
272 1572 427 1608 Scironiis,
443 1570 497 1613 qui
513 1579 594 1603 certe
611 1579 807 1604 consecratus
821 1574 879 1604 fuit

215 1621 403 1652 Leucotheae
416 1627 447 1652 et
455 1621 644 1652 Palaemoni:
664 1622 728 1653 vid.
738 1623 877 1654 Pausan.

215 1670 315 1701 Attic.
325 1682 357 1712 p.
369 1671 440 1701 108.
471 1670 567 1712 Apud
578 1670 764 1707 Lucianum,
778 1672 820 1701 D.
829 1673 878 1703 M.

217 1721 248 1751 9.
269 1721 326 1751 Ino
350 1720 389 1750 ab
405 1719 598 1750 Athamante
621 1730 658 1750 ex
682 1731 802 1751 summo
820 1721 877 1752 Ci-

215 1769 364 1805 thaerone,
380 1769 433 1800 ubi
448 1768 642 1810 protenditur
658 1769 698 1800 ad
714 1780 810 1806 mare,
828 1770 876 1801 fu-

215 1823 307 1859 gatur
328 1818 360 1849 in
384 1818 524 1860 pelagus.
572 1818 675 1849 Tectas
694 1820 842 1860 defendit,
860 1831 877 1851 e

216 1868 307 1910 copia
321 1867 454 1910 poetica,
470 1867 622 1898 defendit.
658 1869 780 1904 Imbres,
797 1874 875 1899 tem-

216 1923 362 1959 pestates.
393 1917 483 1957 Virg.
508 1917 583 1947 AEn.
608 1916 630 1947 i.
654 1917 726 1947 163.
751 1919 875 1957 scopuli,

214 1978 338 2008 quorum
360 1968 413 1997 sub
438 1969 545 1997 vertice
570 1967 630 1996 late
648 1967 781 2006 AEquora
809 1974 875 1998 tuta

213 2018 315 2047 silent.
361 2017 388 2046 E
410 2015 466 2046 tali
491 2021 595 2046 autem
622 2016 750 2057 scopulo
776 2017 875 2048 facilis

215 2066 314 2098 saltus
329 2065 361 2095 in
376 2075 474 2096 mare.
524 2065 606 2095 Onus
621 2076 719 2096 suum.
757 2066 873 2097 Secun-

213 2115 288 2146 dum
303 2113 452 2156 Apollod.
470 2113 552 2144 hunc
566 2113 664 2144 filium
682 2125 772 2145 suum
793 2125 872 2146 mor-

214 2172 303 2195 tuum
330 2163 482 2204 gestabat,
505 2163 681 2204 conjectum
705 2173 816 2205 nempe
840 2163 873 2194 in

211 2213 382 2244 ferventem
392 2210 503 2242 lebetis
515 2221 640 2252 aquam.
674 2212 776 2242 Etiam
788 2212 872 2254 apud

211 2262 320 2303 Eurip.
330 2260 418 2291 Med.
436 2261 530 2290 1286.
540 2259 625 2290 cadit
640 2260 671 2290 in
682 2271 765 2291 mare
780 2271 871 2303 prop-

211 2317 257 2342 ter
269 2310 395 2352 impiam
411 2309 576 2340 liberorum
591 2310 720 2346 caedem,
737 2309 791 2340 ubi
806 2310 871 2341 vid.

210 2360 317 2391 Schol.
363 2359 414 2390 De
428 2369 538 2401 spuma
553 2359 627 2389 alibi
649 2366 811 2401 usurpatur
825 2361 871 2390 al-

211 2411 331 2440 bescere.
358 2408 440 2438 Plin.
457 2408 496 2438 V.
512 2408 573 2449 Ep.
590 2408 632 2439 vi.
647 2409 707 2438 24:
739 2419 772 2439 ex
792 2411 871 2439 edito

210 2459 346 2489 desiliens
367 2468 445 2498 aqua
468 2458 600 2487 albescit.
645 2457 706 2487 Sed
729 2464 760 2488 et
775 2458 871 2489 verba

209 2508 426 2542 incandescere,
456 2511 487 2537 et
520 2508 726 2537 recandescere
760 2506 869 2538 eodem

209 2567 302 2587 sensu
326 2555 410 2598 poni,
430 2555 521 2586 docet
544 2555 698 2586 Schwan.
722 2555 761 2586 ad
785 2555 868 2588 Plin.

209 2606 289 2636 Pan.
307 2616 380 2635 xxx.
395 2605 426 2635 3.

252 2654 326 2685 530.
338 2654 379 2684 At
399 2654 495 2684 Venus
511 2654 672 2688 immeritoe,
688 2653 765 2693 etc.]
781 2654 866 2690 Quo-

211 2703 294 2733 niam
310 2703 366 2733 Ino
385 2702 503 2733 Veneris
518 2712 556 2732 ex
573 2701 745 2732 Harmonia
760 2705 864 2741 neptis,

209 2757 369 2793 propterea
383 2751 450 2781 haec
471 2762 487 2782 e
511 2750 633 2781 fictione
650 2750 755 2781 Ovidii
772 2750 864 2781 inter-

952 1328 1003 1368 et
1027 1321 1235 1368 abstulit
1258 1320 1353 1367 illis

947 1524 1040 1556 cedit.
1086 1524 1183 1567 Apud
1209 1524 1392 1560 Lucianum,
1414 1523 1499 1555 dicto
1522 1523 1603 1560 loco,

947 1574 1109 1614 Neptunus
1130 1579 1248 1616 sponte,
1265 1573 1296 1603 in
1317 1572 1436 1604 Bacchi
1460 1572 1602 1614 gratiam,

945 1622 983 1654 iis
1000 1622 1196 1653 divinitatem
1213 1623 1332 1653 tribuit.
1370 1622 1538 1657 Immeritae‚
1555 1621 1603 1652 in-

946 1672 1054 1708 sontis,
1071 1682 1141 1713 quae
1168 1671 1262 1702 talem
1285 1677 1400 1702 sortem
1421 1682 1481 1701 non
1501 1681 1602 1701 meru-

946 1727 1023 1750 erat.
1068 1721 1206 1756 Labores,
1229 1721 1374 1751 miseram
1403 1726 1526 1756 sortem,
1547 1730 1602 1750 an-

944 1780 1050 1810 gorem
1066 1770 1174 1806 animi,
1192 1780 1229 1800 ex
1246 1770 1366 1800 insania
1380 1776 1493 1800 ortum.
1529 1769 1602 1800 Jac-

946 1821 1007 1849 ίαν-ι’
1023 1819 1122 1850 ventis
1135 1826 1166 1850 et
1180 1819 1272 1850 undis
1288 1825 1390 1849 nautae
1404 1818 1480 1849 alias
1491 1817 1600 1849 dicun-

945 1874 1007 1898 tur.
1053 1869 1171 1899 Ionium
1197 1868 1339 1898 absolute
1362 1866 1487 1902 dicitur,
1506 1867 1601 1898 etiam

944 1917 996 1947 ubi
1022 1920 1191 1948 immensum
1223 1924 1276 1948 aut
1303 1928 1444 1958 magnum
1466 1916 1601 1947 additur.

947 1967 1063 1997 Verum
1079 1967 1222 2004 Moluris,
1236 1977 1308 2009 pars
1328 1966 1440 1997 montis
1455 1965 1600 1997 Geraniae

942 2014 974 2045 in
1003 2015 1116 2046 finibus
1148 2015 1330 2057 Megaridi5‚
1360 2014 1500 2045 imminet
1538 2025 1599 2045 non

943 2063 1037 2101 Ionio,
1053 2064 1108 2095 sed
1123 2064 1203 2096 sinui
1216 2065 1374 2095 Saronico.
1419 2064 1530 2106 Itaque
1545 2070 1600 2095 aut

942 2114 1061 2145 Ionium
1083 2114 1144 2144 alio
1166 2125 1259 2145 sensu
1280 2114 1382 2155 posuit
1397 2113 1518 2155 (Schol.
1533 2114 1596 2144 Eu-

939 2163 1031 2205 ripid.
1047 2163 1086 2194 ad
1103 2163 1218 2194 Phoen.
1235 2162 1267 2193 ii.
1284 2164 1331 2203 6.)
1353 2170 1406 2194 aut
1426 2162 1504 2194 alios
1522 2173 1597 2194 auc-

939 2218 1019 2242 tores
1033 2218 1183 2253 sequutus
1200 2218 1256 2242 est.

982 2262 1056 2292 536.
1080 2262 1112 2291 Si
1137 2268 1234 2291 tamen
1260 2263 1291 2291 in
1317 2262 1375 2296 dio,
1398 2260 1477 2301 etc.]
1505 2260 1595 2292 Circa

938 2310 1062 2341 Saturni
1077 2309 1229 2351 genitalia
1238 2309 1270 2340 in
1283 2319 1367 2340 mare
1380 2309 1518 2351 projecta
1531 2315 1598 2340 orta

939 2365 985 2390 est
1009 2370 1113 2399 spuma
1132 2358 1266 2401 (ἀφρὸς)
1290 2358 1372 2394 alba,
1388 2358 1471 2389 unde
1487 2359 1596 2389 Venus

938 2407 1136 2449 (Ἀφροδίτη,
1151 2407 1369 2450 Ἀφρογενὴς)
1387 2407 1514 2449 prodiit.
1530 2407 1595 2438 He-

935 2457 1013 2488 siod.
1027 2458 1147 2499 Theog.
1166 2457 1344 2488 188-200.
1388 2456 1438 2487 Sic
1459 2456 1510 2487 hic
1525 2466 1593 2498 my-

935 2507 1008 2538 thus
1023 2518 1116 2548 grave
1133 2513 1325 2538 momentum
1339 2506 1371 2536 in
1387 2505 1434 2536 his
1448 2505 1594 2547 precibus

935 2556 1101 2586 ministrat.
1156 2556 1312 2586 concreta.
1348 2553 1478 2585 Hesiod.
1509 2553 1592 2594 ἐθρέ-

934 2606 1011 2646 φθη,
1028 2616 1082 2646 pro
1098 2604 1244 2645 ἐπήχθη.
1285 2603 1477 2645 Profundum
1496 2605 1593 2639 dium,

935 2655 996 2692 ἅλς
1020 2653 1093 2692 δαὶς
1117 2655 1195 2689 clius,
1213 2653 1347 2688 divinus,
1373 2657 1442 2694 post
1465 2653 1592 2683 Lucret.

932 2703 1077 2734 dixerunt
1088 2702 1190 2733 multi.
1214 2703 1255 2732 Et
1269 2704 1352 2732 dium
1365 2707 1492 2732 vocatur
1506 2711 1590 2731 mare

932 2759 1055 2794 propter
1071 2751 1262 2783 vastitatem.
