1763 3181
427 176 1045 220 METAMORPHOSEON
1077 176 1196 217 LIB.
1228 175 1283 216 V.

1459 174 1545 216 333

161 293 410 350 Creditur,
437 293 664 356 egregius
688 292 870 350 forma;
913 307 1062 355 quam
1087 291 1236 338 divite
1261 290 1398 337 cultu

158 369 406 433 Augebat,
432 370 509 417 bis
535 369 696 416 adhuc
716 368 907 416 octonis
933 369 1125 429 integer
1150 366 1318 422 annis3

1480 368 1543 412 50

159 446 373 495 Indutus
393 446 708 510 chlamydem
727 445 946 509 Tyriam,
974 460 1124 507 quam
1148 444 1330 490 limbus
1355 441 1525 489 obibat

159 523 352 572 Aureus
372 541 381 572 :
421 524 662 570 ornabant
687 530 858 570 aurata
880 520 1082 568 monilia
1106 521 1317 576 collum3

160 600 227 647 Et
251 601 474 648 madidos
500 600 700 663 myrrha
719 615 922 645 curvum
947 597 1130 665 crinale
1156 596 1379 659 capillos.

160 677 251 725 Ille
275 678 477 741 quidem
496 677 663 740 jaculo
690 676 915 739 quamvis
935 674 1171 722 distantia
1194 673 1346 720 misso

160 754 335 817 Figere
359 755 534 802 doctus
560 760 690 811 erat;
732 754 819 801 sed
842 753 1045 801 tendere
1069 751 1258 797 doctior
1283 766 1442 796 arcus.
1482 751 1544 795 55

159 830 285 878 Tum
302 847 502 894 quoque
516 831 651 878 lenta
666 846 813 877 manu
829 831 1114 877 flectentem
1130 843 1314 875 cornua
1329 826 1544 873 Perseus

160 907 359 971 Stipite,
387 907 473 971 qui
498 907 662 954 media
688 907 878 970 positus
903 906 1128 953 fumabat
1152 905 1201 951 in
1225 905 1353 959 aula,

158 983 406 1043 Perculit3
448 991 497 1032 et
516 984 684 1031 fractis
710 984 932 1034 confudit
956 985 1006 1030 in
1030 983 1226 1030 ossibus
1252 998 1352 1029 ora.

224 1060 374 1109 Hunc
398 1061 483 1109 ubi
508 1062 734 1109 laudatos
752 1063 1027 1125 jactantem
1046 1062 1095 1108 in
1121 1059 1360 1123 sanguine
1379 1058 1542 1106 vultus

156 1205 355 1248 praedicatur,
374 1217 444 1248 quae
470 1207 510 1238 ad
536 1218 620 1238 mare
645 1213 678 1238 et
703 1218 818 1249 aquam

157 1255 324 1298 pertinent.
360 1257 481 1293 Cultus,
508 1257 651 1288 vestitus.
685 1256 819 1299 Integer,

159 1305 270 1336 florens
305 1310 408 1337 aetate.
456 1306 649 1346 Chlamydem
688 1306 821 1346 Tyrium.

160 1354 236 1385 AEn.
250 1354 291 1386 iv.
311 1355 389 1385 137:
416 1355 568 1386 Sidoniam
591 1356 671 1394 picto
691 1356 822 1396 chlamy-

160 1405 226 1434 dem
240 1406 428 1435 circumdata
444 1405 539 1435 limbo.
564 1404 677 1435 Confer
692 1403 724 1434 ii.
736 1405 808 1435 733.

205 1454 259 1484 53.
285 1453 326 1483 Et
348 1454 480 1484 madidos
501 1453 656 1494 myrrha]
683 1454 721 1483 In
744 1452 822 1484 libro

160 1501 205 1532 iii.
219 1512 310 1533 versu
325 1504 389 1533 555
405 1514 411 1532 :
431 1508 459 1532 et
473 1504 609 1533 madidus
624 1502 745 1542 myrrha
761 1504 821 1532 cri-

159 1553 216 1582 ·nis.
253 1551 385 1592 Myrrha
399 1551 501 1593 liquor
516 1561 533 1581 e
548 1551 673 1592 myrrha
688 1550 820 1588 stillans,

160 1600 285 1642 capillis
320 1600 474 1642 ungendis
510 1600 728 1636 adhibebatur,
759 1611 820 1641 quo

161 1649 296 1681 niterent
311 1660 347 1680 ac
363 1648 545 1680 suavissime
566 1648 694 1679 olerent.
741 1649 819 1678 Cur-

160 1710 230 1730 vum
255 1700 391 1737 crinale,·
414 1710 468 1741 pro
490 1709 551 1741 quo
570 1699 695 1730 Thuan.
716 1699 819 1730 Oxon.

162 1749 297 1790 Berneg.
318 1749 468 1779 cohibebat
495 1748 619 1784 michro,
648 1747 732 1789 quod
760 1759 821 1779 non

162 1797 423 1829 contemnendum
433 1802 524 1839 putat
531 1798 739 1833 Burmannus,
748 1797 822 1839 quia

162 1846 275 1877 mithra
297 1846 504 1877 Orientalium
527 1845 640 1881 cultus,
662 1846 694 1876 in
715 1845 821 1887 primis

161 1894 302 1926 mollium
330 1895 462 1926 virorum
489 1900 567 1926 erat.
613 1894 725 1931 Addit,
752 1905 821 1925 nes-

161 1943 225 1975 cire
240 1954 273 1974 se
289 1954 329 1974 an
347 1943 392 1974 ita
412 1943 555 1975 absolute
569 1954 683 1986 ponere
705 1945 820 1975 crinale

160 1993 301 2024 solebant
316 1993 460 2024 Veteres.
499 1993 635 2029 crinale,
655 2003 818 2024 ornamen-

161 2047 228 2073 tum
243 2042 373 2084 capillos
394 2042 554 2079 cohibens,
572 2052 651 2073 nove
666 2041 710 2073 sic
731 2043 820 2073 abso-

161 2091 228 2123 lute
242 2091 389 2134 positum,
405 2091 539 2123 occurrit
557 2097 662 2123 tamen
678 2097 710 2122 et
727 2091 820 2122 Pont.

161 2141 225 2171 III.
245 2140 290 2171 iii.
314 2142 363 2172 15.
399 2140 548 2172 Similiter
571 2141 682 2172 Horat.
709 2140 737 2171 I.
761 2141 819 2182 Ep.

162 2188 195 2221 ii.
214 2191 266 2221 18.
289 2196 448 2230 campestre
470 2189 514 2221 sic
534 2189 738 2226 substantive,
754 2190 820 2220 cin-

162 2239 284 2280 gulum,
298 2250 359 2281 quo
371 2239 467 2271 cincti
479 2245 566 2270 erant
578 2239 676 2270 lumbi
690 2239 723 2270 in
736 2250 819 2270 cam-

161 2299 200 2330 po
216 2299 248 2319 se
264 2288 487 2320 exercentium.
523 2289 687 2319 Monilz'bus
708 2294 740 2319 et
760 2294 820 2319 tor-

162 2336 275 2379 quibus
300 2337 478 2369 Orientales
504 2337 586 2369 colla
609 2347 718 2368 ornare
743 2337 820 2368 sole-

163 2386 250 2417 bant.

207 2438 260 2467 55.
281 2435 411 2467 Tendere
426 2437 560 2472 doctior,·
584 2435 629 2466 sic
646 2435 740 2466 nostri
756 2436 820 2466 Re-

162 2483 218 2525 gii.
254 2485 344 2516 Unus
356 2485 586 2521 Gronovianus,
601 2488 720 2522 certior,
737 2485 821 2526 quod

164 2538 284 2564 rectum
299 2544 365 2564 esse
384 2540 489 2565 monet
503 2535 715 2571 Burmannus,
731 2544 820 2576 prop—

164 2587 212 2613 ter
225 2594 289 2613 una
305 2585 416 2624 sagitta
433 2584 550 2614 Certior
564 2583 597 2613 in
621 2583 699 2614 libro
714 2583 735 2613 i.
749 2583 823 2614 519.

163 2630 208 2662 At
222 2630 253 2661 in
267 2632 422 2662 tendendo
437 2643 510 2663 arcu
525 2642 587 2662 non
598 2638 662 2662 tam
675 2634 823 2663 certitudo

165 2679 331 2721 requiritur
368 2692 462 2722 quam
496 2683 645 2717 doctrina,
674 2680 738 2712 sive
763 2692 822 2711 ars.

163 2729 265 2760 Iidem
289 2730 466 2762 Orientales
484 2737 557 2763 arte
585 2730 746 2771 sagittaria
769 2741 822 2760 ex-

208 2780 309 2811 VOL.
325 2780 389 2812 111.

886 1208 1053 1239 cellebant.
1090 1205 1219 1240 Plinius,
1246 1204 1328 1234 Hist.
1340 1204 1416 1234 Nat.
1432 1201 1475 1232 vi.
1496 1201 1544 1231 17.

887 1258 1000 1298 Itaque
1024 1262 1055 1286 et
1075 1256 1184 1285 Horat.
1205 1255 1232 1284 Ι.
1254 1253 1316 1284 Od.
1340 1252 1425 1282 xxix.
1448 1253 1480 1281 9.
1504 1250 1543 1280 de

889 1317 983 1347 puero
999 1304 1163 1336 Parthico:
1190 1303 1304 1334 Doctus
1328 1303 1454 1343 sagittas
1477 1306 1540 1329 ten-

890 1358 959 1386 dere
974 1356 1089 1385 Sericas
1104 1365 1178 1384 arcu
1190 1359 1326 1392 paterno.

932 1405 984 1435 56.
1012 1404 1110 1434 Lenta
1134 1414 1259 1437 cornua,
1284 1398 1433 1431 flexibilia
1455 1408 1544 1428 arcus

889 1464 1015 1484 cornua.
1053 1454 1145 1488 Aula,
1163 1451 1194 1481 id
1210 1457 1257 1482 est
1273 1449 1395 1480 atrium.
1433 1448 1544 1478 Putem

888 1508 1002 1538 tamen,
1018 1501 1227 1533 revocandum
1242 1510 1307 1530 esse
1327 1501 1359 1528 in
1379 1510 1444 1533 ara,
1460 1495 1544 1537 quod

888 1562 994 1582 omnes
1017 1551 1135 1582 habent
1156 1555 1267 1592 praeter
1288 1549 1362 1579 Jun.
1388 1553 1418 1577 et
1447 1556 1543 1576 unum

888 1599 1047 1636 Gronovii,
1061 1600 1144 1630 unde
1159 1600 1358 1630 Burmannus
1370 1594 1492 1636 accepit
1509 1596 1543 1624 in

887 1651 971 1680 (tulo.
987 1649 1040 1679 xii.
1056 1650 1130 1679 215.
1150 1649 1269 1689 ignibus
1294 1648 1374 1676 atria
1387 1645 1541 1687 fumant3

885 1700 959 1730 271.
992 1699 1070 1729 Ecce
1106 1700 1189 1738 rapit
1225 1697 1327 1726 mediis
1353 1696 1543 1736 flagrantem

888 1749 1012 1779 Rhaetus
1040 1749 1076 1778 ab
1104 1749 1165 1777 aris
1196 1747 1374 1776 Primitium.
1410 1751 1542 1779 torrem3

887 1796 940 1838 qui
966 1797 1052 1828 locus
1077 1801 1180 1826 nostro
1199 1794 1385 1825 simillimus.
1430 1792 1545 1822 Fumus

886 1851 990 1877 autem
1005 1856 1060 1887 per
1076 1845 1213 1875 foramen
1229 1843 1304 1874 tecti
1319 1842 1436 1873 abibat.
1464 1841 1541 1871 Con-

877 1895 981 1936 fudit.
1042 1894 1315 1936 Cooffundebantur
1354 1891 1545 1921 lineamenta

886 1944 956 1980 oris,
983 1955 1022 1975 ne
1049 1943 1314 1984 dignoscerentur.
1360 1941 1434 1977 Ora,
1454 1945 1543 1970 notas

886 1999 918 2024 et
938 1993 1127 2024 lineamenta
1148 1991 1220 2022 oris.
1266 1992 1343 2021 Mox
1360 2000 1450 2021 versu
1465 1990 1541 2019 292.

885 2044 1009 2072 discussi
1031 2043 1139 2072 ossibus
1164 2042 1235 2070 oris.
1274 2039 1366 2070 Conf.
1391 2037 1447 2069 xii.
1470 2038 1544 2068 251.

885 2091 989 2128 Silius,
1001 2093 1042 2123 iv.
1056 2092 1130 2121 380.
1144 2090 1300 2131 perfracta
1314 2091 1346 2119 vin
1358 2099 1406 2118 ore
1419 2093 1543 2118 cruento

888 2141 959 2171 Ossa
973 2146 1092 2171 sonant.

929 2190 981 2220 59.
1015 2189 1178 2224 Laudatos,
1207 2186 1363 2229 pulchros.
1392 2185 1446 2216 xii.
1470 2185 1544 2215 398.

888 2240 1013 2269 laudata
1040 2239 1195 2278 artificum
1215 2239 1314 2277 signa.
1352 2235 1397 2265 II.
1420 2234 1496 2264 Am.
1522 2233 1543 2264 i.

887 2289 940 2319 93.
956 2289 1082 2317 laudam
1092 2286 1180 2327 fame
1192 2285 1312 2325 puellae.
1351 2284 1487 2318 Jactare,
1505 2282 1544 2313 de

888 2336 1023 2366 moribus
1046 2335 1254 2366 morientium.
1282 2345 1313 2364 x.
1338 2334 1423 2370 7213
1455 2332 1544 2372 Virg.

889 2387 964 2416 AEn.
980 2384 1022 2415 xi.
1039 2385 1112 2415 669.
1128 2396 1178 2414 suo
1199 2395 1228 2414 se
1251 2385 1284 2413 in
1300 2384 1423 2413 vulnere
1438 2388 1546 2412 versat.

889 2435 1114 2469 Junctissimus,
1154 2431 1436 2474 conjunctissimus,
1467 2430 1543 2461 ami-

889 2483 1041 2514 cissimus.
1094 2482 1188 2512 Tales
1216 2483 1344 2516 comites,
1367 2479 1461 2510 etiam
1487 2479 1543 2509 AE-

890 2532 973 2562 neid.
991 2531 1033 2562 ix.
1051 2531 1229 2561 177-179.
1275 2530 1335 2559 Sub
1357 2530 1491 2563 vulnere,
1506 2538 1545 2558 ex

890 2580 1030 2611 vulnere.
1069 2580 1129 2610 Sub
1143 2578 1258 2621 passim
1274 2588 1401 2608 causam
1416 2576 1546 2612 indicat,

890 2629 955 2660 vid.
979 2628 1154 2669 Schulting.
1183 2627 1222 2658 ad
1246 2628 1358 2657 Senec.
1383 2626 1472 2656 Suas.
1493 2624 1547 2656 vii.

893 2679 957 2713 Quo
978 2678 1058 2717 plus,
1083 2683 1144 2707 etc.
1190 2677 1239 2707 Cf.
1262 2675 1314 2707 xii.
1335 2676 1419 2706 292:
1448 2674 1546 2705 Puero

890 2739 952 2767 qua>
965 2726 1156 2768 gloriafuso.

1018 2776 1047 2805 N
1062 2787 1081 2806 n
