1729 3207
298 210 386 252 DE
419 210 635 252 OPERE
668 209 1321 253 METAMORPHOSEON.
1395 215 1508 255 xxvii

274 325 364 362 Jam
381 325 475 362 mihi
495 324 654 362 subduci
673 324 787 362 facies
806 324 973 362 humana
991 325 1167 363 videtur:

273 387 301 424 J
303 401 364 425 am
382 388 488 425 cibus
506 387 622 425 herba
639 387 763 438 placet
775 402 787 432 3
811 387 892 437 jam
910 388 998 426 latis
1018 402 1168 427 currere
1187 390 1327 441 campis

276 450 451 501 Impetus
469 457 538 488 est.

119 556 227 598 Mox
247 556 438 611 sequitur
457 556 634 597 mutatio
655 557 769 610 ipsa:

639 655 732 693 Pars
751 663 809 693 est
829 663 1007 695 extrema·
1019 659 1181 708 querelae

271 719 476 757 Intellecta
493 732 642 769 parum,
663 719 892 770 confusaque
911 722 1025 758 verba
1044 722 1164 760 fuere.

274 782 370 820 Mox
388 795 457 819 nec
470 782 584 819 verba
601 781 767 831 quidem,
788 795 858 819 nec
876 796 959 832 quae
978 798 1090 821 sonus
1110 785 1176 822 ille
1196 785 1360 831 videtur,

274 844 352 882 Sed
370 844 585 882 simulantis
603 858 762 894 equam,
791 859 981 897 parvoque
1000 848 1041 884 in
1060 855 1230 899 tempore
1250 857 1370 888 certos

273 908 410 946 Edidit
428 908 615 950 hinnitus,
635 917 673 945 et
691 908 843 946 brachia
863 911 980 947 movit
1000 911 1039 947 in
1058 911 1204 949 herbas.

273 971 376 1009 Tum
394 971 505 1021 digiti
523 977 674 1014 coeunt,
694 977 733 1008 et
752 971 886 1021 quinos
905 972 1048 1022 adligat
1070 987 1217 1023 ungues

273 1035 466 1086 Perpetuo
484 1048 599 1071 cornu
617 1034 711 1072 levis
730 1035 895 1085 ungula:
927 1036 1059 1074 erescit
1080 1043 1118 1073 et
1137 1037 1210 1074 oris

274 1098 329 1136 Et
349 1097 434 1135 colli
453 1097 616 1147 spatium
632 1111 640 1133 ε
670 1096 791 1147 longae
808 1111 894 1147 pars
913 1097 1049 1135 ultima
1067 1098 1179 1148 pallae

274 1160 406 1198 Gauda
425 1160 490 1197 fit:
520 1167 638 1210 utque
658 1161 743 1210 vagi
763 1161 884 1198 crines
903 1174 970 1212 per
990 1161 1084 1199 colla
1098 1162 1289 1211 jacebant,

274 1223 322 1261 In
341 1224 493 1261 dextras
512 1224 637 1261 abiere
651 1224 775 1273 jubas.

122 1337 380 1391 Quanquam
403 1335 473 1377 hic
500 1336 670 1390 ingenio
695 1337 853 1377 abusus
877 1343 942 1377 est
966 1343 1110 1391 poeta,
1133 1344 1364 1378 extremam
1384 1338 1509 1393 pallae

119 1423 285 1471 partem
307 1415 350 1456 in
377 1415 557 1457 caudam
581 1413 897 1455 transformans,
950 1415 1160 1470 Daphnes
1192 1416 1279 1457 fato
1308 1417 1506 1467 instante,

120 1496 147 1537 i.
172 1496 276 1537 548:

587 1574 732 1625 Torpor
750 1575 875 1625 gravis
894 1574 1037 1625 adligat
1057 1582 1173 1620 artus,

276 1636 413 1674 Mollia
431 1637 638 1687 cinguntur
656 1638 765 1675 tenui
783 1638 986 1688 praecordia
1004 1638 1112 1675 libro.

275 1700 324 1737 In
342 1699 515 1738 frondem
533 1700 668 1744 crines,
688 1700 728 1736 in
746 1713 867 1737 ramos
885 1700 1038 1737 brachia
1057 1708 1243 1738 crescunt.

278 1763 367 1809 Pes,
388 1763 497 1801 modo
515 1770 594 1801 tam
608 1763 731 1807 velox,
751 1763 866 1813 pigris
887 1763 1074 1801 radicibus
1093 1765 1235 1801 haeret:

275 1825 354 1864 Ora
373 1840 552 1865 cacumen
571 1827 649 1864 obit
662 1841 674 1871 ,-
702 1834 872 1864 remanet
891 1827 992 1864 nitor
1011 1840 1111 1864 unus
1130 1827 1170 1864 in
1190 1827 1266 1865 illa.

123 1950 239 1991 Saxa
257 1965 387 1991 unum
400 1949 564 1991 vultum
578 1949 753 1999 habent,
768 1965 846 1991 nec
867 1957 1011 2005 partes
1028 1950 1357 2000 discriminatas3
1381 1949 1512 1991 nihilo

122 2036 263 2070 tamen
281 2029 419 2070 minus
440 2030 483 2070 in
503 2045 553 2071 ea
573 2045 743 2084 quoque
772 2030 997 2070 transitum
1015 2029 1207 2084 jucunde
1228 2029 1446 2078 describit,
1468 2029 1509 2069 ii.

126 2107 222 2156 820,
244 2107 319 2148 ubi
340 2106 533 2163 Aglauro

280 2211 443 2262 Surgere
462 2213 614 2249 conanti
632 2220 770 2263 partes,
791 2227 1034 2264 quascunque
1053 2214 1219 2251 sedendo

280 2275 504 2320 Flectimus,
524 2276 660 2326 ignava
678 2284 873 2327 nequeunt
892 2277 1078 2327 gravitate
1096 2278 1248 2314 moveri.

281 2337 353 2375 Illa
371 2337 524 2388 quidem
542 2346 646 2376 recto
663 2346 808 2389 pugnat
827 2353 867 2376 se
887 2338 1062 2376 attollere
1081 2346 1237 2376 trunco:

281 2399 359 2437 Sed
377 2414 545 2450 genuum
558 2401 741 2450 junctura
759 2401 870 2451 riget,
890 2401 1086 2451 frigusque
1105 2414 1173 2451 per
1193 2408 1297 2438 artus

280 2462 456 2506 Labitur,
476 2469 515 2500 et
532 2462 678 2513 pallent
698 2463 832 2501 amisso
851 2463 1033 2512 sanguine
1052 2477 1169 2501 venae.

437 2525 582 2563 Letalis
600 2527 721 2564 hiems
739 2527 923 2577 paulatim
942 2527 981 2563 in
1001 2533 1152 2576 pectora
1172 2526 1290 2569 venit,

284 2587 510 2638 Vitalesque
531 2589 608 2626 vias
627 2595 666 2626 et
684 2589 930 2639 respiramina
949 2588 1095 2626 clausit.

284 2650 327 2686 N
329 2664 371 2687 ec
389 2658 520 2688 conata
539 2651 642 2702 loqui
660 2659 717 2689 est
729 2667 742 2697 ,-
771 2666 854 2696 nec,
874 2652 905 2689 si
925 2661 1058 2690 conata
1076 2653 1224 2696 fuisset,

283 2712 399 2750 Vocis
417 2713 572 2752 haberet
591 2714 688 2760 iter,·
717 2729 851 2752 saxum
865 2716 946 2765 jam
965 2715 1060 2753 colla
1077 2716 1244 2757 tenebat,

286 2775 439 2827 Oraque
459 2777 667 2816 duruerant
684 2793 691 2815 :
723 2779 949 2830 signumque
967 2792 1156 2854 exsgngue
1175 2777 1339 2816 sedebat„
