1763 3181
371 189 996 232 METAMORPHOSEON
1028 190 1149 232 LIB.
1184 191 1292 233 VII.

1449 193 1535 235 465

144 302 274 350 Hinc
300 303 548 367 Anaphen
574 304 667 351 sibi
686 304 870 367 jungit,
897 312 946 353 et
971 304 1266 369 Astypaleia
1289 322 1469 369 regna3

140 380 404 427 Promissis
430 379 693 443 Anaphen,
720 396 874 442 regna
898 381 1191 445 Astypaleia
1213 383 1362 430 bello.

142 456 274 503 Hinc
299 456 540 503 humilem
571 456 844 520 Myconon,
872 464 1171 521 cretosaque
1195 475 1308 506 rura
1334 460 1533 516 Cimoli,

142 533 527 596 Florentemque
567 533 822 596 Cythnon,

340 609 533 672 riphon,

862 534 1074 597 Scyron,
1102 535 1404 598 planamque
1444 537 1534 584 Se-

1209 611 1366 673 [Arne
1434 616 1531 660 464

143 685 581 749 Marmoreamque
615 686 796 743 Paron,
836 702 1092 750 quamque
1129 687 1283 751 impia
1318 689 1536 752 prodidit

145 762 384 819 Sithonis,
412 771 637 828 accepto,
665 765 800 827 quod
826 781 972 812 avara
996 772 1309 828 poposcerat,
1338 782 1484 814 auro:

144 839 343 887 Mutata
367 847 444 888 est
466 840 517 886 in
543 857 700 897 avem,
729 857 840 904 quae
866 858 997 888 nunc
1032 858 1235 904 quoque
1261 842 1424 905 diligit
1449 859 1533 890 au-

146 915 303 979 Nigra
318 917 516 980 pedem,
528 918 680 980 nigris
696 919 859 965 velata
872 918 1142 965 monedula
1158 919 1352 982 pennis.
1377 920 1532 981 [rum3

142 992 211 1040 At
234 1010 332 1040 non
359 993 573 1050 Oliaros,
596 994 948 1058 Didymaeque,
971 1002 1022 1042 et
1045 995 1226 1051 Tenos,
1252 1003 1302 1042 et
1322 995 1536 1053 Andros,

186 1165 262 1195 461.
288 1164 371 1195 Hinc
387 1165 544 1205 Anaphen,
560 1165 638 1205 etc.]
679 1165 806 1196 Catalo-

143 1223 202 1254 gus
228 1213 338 1244 harum
365 1213 537 1245 insularum
562 1213 663 1244 Cretae
691 1213 808 1244 vicina-

143 1273 209 1293 rum
227 1262 388 1293 commode
405 1262 533 1304 quidem
554 1273 635 1293 nunc
657 1263 809 1304 potuisset

143 1310 256 1347 omitti,
290 1311 545 1352 quandoquidem
581 1322 642 1342 non
680 1311 808 1343 historia

144 1359 263 1390 Minois
286 1365 446 1399 narratur,
475 1360 531 1391 sed
555 1360 737 1392 eruditionis
760 1371 809 1392 os-

146 1409 303 1440 tentandae
334 1420 429 1440 causa
452 1410 529 1441 talia
550 1410 767 1441 inserebantur
792 1421 811 1442 a

144 1457 256 1500 poetis.
312 1459 498 1499 Astypaleia,
527 1469 583 1501 pro
620 1460 807 1500 Styphnleia,

145 1507 225 1538 bene
248 1506 337 1538 dedit
354 1507 487 1549 Regius.
532 1506 624 1538 Illius
647 1509 727 1538 enim
754 1519 808 1539 no-

145 1555 238 1586 minis
252 1555 354 1586 insula
369 1556 457 1587 nulla
469 1555 502 1586 in
516 1555 736 1598 Archipelago.

187 1606 261 1636 463.
300 1605 653 1645 Humilem—plurmum]
703 1607 808 1642 Quum

147 1656 289 1697 Myconos
309 1666 328 1686 a
344 1656 488 1696 Virgilio,
505 1657 583 1686 AEn.
598 1655 644 1686 iii.
661 1657 713 1686 74.
733 1657 809 1687 celsa

144 1705 287 1743 dicatur3
310 1704 445 1744 Seriphos
465 1710 569 1735 autem
587 1704 668 1735 inter
684 1714 812 1736 saxosas

144 1754 262 1786 insulas
275 1753 437 1790 referatur,
451 1754 537 1784 varie
547 1753 732 1795 interpretes
744 1754 811 1785 haec

143 1803 285 1846 epitheta
295 1808 327 1835 et
334 1803 551 1839 emendarunt,
561 1808 593 1833 et
603 1803 812 1844 explicarunt,

143 1854 272 1884 Fatetur
296 1853 498 1883 Burmannus
525 1862 652 1883 manere
676 1852 735 1883 sibi
758 1863 812 1884 no-

145 1902 221 1934 dum
236 1913 298 1933 non
317 1901 509 1933 solvendum.
555 1902 677 1943 Nempe
698 1902 808 1933 insulae

145 1952 208 1983 illae
224 1951 370 1983 videntur
384 1951 460 1982 litus
475 1950 593 1982 acclive
610 1951 767 1987 habuisse,
779 1957 811 1982 et

146 2001 191 2033 sic
206 2001 262 2032 illa
277 2002 411 2036 humilis,
428 2000 496 2031 haec
510 2001 603 2040 plana
621 2000 727 2031 fuisse.
757 2001 810 2032 Sic

146 2055 244 2087 certe,
274 2051 396 2081 humilis
423 2049 529 2085 Italia,
554 2049 643 2090 Virg.
663 2051 740 2080 AEn.
763 2050 810 2081 iii.

146 2100 230 2130 522:
257 2098 327 2129 vide
343 2098 460 2140 Heynii
473 2099 604 2129 Excurs.
614 2097 656 2129 iv.
669 2099 709 2129 ad
722 2099 813 2129 illum

146 2149 272 2180 librum.
323 2148 385 2178 Pro
407 2149 587 2188 planamque
610 2153 717 2178 tamen
740 2159 813 2179 cum

147 2197 313 2228 Constant.
358 2197 383 2226 F
386 2206 493 2227 anens.
508 2207 690 2237 parvamque
704 2197 813 2237 legen-

147 2247 223 2278 dum
252 2245 392 2282 arbitror,
424 2246 499 2287 quia
532 2257 630 2285 parva
665 2239 812 2286 Seriphos,

147 2295 243 2326 etiam
270 2307 302 2326 v.
330 2296 405 2326 242.
435 2301 467 2325 et
496 2295 580 2335 apud
609 2295 812 2326 Juvenalem.

148 2344 222 2376 Fuit
248 2344 342 2380 enim,
367 2350 493 2375 auctore
520 2344 637 2380 Plinio,
665 2344 815 2376 circuitus

147 2394 216 2436 ejus
231 2392 354 2424 nonnisi
368 2392 425 2424 xii.
441 2392 541 2423 millia
554 2403 714 2434 passuum.
739 2395 815 2425 Pla-

151 2454 191 2472 na
205 2447 312 2473 contra
328 2452 391 2472 non
406 2441 478 2477 fuit,
495 2441 551 2472 sed
567 2452 689 2483 aspera.
738 2443 812 2473 Cre-

151 2498 212 2522 tosa
226 2503 304 2522 rura
320 2492 438 2522 Cimoli.
477 2491 609 2521 Cimolus
623 2497 741 2522 cretam
756 2491 812 2522 ha-

149 2542 259 2577 bebat,
291 2552 361 2582 quae
389 2540 560 2582 purgandis
589 2540 728 2571 vestibus
758 2541 814 2571 ad-

151 2590 337 2621 hibebatur:
375 2589 447 2620 vide
476 2589 615 2620 Plinium
641 2600 737 2621 xxxv.
765 2591 814 2620 17.

154 2640 285 2680 Cythnos
313 2638 436 2671 Cimolo
470 2638 585 2669 vicina.
645 2638 816 2669 Florentem

152 2688 236 2719 nude
260 2688 405 2730 positum,
426 2694 493 2718 tum
520 2689 634 2728 Scyron
659 2688 726 2718 sine
750 2687 814 2729 epi-

154 2738 240 2768 theto
249 2737 449 2768 offendebant
461 2737 636 2772 nonnullos,
651 2742 683 2767 ut
698 2736 814 2777 Micyl-

876 1166 940 1196 lum
958 1170 989 1196 et
1008 1165 1174 1197 Heinsium
1195 1177 1334 1208 quorum·
1350 1167 1405 1199 ille
1427 1168 1541 1199 suade-

876 1215 930 1245 bat
945 1215 995 1246 vel
1016 1215 1244 1256 Florentemque
1263 1228 1339 1247 auro
1364 1218 1435 1258 (aut
1449 1217 1541 1258 viris)

876 1264 987 1304 Syron,
1016 1264 1066 1294 vel
1098 1265 1266 1295 florentem
1299 1267 1359 1295 viro
1383 1266 1541 1307 (Achille,

877 1312 931 1353 qui
963 1312 1017 1343 illo
1047 1319 1183 1354 tempore
1215 1313 1299 1354 apud
1329 1314 1540 1355 Lycomedem

877 1361 1076 1401 servabatur)
1108 1362 1233 1402 Scyron.
1294 1361 1356 1392 Hic
1387 1363 1540 1400 malebat,

878 1409 1106 1450 Florenlemque
1129 1411 1228 1450 thymo
1254 1410 1395 1451 Cythnon
1411 1411 1460 1442 vel
1485 1414 1541 1453 Sy-

877 1471 931 1490 ron
944 1471 956 1497 ,·
980 1459 1229 1490 laudatissimum
1243 1461 1326 1493 enim
1342 1461 1436 1492 fuisse
1451 1472 1543 1493 omne

878 1509 939 1539 mel
965 1507 1166 1549 Cycladium.
1219 1508 1292 1540 Sine
1317 1519 1421 1540 causa.
1468 1511 1540 1541 Flo-

878 1568 946 1587 rens
973 1558 1079 1587 civitas
1107 1556 1233 1587 omnino
1267 1557 1388 1599 pollens
1417 1558 1542 1600 opibus,

877 1605 1036 1647 opulenta.
1061 1605 1129 1636 Cic.
1146 1606 1242 1636 Rosc.
1258 1607 1305 1636 18.
1321 1607 1452 1647 majores
1466 1618 1542 1638 rem-

873 1656 1026 1695 publicam
1041 1655 1289 1695 florentissz'mam
1312 1657 1393 1686 nobis
1414 1657 1542 1697 relique—

876 1711 964 1735 runt.
988 1704 1152 1735 Cornelius
1175 1704 1257 1745 Nep.
1272 1704 1337 1735 xxi.
1354 1706 1387 1736 2.
1412 1706 1544 1737 Decessit

868 1754 1001 1792 florente
1018 1764 1119 1795 regno.

923 1805 997 1834 465.
1014 1803 1270 1843 BIarmorenmque
1286 1803 1420 1844 Parnm]
1447 1805 1544 1836 Paros

879 1853 972 1884 etiam
988 1863 1050 1883 una
1063 1863 1080 1882 e
1095 1852 1297 1893 Cycladibus,
1310 1852 1409 1894 primo
1422 1854 1545 1890 Platea,

877 1902 991 1933 deinde
1006 1901 1125 1932 Minois
1137 1902 1307 1943 appellata,
1319 1913 1388 1943 quae
1404 1902 1544 1945 lapidem

877 1950 1033 1993 producit,
1064 1961 1158 1992 quem
1187 1955 1302 1981 vocant
1330 1950 1470 1987 Parium,
1501 1952 1543 1983 ad

878 2010 1067 2031 marmoreas
1111 2000 1288 2041 sculpturas
1333 2000 1543 2042 aptissimum.

882 2051 1047 2089 Quamque,
1074 2053 1135 2080 etc.
1181 2050 1302 2080 Fabula
1330 2049 1448 2091 ignota,
1470 2050 1545 2082 hinc

879 2098 973 2128 lectio
987 2098 1118 2129 incerta.
1156 2098 1320 2128 Revocavi
1333 2099 1479 2140 equidem
1491 2111 1544 2131 ve-

880 2152 978 2178 terem
1003 2157 1022 2178 a
1046 2148 1227 2177 Burmanno
1251 2152 1378 2183 motam,
1402 2160 1547 2189 quamque

880 2198 970 2236 impia
984 2198 1119 2236 prodidit
1130 2197 1223 2226 Arne.
1270 2197 1316 2226 Ex
1329 2196 1485 2227 sententia
1500 2202 1547 2227 ta—

881 2256 953 2275 men
973 2244 1132 2276 Lactantii
1152 2244 1223 2285 lege
1239 2246 1335 2280 Arne,
1353 2245 1546 2276 nominativo

881 2304 966 2325 casu.
1020 2295 1177 2324 Praeterea
1204 2304 1259 2335 pro
1287 2293 1418 2324 Sithonis
1446 2294 1546 2325 Hein-

882 2343 945 2374 sius
972 2342 1099 2384 conjicit
1124 2343 1268 2382 Siphnon,
1295 2349 1323 2373 et
1350 2350 1482 2383 accepto,
1510 2350 1546 2375 ut

882 2392 1017 2423 allusum
1044 2392 1084 2421 sit
1109 2391 1150 2421 ad
1176 2391 1367 2422 aurifodinas
1389 2392 1546 2433 Siphnias,

883 2441 921 2471 de
933 2441 1046 2482 quibus
1062 2441 1153 2482 plura
1166 2440 1332 2481 congessit.
1366 2441 1469 2477 Certe,
1486 2452 1547 2473 non

882 2489 959 2520 satis
981 2494 1122 2530 apparet,
1138 2500 1192 2519 cur
1207 2488 1341 2520 Ovidius
1365 2489 1475 2520 insulae
1500 2489 1546 2531 ip-

882 2538 945 2570 sius
961 2548 1074 2568 nornen
1094 2537 1233 2568 omiserit
1248 2543 1280 2568 et
1302 2538 1474 2580 periphrasi
1492 2540 1547 2569 ob—
1581 2538 1588 2544 '

883 2597 974 2617 scura
988 2597 1062 2617 usus
1075 2587 1125 2616 sit.
1156 2586 1342 2624 Monedula,
1361 2587 1436 2628 quia
1447 2597 1545 2628 saepe-

885 2646 1012 2666 numero
1040 2642 1171 2665 monetas
1200 2645 1311 2665 aureas
1339 2636 1449 2672 aufert,
1475 2635 1548 2667 inde

885 2696 995 2716 nomen
1017 2684 1174 2726 accepisse
1190 2683 1384 2715 credebatur.
1435 2685 1546 2717 Vatari.

884 2733 923 2764 de
939 2733 1059 2775 pennis.
1076 2739 1109 2763 ut
1124 2731 1188 2763 xiii.
1205 2734 1257 2763 53.
