1763 3181
255 188 340 231 380
643 187 694 228 Ρ.
727 186 939 229 OVIDII
976 187 1253 232 NASONIS

254 303 426 357 Addit,
452 309 503 349 et
527 302 744 349 infirmos
770 302 948 350 baculo
974 319 1174 367 quoque
1200 303 1411 352 sustinet
1433 312 1587 354 artus.

253 379 379 426 Tum
405 379 475 425 sic
501 394 612 426 orsa
635 379 798 441 loqui:
830 385 861 403 “
883 379 997 426 Non
1021 380 1187 427 omnia
1212 381 1441 443 grandior
1465 390 1600 439 aetas,

255 455 378 510 Quae
402 454 663 518 fugiamus,
689 456 868 504 habet:
909 457 1031 504 seris
1056 457 1190 504 venit
1214 474 1333 505 usus
1359 459 1421 506 ab
1442 460 1599 507 anniS.

256 531 533 579 Consilium
558 548 619 579 ne
645 547 824 595 sperne
848 549 1041 581 meum:
1070 533 1161 580 tibi
1185 533 1316 582 fama
1340 542 1537 599 petatur
1571 538 1634 583 30

254 608 392 656 Inter
416 609 648 656 mortales
674 608 912 657 faciendae
937 610 1155 658 maxima
1178 612 1320 658 lanae.

255 685 394 732 Cede
421 685 558 741 Deae,
583 685 880 749 veniamque
904 686 1002 734 tuis
1028 688 1288 735 temeraria
1311 687 1458 735 dictis

255 761 492 825 Supplice
516 778 637 809 voce
662 778 805 824 roga:
833 762 1027 810 veniam
1051 763 1191 811 dabit
1214 764 1298 812 illa
1321 764 1562 826 roganti.'''

251 838 448 901 Aspicit
471 838 597 885 hanc
616 838 782 894 torvis,
810 839 1126 903 incoeptaque
1150 840 1232 887 fila
1257 840 1513 903 relinquit3

251 913 452 977 Vixque
467 930 666 962 manum
681 915 913 972 retinens,
926 915 1251 979 confessaque
1262 917 1477 963 vultibus
1493 916 1630 972 iram,

252 990 459 1038 Talibus
484 993 745 1039 obscuram
771 1000 1037 1056 resequuta
1056 1000 1133 1041 est
1148 993 1356 1040 Pallada
1369 992 1543 1041 dictis:
1571 996 1633 1040 36

251 1074 281 1093 “
309 1068 496 1116 Mentis
525 1069 683 1133 inops,
713 1071 959 1134 longaque
984 1070 1120 1118 venis
1145 1069 1372 1118 confecta
1395 1076 1613 1126 senecta,

254 1144 320 1192 Et
344 1145 549 1192 nimium
573 1145 758 1193 vixisse
782 1147 867 1194 diu
891 1153 1066 1194 nocet:
1107 1146 1273 1194 audiat
1296 1147 1433 1203 istaS,

255 1220 308 1268 Si
334 1237 434 1284 qua
458 1222 549 1269 tibi
574 1239 724 1270 nurus
749 1230 842 1279 est,
870 1222 910 1270 si
937 1239 1038 1286 qua
1061 1230 1138 1272 est
1160 1223 1250 1270 tibi
1275 1223 1390 1280 filia,
1415 1239 1589 1271 voces:

253 1297 462 1345 Consilii
487 1298 607 1346 satis
633 1306 710 1346 est
734 1300 783 1346 in
808 1316 888 1348 me
913 1300 1059 1358 mihi;
1099 1316 1222 1348 neve
1246 1300 1492 1348 monendo

1566 1302 1632 1346 40

250 1373 530 1423 Profecisse
554 1382 715 1439 putes,
743 1377 917 1424 eadem
941 1377 1189 1425 sententia
1212 1377 1372 1425 nobis.

292 1508 346 1538 28.
370 1507 440 1538 Non
454 1510 564 1544 omnia,
576 1508 655 1549 etc.]
673 1508 833 1539 Senectuti
846 1519 906 1540 non

248 1557 322 1587 solae
358 1557 507 1588 molestiae
545 1557 701 1599 adjunctae
739 1563 822 1595 sunt,
851 1560 907 1591 sed

246 1605 331 1636 bona
346 1604 439 1636 etiam
453 1605 608 1648 quaedam,
624 1615 736 1648 nempe
751 1618 833 1644 usus,
852 1618 906 1638 ex-

248 1654 413 1696 perientia.
469 1656 540 1686 Jam
584 1655 729 1686 Muretus
766 1656 907 1688 animad-

248 1703 351 1739 vertit,
379 1713 524 1744 expressa
552 1704 619 1734 haec
643 1714 710 1735 esse
734 1714 772 1735 ex
799 1705 907 1748 Eurip.

248 1751 362 1782 Phoen.
389 1763 455 1783 ver.
483 1754 566 1785 531:
593 1753 663 1794 Οὐχ
693 1754 830 1785 ἅπαντα
860 1756 908 1796 τῷ

247 1800 334 1843 γὴρᾳ
349 1802 430 1832 κακὰ
454 1802 642 1843 πρόσεστιν·
665 1801 741 1834 ἀλλ’
760 1802 780 1841 ἡ
805 1802 907 1845 ’μπει-

247 1849 301 1891 ρίιι
315 1850 381 1891 ἔχει
394 1862 424 1881 τι
439 1849 529 1886 λέξαι
539 1854 607 1882 τῶν
621 1849 703 1883 νέων
718 1851 908 1893 σοφώτερον.

248 1899 355 1929 Plaut.
378 1899 508 1929 Mostel.
526 1899 565 1930 V.
584 1898 628 1930 iii.
651 1900 709 1938 273
733 1900 841 1939 Sapere
868 1902 907 1931 is-

251 1949 318 1978 thac
333 1954 418 1978 ‹ttate
433 1955 554 1988 oportet,
571 1950 621 1988 qui
639 1955 710 1979 sunt
727 1951 823 1988 capite
837 1962 908 1981 can-

254 1999 334 2028 dido.
383 1997 482 2033 Venit,
500 2003 639 2040 paratur.
677 1998 742 2028 Seri
757 2001 842 2035 anni,
860 2010 907 2030 se-

252 2050 373 2076 nectus.
412 2045 511 2075 Ser-ior
525 2053 607 2081 (εἰπε,
623 2046 730 2077 Tibul.
746 2047 767 2077 i.
783 2049 813 2077 4.
847 2048 906 2078 Fa-

248 2095 359 2125 ciendae
383 2095 469 2124 lance.
514 2094 609 2125 Multi
633 2105 670 2125 ex
693 2095 829 2137 antiquis
845 2096 907 2127 Co-

246 2143 381 2178 dicibus,
412 2144 503 2179 teloe;
536 2143 579 2173 ita
616 2149 647 2174 et
676 2143 770 2185 Regii
799 2144 905 2176 nostri.

250 2191 362 2222 Facere
389 2191 503 2227 lanam,
528 2191 643 2222 locutio
665 2192 797 2235 propria,
823 2193 904 2224 unde

252 2241 433 2280 lanificium.

293 2290 345 2319 34.
371 2290 484 2328 Aspicit
508 2289 595 2325 lianc,
611 2290 691 2330 etc.]
718 2289 907 2322 Praeviderat

250 2338 358 2369 Pallas
374 2338 448 2374 fore,
465 2343 499 2368 ut
514 2339 642 2369 consilio
662 2339 715 2370 illo
738 2339 782 2370 ira
801 2351 907 2382 super-

248 2387 297 2417 bae
320 2386 458 2417 mulieris
481 2387 721 2419 exulceraretur.
770 2388 840 2419 Fila
861 2400 907 2419 re-

248 2437 368 2475 linquit.
392 2435 592 2466 Lovaniensis
617 2441 648 2466 et
676 2446 756 2466 unus
778 2447 815 2466 ex
841 2437 903 2467 Ba-

247 2484 441 2519 sileensibus,
460 2485 520 2524 fila
553 2487 675 2520 remisit,
704 2485 785 2526 quod
816 2496 904 2527 aeque

246 2534 362 2564 bonum
372 2533 494 2574 judicat
505 2533 651 2564 Heinsius
664 2546 671 2571 3
684 2534 737 2564 sed
750 2535 904 2565 Burman—

247 2592 306 2612 nus
333 2586 429 2617 notat,
457 2580 622 2613 discrimen
647 2593 713 2613 esse
735 2582 813 2613 inter
838 2582 904 2614 haec

248 2630 329 2661 duo:
363 2632 514 2661 remittere
543 2631 624 2661 enini
658 2632 759 2661 locum
790 2631 904 2662 habere

246 2684 324 2714 tum,
341 2689 435 2719 quum
456 2679 550 2709 animi
577 2680 713 2720 quadam
729 2680 903 2718 affectione,

248 2727 392 2767 languore
424 2734 477 2758 aut
503 2727 595 2758 simili
624 2739 709 2765 casu,
739 2739 776 2759 ex
807 2739 899 2760 manu

973 1508 1093 1550 aliquid
1119 1509 1237 1547 cadat3
1265 1510 1434 1549 relinquere
1457 1519 1529 1540 vero
1557 1508 1631 1546 dici,

973 1567 1070 1599 quum
1098 1563 1207 1599 sponte
1234 1563 1266 1587 et
1289 1557 1426 1589 volentes
1452 1557 1632 1588 desinamus

972 1616 1063 1648 opus.
1100 1606 1213 1637 Manus
1233 1608 1375 1643 retinens,
1392 1617 1411 1638 a
1424 1606 1454 1637 vi
1470 1606 1632 1638 inferenda

974 1660 1005 1685 et
1029 1655 1089 1686 dea
1103 1655 1305 1686 verberanda.
1353 1655 1521 1696 Confitetur
1541 1662 1573 1686 et
1593 1655 1630 1691 is,

974 1703 1027 1745 qui
1057 1703 1175 1735 inscius
1199 1709 1230 1734 et
1252 1703 1368 1735 invitus
1390 1704 1485 1745 signis
1503 1704 1631 1746 quibus-

974 1753 1046 1783 dam
1075 1753 1171 1783 animi
1201 1758 1302 1784 motus
1326 1753 1439 1795 prodit.
1484 1753 1566 1785 Vide
1591 1753 1630 1784 ad

975 1801 1056 1833 Plin.
1079 1802 1144 1832 ΙΙΙ.
1169 1802 1229 1843 Ep.
1245 1802 1307 1833 xiv.
1332 1802 1363 1833 3.
1397 1801 1494 1833 Amat
1518 1802 1632 1833 Noster

974 1850 1056 1882 hune
1082 1861 1226 1881 versuum
1250 1861 1350 1887 usum,
1373 1861 1467 1893 quem
1490 1850 1555 1893 ipse
1576 1861 1629 1882 no-

974 1910 1064 1930 vasse
1082 1899 1215 1931 videtur.
1230 1900 1257 1931 I.
1269 1899 1323 1930 Tr.
1339 1899 1381 1930 iv.
1400 1901 1435 1929 ll
1452 1912 1459 1929 ι
1483 1899 1632 1941 confessus

973 1949 1072 1989 gelido
1091 1959 1200 1988 pavore
1225 1950 1368 1980 timorem.
1391 1948 1423 1979 ii.
1439 1949 1502 1979 525
1517 1960 1524 1978 ;
1541 1949 1630 1980 vultu

964 1997 1070 2038 fassus
1101 1997 1287 2028 Telamonius
1310 1999 1399 2028 iram.
1433 1997 1549 2028 Contra
1571 1998 1629 2028 AE-

975 2045 1057 2077 neid.
1078 2046 1118 2077 iv.
1143 2047 1226 2077 477:
1252 2048 1409 2077 consilium
1431 2046 1521 2076 vultu
1546 2047 1632 2087 tegit.

976 2094 1120 2135 Confiteri
1154 2096 1243 2125 vultu
1278 2098 1366 2132 iram,
1394 2105 1472 2126 nove
1499 2094 1630 2131 dictum,

972 2143 1049 2174 iram
1066 2143 1193 2185 prodere
1210 2144 1310 2175 vultu.
1349 2144 1381 2174 N
1384 2154 1419 2174 ec
1435 2146 1547 2184 resequi
1563 2154 1630 2185 pro,

972 2191 1166 2233 respondere,
1183 2192 1265 2233 apud
1287 2192 1490 2234 antiquiorem
1506 2198 1630 2234 poetam

972 2240 1116 2271 occurrit.
1161 2241 1287 2282 Legitur
1316 2247 1347 2272 et
1372 2241 1436 2272 viii.
1458 2242 1541 2279 863;
1564 2241 1630 2272 xiii.

974 2289 1046 2320 749.
1093 2289 1235 2326 Obscura,
1251 2290 1351 2321 latens
1373 2290 1430 2320 sub
1450 2290 1547 2320 forma
1571 2289 1628 2320 ali-

975 2349 1043 2374 ena,
1061 2344 1094 2368 ut
1109 2338 1234 2379 agnosci
1251 2337 1334 2369 haud
1355 2344 1470 2380 posset.
1513 2338 1629 2369 Similis

974 2387 1155 2429 increpatio,
1185 2387 1239 2419 sed
1269 2387 1442 2424 facundior,
1471 2388 1546 2418 AEn.
1575 2387 1628 2418 vii.

971 2436 1054 2466 440:
1082 2443 1109 2466 te
1129 2439 1208 2467 ricta
1234 2439 1294 2467 situ
1323 2438 1440 2477 verique
1460 2436 1560 2478 eflh‘ta
1584 2447 1627 2467 se-

971 2487 1201 2515 nectus—curis
1215 2486 1410 2525 nequidquam
1426 2492 1552 2516 exercet.
1586 2485 1627 2515 Et

971 2536 1107 2569 nimium,
1124 2540 1185 2565 etc.
1233 2536 1304 2565 Non
1324 2544 1444 2576 semper
1464 2533 1625 2576 experien-

971 2583 1046 2613 tiam
1076 2583 1170 2614 habet
1197 2590 1351 2620 senectus5
1387 2584 1442 2614 sed
1470 2583 1624 2614 interdum

969 2633 1064 2663 etiam
1082 2640 1173 2664 nocet.
1220 2634 1331 2664 Eadem
1354 2634 1501 2664 sententia
1521 2638 1626 2664 manet

970 2683 1060 2718 uobis,
1075 2692 1143 2724 quae
1160 2688 1251 2714 antea
1266 2682 1334 2714 fuit.
