1763 3181
390 180 1009 225 METAMORPHOSEON
1042 178 1162 220 LIB.
1196 177 1259 219 II.

1435 177 1515 218 191

134 301 286 347 Arma
309 305 511 347 assueta
527 298 681 362 rapit;
721 297 1008 359 flexumque
1038 311 1067 342 a
1090 294 1322 342 cornibus
1349 309 1516 340 arcum

134 377 341 434 Tendit3
382 383 432 424 et
455 376 539 422 illa
563 391 651 421 suo
677 374 823 421 toties
849 389 962 420 cum
987 379 1187 436 pectore
1207 372 1385 434 juncta

136 454 415 501 Indevitato
441 452 636 516 trajecit
660 458 863 515 pectora
887 450 1002 497 telo.

1418 449 1514 494 605

135 531 244 579 Icta
267 531 407 578 dedit
432 530 688 593 gemitum,
715 535 978 591 tractoque
1004 543 1033 574 a
1056 526 1260 573 vulnere
1285 523 1411 571 ferro

136 608 364 655 Candida
387 607 611 671 poeniceo
636 606 854 670 perfudit
877 605 1100 663 membra
1124 618 1325 658 cruore;

136 685 203 732 Et
227 685 381 733 dixit:
423 690 454 709 “
480 684 629 731 Potui
654 699 825 747 poenas
850 681 957 737 tibi,
986 680 1194 735 Phoebe,
1221 678 1448 735 dedisse;

138 763 240 811 Sed
264 762 519 827 peperisse
544 761 680 825 prius
700 779 709 809 :
738 762 835 808 duo
857 775 985 807 nunc
1011 758 1278 805 moriemur
1302 756 1350 802 in
1374 754 1521 802 una.''

137 839 392 887 Hactenus
414 858 424 898 ;
466 846 515 886 et
534 839 717 903 pariter
734 839 884 886 vitam
909 854 1023 884 cum
1048 835 1287 898 sanguine
1307 833 1434 880 fudit
1452 849 1461 880 :

138 917 333 981 Corpus
352 917 504 975 ⁴inane
530 916 706 964 animae
732 915 886 978 frigus
911 915 1060 963 letale
1087 919 1355 976 sequutum
1376 917 1468 958 est.

136 993 354 1042 Poenitet
377 994 500 1041 heu!
540 1010 647 1041 sero
672 1010 830 1058 poenae
856 993 1069 1041 crudelis
1096 997 1371 1047 amantem;
1427 991 1522 1036 612

137 1070 324 1134 Seque,
353 1072 487 1134 quod
513 1071 738 1126 audierit,
767 1071 902 1133 quod
927 1070 998 1117 sic
1024 1068 1280 1124 exarserit,
1308 1067 1435 1114 odit:

140 1147 261 1194 Odit
286 1164 441 1203 avem,
463 1164 551 1211 per
577 1164 728 1210 quam
749 1147 935 1194 crimen
960 1161 1264 1208 causamque
1289 1143 1489 1191 dolendi

139 1225 278 1273 Scire
320 1232 523 1272 coactus
566 1231 697 1282 erat3
738 1239 1060 1287 nervumque,
1100 1237 1389 1285 arcumque,
1421 1235 1523 1267 ma-

335 1318 555 1365 numque

138 1379 276 1435 Odit,
304 1395 520 1443 cumque
544 1395 709 1435 manu,
731 1378 993 1426 temeraria
1017 1378 1132 1433 tela,
1161 1376 1398 1440 sagittas:
1427 1377 1523 1422 616

138 1455 529 1520 Collapsamque
554 1456 711 1513 fovet3
753 1472 963 1518 seraque
988 1472 1082 1519 ope
1106 1455 1302 1501 vincere
1326 1453 1428 1500 fata

141 1532 329 1581 Nititur
350 1552 360 1591 3
402 1540 452 1580 et
476 1533 695 1580 medicas
721 1540 925 1581 exercet
949 1532 1158 1579 inaniter
1183 1538 1333 1578 artes.

139 1610 263 1665 Quae
287 1617 555 1675 postquam
579 1610 760 1657 frustra
784 1617 989 1666 tentata,
1017 1625 1295 1672 rogumque
1321 1607 1482 1671 parari

136 1773 207 1798 tura
222 1773 270 1799 est
293 1767 324 1798 in
339 1767 522 1804 vindictam,
546 1778 685 1809 poenam,
712 1774 797 1810 tropo

137 1817 235 1859 petito
264 1817 314 1847 vel
344 1827 362 1847 a
389 1817 570 1847 mulieribus
598 1816 798 1858 parturienti-

136 1866 207 1902 bus,
228 1866 276 1897 vel
301 1877 319 1897 a
343 1866 478 1897 nubibus
501 1871 718 1908 tempestatem
740 1866 797 1896 mi-

138 1916 296 1947 nantibus.
340 1916 422 1947 Vide
452 1916 611 1947 Schwartz.
642 1916 682 1946 ad
710 1915 796 1946 Plin.

138 1975 288 2006 panegyr.
326 1964 434 1996 xxviii.
480 1965 574 2004 Rapit
603 1964 642 1995 de
679 1964 798 2006 impetu

865 1771 956 1799 imme
989 1769 1106 1803 animae,
1135 1765 1359 1801 exanimatum,
1388 1769 1424 1794 ut
1453 1762 1528 1794 alibi

866 1821 956 1849 imme
983 1819 1154 1859 sanguinis.
1200 1816 1366 1856 Sequatum
1395 1820 1449 1849 est,
1477 1823 1529 1843 oc-

866 1868 1003 1910 cupavit.

909 1918 982 1948 614.
1009 1917 1081 1946 Odit
1097 1926 1190 1950 avem,
1206 1924 1344 1944 corvum.
1392 1913 1526 1947 Crimen,

867 1965 1029 1997 Coronidis
1053 1963 1255 1995 concubitum
1280 1973 1351 1992 cum
1378 1962 1532 1992 Haemonio

137 2015 319 2046 irascentis:
347 2025 377 2045 v.
406 2015 457 2045 64.
485 2026 574 2045 arcus
603 2016 725 2054 arripit.
772 2015 797 2044 A
857 2018 984 2056 juvene,
1010 2015 1145 2045 Nervwn
1160 2018 1192 2044 et
1206 2017 1304 2043 totum
1318 2023 1431 2042 arcum.
1455 2012 1532 2041 Post

138 2065 285 2100 cornibus,
301 2063 404 2105 quoad
426 2074 553 2094 cornua.
586 2064 714 2094 Pectora
720 2065 740 2103 j
746 2075 800 2093 un,-

134 2124 207 2154 gere
221 2124 304 2155 saepe
319 2114 357 2144 de
373 2113 520 2154 amplexu
535 2118 566 2143 et
581 2112 762 2144 concubitu.

181 2164 254 2194 605.
278 2162 461 2198 Indevitato‚
486 2168 593 2201 certo;
614 2162 802 2193 vocabulum

139 2213 178 2243 ab
204 2212 270 2254 ipso
292 2212 405 2243 Ovidio
432 2223 553 2248 cusum,
573 2218 608 2243 ut
630 2213 797 2242 indeclina-

141 2269 200 2297 tus,
216 2264 392 2302 indqy'ectus,
407 2268 467 2293 etc.

183 2313 256 2343 607.
269 2312 417 2347 Poenicer),
431 2312 494 2343 sive
504 2321 657 2353 purpureo
672 2321 778 2341 cruore
791 2322 799 2349 3

140 2362 184 2392 ita
198 2361 352 2404 φοινίκων
367 2361 459 2403 αἷμα.
490 2362 632 2403 Purpura
646 2361 729 2392 enim
744 2361 799 2391 ha-

142 2412 196 2442 bet
211 2413 398 2453 nigredinem
414 2412 608 2453 sanguineum
622 2422 632 2447 ,-
659 2409 802 2441 Cassiod.

142 2460 197 2491 lib.
208 2461 228 2491 i.
253 2461 345 2491 Varr.
361 2461 459 2502 Epist.
474 2460 509 2491 ii.
554 2460 632 2490 Cum
648 2469 802 2501 purpureo

141 2520 249 2541 cruore
272 2512 403 2541 candida
426 2510 488 2540 fere
513 2510 653 2540 membra
673 2509 799 2550 conjun-

143 2565 269 2600 guntur,
286 2564 410 2590 auctore
425 2560 571 2590 Homero.

186 2609 258 2640 609.
284 2609 353 2639 Duo
378 2621 459 2640 mmo
481 2612 640 2640 moriemur
663 2611 693 2639 z'u
718 2620 802 2645 una,·

143 2665 174 2689 et
197 2669 253 2699 ego
276 2663 306 2689 et
329 2657 431 2688 infans
454 2658 485 2688 in
509 2664 597 2689 utero
621 2664 803 2700 conceptus,

146 2707 259 2747 Corpus
270 2710 369 2744 inane,
382 2715 442 2738 etc.
458 2708 550 2738 Hunc
563 2718 682 2739 versum
697 2708 805 2738 abesse

143 2757 268 2788 mallem
283 2769 291 2793 ;
314 2757 392 2788 adeo
412 2757 542 2798 languet
556 2762 588 2788 et
602 2757 719 2788 otiosus
739 2762 804 2788 est:

869 2065 995 2096 nomina
1017 2063 1151 2106 partium
1173 2073 1234 2093 non
1256 2072 1324 2092 raro
1343 2060 1465 2102 ponitur
1486 2066 1532 2090 to-

870 2121 952 2145 tum:
977 2116 1114 2155 sagittas,
1131 2112 1247 2154 quippe
1269 2111 1429 2141 temeraria
1445 2109 1532 2151 (qui-

870 2164 928 2194 bus
943 2163 1008 2205 ipse
1024 2168 1150 2197 temere,
1166 2160 1340 2202 importune
1362 2170 1434 2189 usus
1449 2157 1532 2198 erat)

873 2214 942 2242 tela.
966 2211 1030 2242 Sic.
1046 2210 1112 2241 xiii.
1125 2211 1183 2240 401
1200 2222 1206 2239 :
1224 2216 1259 2239 ut
1275 2208 1401 2250 referat,
1420 2208 1532 2248 Tyrin-

868 2263 931 2292 thia
956 2263 1027 2296 tela,
1051 2263 1186 2302 sagittas.
1218 2258 1323 2288 Tibul.
1342 2258 1387 2288 II.
1407 2258 1449 2288 vi.
1473 2259 1530 2288 15:

857 2312 983 2352 fractas
998 2313 1128 2345 utinam,
1147 2315 1200 2339 tua
1217 2309 1286 2344 tela,
1302 2310 1437 2349 sagittas.
1482 2306 1535 2337 Ita

869 2366 899 2391 et
914 2360 1022 2395 Silius,
1037 2359 1058 2389 i.
1074 2359 1148 2389 322.

913 2410 986 2440 617.
1004 2409 1118 2439 Collabi
1134 2413 1166 2438 et
1180 2417 1320 2438 corruere
1335 2405 1482 2436 dicuntur
1497 2404 1530 2441 ii,

871 2458 924 2500 qui
941 2460 1108 2489 morientes
1127 2456 1255 2488 cadunt.
1303 2455 1403 2491 Fovet,
1420 2465 1533 2495 nempe

870 2508 1028 2551 amplexu,
1057 2512 1092 2538 ut
1114 2508 1198 2545 339;
1230 2517 1263 2536 x.
1290 2506 1361 2536 186.
1410 2505 1534 2534 Vincere

861 2558 948 2600 fata,
974 2556 1064 2587 morti
1089 2567 1159 2586 eam
1186 2554 1322 2596 eripere:
1350 2554 1472 2595 fatum,
1499 2557 1535 2582 ut

870 2609 979 2649 μοῖρα,
1005 2606 1042 2636 de
1067 2611 1178 2636 morte.
1237 2604 1372 2633 Medicas
1400 2608 1478 2631 artes
1503 2606 1535 2631 et

872 2666 965 2698 supra
988 2655 1019 2685 in
1040 2665 1072 2685 se
1092 2654 1159 2695 ipso
1179 2652 1217 2693 (i.
1233 2652 1324 2687 524.)
1346 2657 1377 2681 et
1398 2661 1480 2681 nunc
1503 2649 1535 2680 in

873 2711 989 2739 amata,
1007 2709 1039 2734 et
1054 2715 1085 2734 x.
1103 2704 1163 2733 186
1184 2703 1217 2732 in
1238 2700 1417 2742 Hyacintho
1439 2700 1534 2729 inter-

874 2755 968 2789 fecto,
985 2754 1132 2788 inaniter,
1148 2751 1212 2782 sine
1228 2750 1342 2785 fructu,
1358 2750 1521 2780 exercebat.
