1763 3181
231 189 316 230 232
609 190 658 230 Ρ.
693 189 903 231 OVIDII
954 189 1232 231 NASONIS

235 303 300 350 Et
324 304 508 358 Thous,
535 312 585 351 et
611 305 799 368 Cyprio
825 305 967 351 velox
993 320 1105 351 cum
1130 305 1278 352 fratre
1306 304 1529 368 Lycisce,

236 379 300 427 Et
324 381 511 443 nigram
539 382 698 428 medio
724 381 930 429 frontem
955 381 1218 428 distinctus
1245 382 1306 428 ab
1332 382 1445 428 albo
1513 384 1603 426 221

235 455 495 520 Harpalos,
511 466 560 504 et
576 457 852 513 Melaneus,
864 458 1151 520 hirsutaque
1163 473 1367 521 corpore
1386 457 1582 504 Lachne
1596 476 1607 513 ;

233 533 298 580 Et
322 541 461 597 patre
488 534 695 590 Dictaeo,
724 534 811 581 sed
837 541 993 581 matre
1020 533 1267 581 Laconide
1293 535 1410 590 nati,

231 610 417 658 Labros
443 618 492 658 et
517 611 777 673 Agriodos‚
805 619 856 659 et
881 619 1039 658 acutae
1062 610 1197 658 vocis
1225 609 1494 674 Hylactor;

231 687 468 750 Quasque
484 688 661 736 referre
673 704 808 735 mora
825 695 923 735 est:
953 704 1011 735 ea
1025 688 1168 734 turba
1183 687 1415 750 cupidine
1430 687 1609 750 praedae

230 764 328 811 Per
353 780 515 828 rupes,
543 765 891 828 scopulosque,
920 765 1157 827 adituque
1181 764 1400 810 carentia
1421 780 1558 818 saxa,

235 840 349 895 Qua
370 841 450 888 via
473 841 701 897 difficilis,
729 857 928 905 quaque
953 849 1030 888 est
1052 841 1130 887 via
1153 840 1302 896 nulla,
1329 841 1566 888 feruntur.

230 917 320 965 Ille
344 918 484 981 fugit,
511 935 599 983 per
624 935 735 982 quae
761 917 922 966 fuerat
949 919 1059 965 loca
1083 934 1214 981 saepe
1240 926 1498 981 sequutus.

230 993 341 1041 Heu
367 995 575 1043 famulos
601 995 728 1058 fugit
751 997 859 1060 ipse
884 996 1026 1043 suos!
1065 996 1277 1042 clamare
1302 994 1518 1042 libebat:

227 1070 434 1118 Actaeon
455 1088 546 1135 ego
568 1089 699 1129 sum;
740 1073 993 1119 dominum
1018 1071 1301 1134 cognoscite
1325 1078 1560 1118 vestrum.

226 1147 392 1195 Verba
406 1150 567 1196 animo
587 1150 790 1197 desunt:
820 1156 1017 1197 resonat
1034 1149 1293 1196 latratibus
1309 1148 1477 1196 aether.
1513 1151 1604 1194 231

227 1223 394 1272 Prima
419 1225 775 1275 Melanchaetes
802 1229 850 1275 in
875 1236 1012 1290 tergo
1036 1228 1238 1274 vulnera
1262 1226 1405 1283 fecit3

225 1301 462 1350 Proxima
476 1304 797 1352 Theridamas
815 1323 825 1361 ;
857 1304 1210 1367 Oresitrophos
1229 1303 1372 1349 haesit
1386 1302 1436 1348 in
1451 1318 1602 1349 armo.

224 1377 432 1426 Tardius
458 1380 696 1436 exierant,
724 1381 811 1428 sed
836 1397 924 1445 per
949 1381 1250 1444 compendia
1272 1379 1454 1426 montis

268 1512 340 1543 220.
367 1513 472 1549 Thous,
486 1513 577 1544 velox
598 1513 713 1544 dicitur
734 1519 766 1545 et
786 1514 882 1556 impe-

223 1566 338 1593 tuosus.
383 1562 528 1603 Lycisce;
551 1563 638 1594 canis
658 1573 695 1594 ex
718 1563 792 1605 lupo
812 1570 884 1595 nata

223 1610 336 1642 dicitur
359 1611 509 1652 Lycisca5
542 1611 586 1643 sic
603 1612 691 1654 Virg.
707 1613 743 1642 E.
759 1612 805 1643 iii.
822 1624 884 1644 ver.

226 1659 263 1689 18
277 1671 282 1688 :
308 1661 436 1690 multum
451 1662 584 1691 latrante
600 1660 738 1701 Lycisca.

264 1709 337 1740 221.
362 1709 532 1749 Harpal035
557 1720 665 1751 rapax.
704 1710 880 1748 Melaneus,-

222 1756 319 1798 niger.
378 1758 566 1799 Hirsutaque
595 1770 714 1798 corpore
749 1760 881 1790 Lachne·

223 1806 362 1838 Verbum
392 1807 431 1839 de
461 1808 553 1839 verbo
590 1807 741 1850 expressit
769 1816 880 1850 poeta;

223 1866 294 1885 nam
309 1857 413 1887 lachne
429 1857 570 1888 villorum
584 1857 722 1888 densitas
736 1857 860 1889 dicitur.

265 1906 338 1936 225.
362 1906 482 1942 Praeda,
509 1907 574 1938 sera
601 1913 693 1948 capta
706 1919 715 1945 ;
749 1909 881 1947 proedarz'

222 1964 276 1994 pro
306 1955 424 1991 venari,
456 1956 577 1997 ipsique
611 1956 689 1986 adeo
719 1962 881 1987 venatores

221 2001 366 2034 dicuntur
388 2007 583 2044 praedntores:
608 2004 679 2036 vide
702 2006 812 2036 Burm.
840 2006 879 2037 ad

222 2051 347 2082 Phaedr.
363 2053 408 2084 ΙΙ.
423 2053 485 2084 fab.
500 2053 521 2084 i.
536 2055 566 2084 2.
612 2053 713 2085 Canes
728 2054 758 2084 id
775 2055 882 2087 fecisse

222 2099 252 2130 h.
262 2100 283 2130 l.
299 2108 508 2133 memorantur
519 2102 666 2145 cupidine
678 2103 808 2144 praedae:
826 2104 880 2134 sed

222 2149 305 2190 apud
316 2150 463 2192 Apollod.
473 2151 574 2182 rabies
590 2151 627 2182 iis
642 2150 757 2193 injecta
769 2152 882 2193 legitur

221 2208 239 2228 a
255 2197 379 2238 Diana;
395 2210 489 2241 quam
502 2206 606 2231 tamen
622 2211 673 2231 eos
688 2206 719 2231 et
730 2200 794 2232 sine
810 2202 881 2232 Dea

221 2247 518 2290 invaderepotuisse
533 2251 672 2280 Pausan.
684 2256 797 2280 monet.
823 2250 850 2279 F
849 2263 878 2281 e-

221 2304 336 2327 runtur
351 2298 498 2329 Heinsius
518 2298 666 2340 praetulit,
683 2310 736 2340 pro
754 2310 879 2339 sequnn-

223 2352 285 2382 tur,
297 2347 381 2388 quod
395 2353 499 2379 tuetur
511 2349 605 2379 Lenz.
630 2348 797 2384 Feruntur,
810 2359 880 2379 cum

222 2395 339 2438 impetu
369 2403 470 2433 ruunt,
500 2399 578 2429 bene
609 2397 755 2428 convenit
782 2398 882 2429 ardori

221 2454 345 2481 canum,
362 2456 462 2487 neque
478 2446 555 2477 adeo
573 2446 806 2477 sollicitandum
822 2452 879 2478 est.

220 2493 292 2524 Jam
313 2493 384 2525 hinc
400 2494 565 2536 phantasia
580 2502 678 2537 poetae
702 2495 879 2537 cupidinem

221 2554 334 2573 canum
347 2543 557 2586 comitumque
570 2555 640 2575 cum
654 2544 770 2575 domini
786 2555 879 2575 cona-

221 2591 302 2623 tibus
317 2598 348 2623 et
363 2593 497 2634 querelis
512 2601 583 2623 ante
600 2594 706 2624 oculos
721 2594 817 2635 ponit.

263 2643 337 2673 230.
359 2642 431 2673 Sine
448 2653 543 2673 causa
554 2642 702 2673 Heinsius
718 2643 798 2673 hunc
815 2653 879 2674 ver-

221 2701 287 2720 sum
304 2691 491 2733 ejiciendum
507 2693 648 2734 putabat.
693 2692 879 2733 Etenimfa-

222 2743 295 2770 muli
320 2744 538 2782 possunt'esse
561 2740 700 2776 comites,
716 2752 794 2782 quos
816 2742 877 2772 Ac—

951 1519 1032 1544 taeon
1051 1512 1168 1554 alloqui
1191 1512 1323 1544 volebat.
1367 1512 1430 1543 Sed
1455 1517 1486 1543 et
1508 1522 1612 1549 canes,

951 1563 976 1594 si
996 1564 1052 1595 hos
1072 1564 1246 1605 intelligere
1269 1563 1435 1599 malumus,
1451 1563 1610 1594 dominum

952 1623 990 1644 ex
1005 1623 1081 1644 voce
1097 1623 1264 1654 agnoscere
1280 1612 1461 1655 potuissent.
1506 1612 1612 1648 Adde,

952 1663 1035 1704 quod
1059 1663 1150 1694 toties
1173 1662 1205 1692 in
1225 1662 1284 1693 hac
1306 1661 1373 1703 ipsa
1394 1662 1457 1692 fab.
1475 1661 1612 1692 luxuriat

953 1711 1111 1753 ingenium
1127 1711 1244 1742 Ovidii.
1291 1712 1409 1747 Animo,
1424 1711 1588 1741 voluntati.

995 1762 1069 1791 232.
1093 1760 1302 1791 Melanchaetes
1326 1765 1357 1790 et
1380 1759 1491 1801 reliqui
1516 1759 1608 1790 etiam

949 1810 988 1841 ab
1005 1809 1130 1851 Hygino
1140 1809 1287 1851 postremi
1303 1810 1510 1839 nominantur.
1547 1809 1608 1839 Sed

950 1860 1072 1895 Noster,
1088 1859 1172 1890 taedii
1187 1857 1332 1889 vincendi
1344 1868 1448 1894 causa,
1464 1868 1526 1894 eos,
1543 1859 1612 1889 aliis

948 1908 1134 1949 quibusdam
1145 1907 1325 1949 interjectis,
1337 1907 1542 1949 superioribus
1555 1907 1611 1938 ad·

948 1957 1005 1993 dit,
1024 1964 1089 1988 tum
1113 1957 1272 1998 ingenioso
1294 1963 1470 1987 commento
1491 1957 1611 1998 peculi-

949 2016 1031 2037 arem
1056 2017 1161 2037 eorum
1186 2016 1311 2047 operam
1337 2011 1496 2037 memorat.
1544 2006 1608 2037 Me-

951 2057 1126 2092 lanchaetes5
1147 2055 1257 2096 jubam
1279 2061 1310 2086 et
1334 2055 1413 2096 pilos
1430 2054 1549 2086 habens
1564 2055 1609 2086 ni-

948 2115 1028 2147 gros.

991 2154 1065 2185 234.
1091 2152 1266 2193 Exierant]
1300 2153 1401 2183 Recte
1417 2151 1527 2182 Heius.
1542 2163 1605 2183 mo-

949 2210 1013 2238 net,
1045 2203 1173 2233 verbum
1204 2204 1282 2232 mire
1312 2207 1468 2242 sumptum
1497 2211 1563 2232 esse
1592 2212 1610 2232 a

948 2252 1052 2287 Circo,
1082 2252 1134 2283 ubi
1170 2251 1243 2292 equi
1279 2251 1454 2282 carceribus
1487 2258 1607 2282 ereum.

949 2300 1104 2330 Caeterum
1140 2300 1200 2331 huc
1230 2299 1366 2342 respexit
1400 2299 1483 2330 haud
1516 2299 1610 2331 dubie

948 2350 1078 2384 Seneca,
1108 2350 1183 2380 Nat.
1212 2350 1332 2386 Quaest.
1358 2349 1412 2380 lib.
1437 2348 1482 2379 iii.
1508 2350 1608 2390 prol-z

950 2398 1009 2432 Qui
1039 2400 1155 2429 tardius
1180 2402 1338 2435 &tier-ant,-
1372 2410 1482 2428 moram
1505 2400 1609 2429 veloci-

949 2454 1009 2478 tate
1036 2455 1173 2487 pensant.
1220 2448 1324 2478 Nostri
1355 2447 1488 2479 Codices
1516 2447 1609 2489 Regii

947 2496 1063 2527 habent
1087 2505 1211 2533 enei-ue,
1237 2497 1319 2538 quod
1350 2496 1548 2538 praetulerim,
1574 2503 1608 2528 ut

948 2546 1095 2577 referatur
1111 2547 1151 2578 ad
1166 2546 1416 2588 Oresistrophum
1428 2545 1539 2582 solum,
1555 2546 1608 2587 qui

949 2606 1045 2636 quum
1062 2606 1114 2637 per
1134 2595 1318 2637 compendia
1340 2595 1489 2625 montium
1506 2595 1607 2626 venis-

948 2650 1006 2680 set,
1023 2646 1052 2674 in
1069 2655 1162 2680 armo,
1179 2644 1210 2674 id
1227 2649 1285 2680 est,
1301 2644 1333 2674 in
1354 2643 1507 2674 anteriore
1521 2650 1607 2685 parte

947 2693 1080 2735 corporis
1095 2693 1246 2724 Actaeona
1267 2703 1430 2734 aggressus
1450 2698 1507 2727 est,
1531 2692 1604 2722 dum

948 2742 1174 2773 Melanchaetes
1195 2748 1225 2772 et
1249 2741 1452 2772 Theridamas
1472 2741 1606 2772 eundem
