1763 3181
408 183 1027 228 METAMORPHOSEON
1058 184 1178 227 LIB.
1211 186 1266 228 V.

1443 186 1528 229 373

151 301 390 350 Curribus
414 300 647 357 admovit,
673 299 926 364 frenisque
951 301 1169 348 coercuit
1189 316 1287 357 ora,

149 376 215 426 Et
237 377 456 426 medium
480 377 587 425 coeli
614 384 874 440 terraeque,
900 393 990 441 per
1014 393 1128 426 aera
1145 385 1290 427 vecta
1312 385 1416 438 est3

145 454 315 518 Atque
332 455 491 502 levem
512 470 709 502 currum
729 454 985 503 Tritonida
1008 455 1144 503 misit
1165 455 1216 503 in
1243 472 1406 504 arcem
1430 460 1526 506 645

146 531 479 596 Triptolem03
518 531 799 595 partimque
823 531 931 579 rudi
952 532 1068 579 data
1092 531 1280 580 semina
1292 533 1445 596 jussit

149 608 393 672 Spargere
407 609 573 664 humo,
591 607 768 671 partim
783 615 896 671 post
910 615 1135 672 tem-pora
1146 609 1295 671 longa
1308 609 1524 656 recultae.

145 684 177 731 J
181 701 260 733 am
284 700 433 749 super
457 683 690 748 Europen
714 683 939 731 sublimis
965 691 1016 732 et
1039 683 1196 732 Asida
1217 691 1372 732 terras

140 811 242 849 terum
257 817 412 860 quomodo
423 817 519 849 Ceres
531 816 564 847 in
575 816 665 848 Celei
677 815 803 846 domum

142 866 314 903 intraverit,
331 866 557 909 Triptolemum
579 864 612 895 in
635 864 725 896 cunis
748 864 802 895 de-

143 917 343 948 cumbentem
357 915 478 952 foverit,
491 915 582 957 eique
603 914 800 956 agriculturae

143 966 350 1008 propagandas
380 976 494 996 munus
528 963 701 1000 tradiderit,
731 973 800 993 nar-

144 1020 214 1046 rant
249 1015 374 1051 Noster,
408 1014 494 1045 Fast.
529 1013 572 1044 iv.
610 1012 800 1050 507—560;

145 1062 294 1105 Apollod.
318 1063 346 1094 Ι.
371 1075 404 1094 ν.
428 1064 469 1101 23
493 1062 612 1104 Hygin.
638 1061 702 1092 fab.
730 1061 802 1091 147.

147 1112 347 1143 Hac—tenus
369 1111 525 1142 divulsum
549 1121 604 1152 per
626 1109 748 1145 tmesin,
764 1108 803 1140 de

145 1172 210 1203 qua
238 1161 310 1193 vide
338 1161 518 1192 Ciofanum.
564 1160 699 1195 Fertilis,
729 1159 804 1200 quia

143 1209 313 1241 fertilitatis
335 1207 534 1251 (εὐετηρίας)
558 1208 639 1244 Dea,
662 1208 718 1238 sub
742 1217 804 1248 quo

144 1258 269 1290 nomine
283 1258 402 1301 templa
415 1258 536 1289 habuit.
582 1257 668 1299 Bigis
682 1267 801 1296 serpen-

145 1315 208 1339 tum
223 1308 318 1340 Ceres
332 1312 432 1344 vecta,
448 1313 481 1339 et
504 1306 589 1349 apud
612 1312 753 1338 auctores
772 1311 804 1337 et

144 1356 177 1388 in
191 1356 399 1388 monumentis
416 1355 552 1398 antiquis
567 1356 711 1386 occurrit.
753 1354 803 1385 Ibi

143 1411 294 1449 apparent
320 1416 392 1437 mox
421 1405 507 1442 alati,
536 1415 607 1436 mox
636 1404 701 1435 sine
730 1404 801 1435 alis.

145 1455 222 1487 Vid.
243 1455 424 1498 Spanhemii
453 1454 586 1486 Dissert.
607 1454 648 1485 iv.
671 1465 704 1495 p.
725 1454 802 1484 211.

144 1504 372 1537 Describuntur
397 1515 417 1535 a
442 1503 611 1536 Claudian.
627 1502 734 1534 xxxiii.
751 1504 803 1535 79.

143 1553 336 1596 Triptolemo
354 1563 407 1585 eas
427 1552 521 1589 misit,
536 1557 572 1584 ut
589 1552 727 1583 omnium
749 1562 804 1582 na-

143 1602 263 1634 tionum
275 1609 372 1634 terras
381 1601 567 1638 circumiret,
577 1601 677 1643 iisque
685 1601 804 1633 semina

145 1651 320 1693 largiretur.
368 1651 406 1684 P,
431 1651 471 1682 A.
495 1649 529 1681 ii.
552 1651 604 1680 14.
629 1649 693 1681 fab.
721 1650 802 1688 1473

145 1700 294 1742 Apollod.
309 1700 341 1731 d.
355 1699 378 1732 l.
421 1699 484 1731 Sed
500 1700 626 1741 Goguet
647 1699 680 1730 d.
697 1699 717 1729 l.
732 1698 802 1730 illas

145 1756 323 1792 serpentum
351 1748 441 1790 bigas
469 1748 584 1789 accipit
612 1747 652 1778 de
682 1746 803 1778 callidis

144 1797 293 1835 consiliis,
308 1793 421 1840 quibus
435 1797 660 1839 Triptolemum
683 1795 803 1837 eripue-

144 1847 184 1878 rit
199 1847 293 1879 Ceres
304 1847 398 1878 variis
411 1846 570 1889 periculis.
614 1845 803 1887 Triptolemo

145 1901 279 1933 mortuo,
310 1896 453 1927 Antheas
483 1895 550 1937 ejus
579 1905 702 1926 currum
730 1903 804 1924 con-

145 1944 278 1982 scendit,
288 1945 344 1976 sed
353 1945 427 1977 inde
442 1955 589 1976 excussus
601 1943 692 1986 perit.
722 1943 803 1974 Pau-

144 2004 212 2026 san.
232 1993 364 2025 Achaic.
382 2005 414 2036 p.
429 1994 503 2025 568.
551 1993 700 2029 coercuit,
715 1992 805 2023 rexit.

146 2043 283 2074 Medium
297 2044 374 2079 coeli,
384 2048 444 2074 etc.
490 2041 636 2073 Medium
648 2041 729 2072 inter
740 2051 803 2072 eoe-

145 2090 212 2122 lum
226 2097 258 2123 et
271 2097 395 2128 terram,
411 2096 446 2122 ut
460 2091 502 2122 vi.
520 2091 598 2122 409:
615 2091 727 2132 juguli
744 2100 804 2120 me-

145 2142 214 2172 dius
233 2143 396 2182 summique
415 2142 532 2172 lacerti.
578 2139 661 2171 Vide
682 2139 720 2170 ad
738 2150 803 2170 ver.

147 2190 222 2221 409.
267 2191 341 2227 Arx,
363 2189 428 2221 sive
453 2191 523 2220 urbs
547 2189 688 2225 Tritonis,
703 2188 803 2219 Athe-

147 2248 196 2268 nae
211 2237 300 2280 (vide
317 2238 495 2270 Bentleium
519 2238 559 2269 ad
578 2237 754 2274 Horatium,
772 2238 802 2268 Ι.

147 2286 210 2318 Od.
225 2287 278 2318 vii.
288 2286 339 2327 5.)
355 2297 485 2329 quarum
497 2297 568 2330 pars
589 2286 804 2328 antiquissima

147 2347 215 2372 arx.
237 2336 426 2378 ἀκρόπολις,
457 2337 608 2368 Tritonidi
637 2335 670 2366 in
699 2335 804 2379 primis

146 2395 248 2417 sacra.

191 2435 265 2466 646.
293 2435 471 2475 Triptolemo
482 2446 492 2472 ;
531 2434 606 2474 etc.]
644 2433 804 2465 Hordeum

148 2483 282 2524 primum
302 2494 369 2515 esse
391 2489 489 2516 satum
507 2494 526 2514 a
538 2482 727 2525 Triptolemo
742 2488 804 2513 tra-

146 2532 194 2563 dit
205 2533 339 2564 Pausan.
349 2532 486 2575 Attic.p.
498 2533 551 2564 93.
597 2533 696 2563 Rudis
710 2539 803 2569 terra,

147 2582 286 2612 nondum
301 2583 396 2619 culta,
407 2583 545 2614 nondum
559 2581 721 2624 proscissa,
737 2591 804 2612 ara-

148 2636 230 2662 trum
254 2642 356 2672 passa,
379 2632 473 2673 plane
500 2637 536 2663 ut
563 2633 649 2662 rudis
675 2641 803 2671 campus,

148 2680 236 2721 Virg.
251 2681 365 2722 Georg.
387 2681 419 2712 ii.
434 2682 507 2713 211.
553 2681 682 2711 Reculta
706 2685 806 2722 potest

149 2739 226 2764 esse,
241 2740 322 2770 quae,
336 2729 390 2760 ubi
407 2729 590 2772 aliquandiu
606 2729 735 2771 quievit,
749 2728 803 2760 de-

193 2778 293 2809 VOL.
310 2779 373 2810 III.

869 826 931 847 nuo
950 816 1071 853 colitur,
1087 815 1218 848 novalis.
1262 816 1324 848 Sed
1347 827 1408 847 non
1430 827 1527 859 appa-

869 872 926 902 ret,
942 877 996 898 cur
1017 873 1080 906 post
1105 873 1234 906 tempora
1259 867 1347 908 longa
1371 865 1526 896 additum.

869 915 935 946 Alii
958 915 1094 947 referunt
1119 915 1159 946 ad
1180 925 1274 946 unam
1294 914 1443 950 Siciliam,
1458 925 1527 956 quae

868 970 937 1006 post
958 964 1167 1000 sterilitatem,
1182 964 1221 995 de
1244 975 1306 1006 qua
1320 975 1383 995 ver.
1398 965 1461 995 476
1481 975 1528 1005 sq.

868 1012 970 1044 denuo
985 1013 1045 1044 coli
1061 1019 1167 1055 coepta
1180 1013 1229 1044 sit.
1274 1013 1319 1043 At
1339 1012 1395 1044 illa
1414 1012 1528 1043 sterili-

869 1062 942 1093 tatis
956 1062 1068 1104 injuria
1082 1073 1143 1093 non
1160 1062 1284 1093 duravit
1298 1068 1439 1104 tempora
1461 1063 1530 1093 lon-

869 1121 922 1152 ga.
968 1110 1166 1142 Schirachius
1176 1121 1248 1152 ergo
1262 1111 1410 1153 intelligit
1421 1117 1527 1147 terras,

871 1170 941 1201 quae
964 1159 1038 1190 olim
1061 1159 1175 1191 fuerint
1198 1159 1302 1196 cultae,
1317 1165 1494 1201 monetque,
1511 1170 1528 1190 e

870 1213 973 1240 mente
989 1208 1106 1245 Ovidii,
1123 1208 1266 1240 Cererem
1276 1209 1344 1250 jam
1359 1213 1430 1239 ante
1446 1208 1529 1239 hunc

870 1264 1017 1289 eventum
1041 1257 1134 1289 fuisse
1157 1258 1281 1299 frugum
1305 1263 1448 1293 matrem,
1475 1257 1530 1288 sed

871 1318 964 1344 nunc,
997 1307 1126 1338 inventa.
1161 1307 1235 1343 filia,
1272 1312 1368 1338 artem
1406 1305 1528 1337 colendi

869 1367 977 1398 agrum
992 1357 1094 1387 denuo
1104 1356 1292 1399 Triptolemo
1308 1356 1506 1387 monstrasse.

912 1405 986 1436 648.
1007 1405 1079 1436 Jam
1100 1416 1188 1445 super
1204 1405 1371 1445 Europen]
1397 1405 1444 1435 Ex
1460 1405 1528 1446 Hy-

868 1455 932 1496 gin.
946 1455 983 1486 P.
998 1453 1039 1486 A.
1052 1454 1085 1486 ii.
1100 1455 1159 1486 24:
1188 1455 1401 1496 Triptolemum
1414 1455 1448 1484 in
1459 1465 1529 1484 cur-

870 1516 907 1535 ru
923 1506 1086 1535 draconum
1104 1505 1280 1535 collocatum
1285 1505 1380 1544 jussit
1396 1503 1528 1534 omnium

870 1556 1026 1585 nationum
1048 1565 1136 1596 agros
1157 1556 1393 1585 circumeuntem
1417 1554 1530 1584 semina

869 1606 992 1643 partiri,
1013 1615 1069 1644 quo
1083 1603 1218 1645 facilius
1242 1604 1299 1643 ipsi
1320 1604 1486 1643 posterique
1511 1616 1529 1634 a

859 1653 932 1695 fero
944 1656 1027 1684 victu
1037 1658 1281 1695 segregarentur.
1314 1651 1417 1682 Etiam
1430 1652 1530 1694 Apol-

869 1702 932 1733 lod.
945 1702 975 1733 d.
986 1703 1007 1734 1.
1017 1701 1104 1733 dedit
1114 1702 1143 1733 ei
1154 1712 1277 1733 currum
1288 1706 1320 1732 et
1329 1701 1530 1738 frumentum,

870 1751 895 1794 ᾦ
921 1753 985 1791 τὴν
1007 1751 1090 1790 ὅλην
1119 1749 1309 1792 οἰκουμένην
1330 1749 1366 1781 δι’
1388 1750 1529 1792 οὐρανοῦ

869 1801 1041 1843 αἰρόμενος
1056 1800 1255 1843 κατέσπειρε.
1301 1800 1402 1831 Curru
1424 1805 1528 1830 autern

870 1850 923 1882 illo
945 1851 1094 1881 velocitas
1117 1850 1285 1885 indicatur,
1308 1859 1371 1890 qua
1394 1848 1528 1890 agricul-

870 1906 939 1931 tura
961 1905 1141 1942 propagata.
1186 1900 1252 1929 Asis
1275 1905 1368 1934 terra,
1383 1897 1473 1934 Asia,
1493 1904 1528 1929 ut

871 1947 912 1979 ix.
924 1948 997 1978 447.
1033 1947 1184 1988 Micyllus
1200 1946 1347 1988 intelligit
1362 1952 1528 1987 angustum

870 1998 960 2029 illum
989 1997 1096 2039 Lydiae
1124 2002 1257 2028 tractum
1285 1997 1453 2039 palustrem
1488 1997 1529 2028 ad

873 2047 1049 2089 Caystrum,
1063 2057 1157 2088 quem
1172 2046 1302 2077 Homer.
1334 2045 1450 2077 Ἀσιον
1463 2047 1527 2077 λει-

871 2093 986 2132 μῶνα;
1010 2089 1160 2131 Virgilius
1188 2094 1303 2125 autem,
1325 2089 1453 2120 AEneid.
1476 2089 1530 2120 vii.

869 2139 945 2170 701.
966 2139 1068 2169 Asiam
1084 2139 1226 2177 paludem
1246 2136 1334 2173 dixit,
1351 2137 1424 2178 quia
1444 2138 1528 2174 Asia,

870 2198 966 2229 quum
980 2192 1099 2229 partem
1109 2186 1192 2217 orbis
1202 2192 1351 2217 terrarum
1363 2185 1528 2226 significet,

869 2236 1001 2277 primam
1016 2235 1160 2277 corripiat
1169 2247 1177 2273 ;
1196 2245 1293 2276 quum
1305 2234 1344 2265 de
1360 2234 1413 2264 illo
1426 2240 1529 2266 tractu

870 2291 1045 2327 usurpetur,
1070 2284 1232 2326 producat.
1275 2283 1400 2314 Falsam
1424 2289 1529 2314 autem

870 2345 937 2366 esse
952 2336 1031 2365 hanc
1047 2335 1199 2364 observat.
1213 2343 1308 2374 quarn
1324 2332 1527 2364 Grammatici

872 2385 986 2415 debent
1001 2383 1104 2414 Servio
1126 2383 1166 2413 ad
1182 2383 1271 2423 Virg.
1286 2382 1400 2422 Georg.
1416 2381 1436 2412 i.
1451 2383 1528 2413 381.

872 2439 903 2464 et
917 2433 1047 2474 primam
1062 2432 1094 2462 in
1109 2433 1181 2461 Asia
1201 2442 1267 2462 esse
1286 2430 1528 2468 indifferentem,

872 2489 975 2513 monet
991 2483 1150 2513 Gesnerus
1174 2481 1204 2511 in
1219 2481 1376 2511 Thesauro
1392 2480 1483 2510 Fabri
1504 2491 1529 2511 s.

872 2544 902 2563 v.
926 2533 1014 2562 Asia:
1045 2536 1077 2562 et
1099 2541 1254 2572 quemque
1279 2530 1328 2560 hic
1351 2529 1416 2570 ipse
1440 2529 1528 2560 locus

871 2581 980 2612 docere
995 2586 1107 2622 potest.
1153 2581 1223 2609 Asia
1245 2578 1338 2612 enim,
1355 2588 1450 2618 quum
1471 2588 1527 2619 op-

872 2630 994 2671 ponitur
1012 2630 1148 2669 Eurnpae,
1166 2628 1252 2658 nullo
1268 2627 1357 2657 modo
1372 2626 1411 2656 de
1428 2631 1529 2656 tractu

872 2680 926 2710 illo
941 2679 1069 2721 palustri
1086 2678 1126 2708 ad
1142 2678 1309 2718 Caystrum
1325 2674 1456 2716 intelligi
1472 2686 1526 2717 po-

873 2734 946 2761 test.
987 2728 1028 2758 Et
1042 2738 1111 2758 eam
1126 2725 1256 2757 Gesneri
1271 2724 1446 2768 opinionem
1458 2734 1531 2756 con·

1001 2777 1022 2806 S
1038 2787 1051 2806 s
