1763 3181
399 166 1018 209 METAMORPHOSEON
1051 167 1170 210 LIB.
1204 169 1285 210 VI.
1439 172 1521 212 407

143 281 279 336 Quas
301 282 383 329 ubi
408 282 525 329 feeit
544 297 741 345 aquam,
768 297 948 329 vacuas
973 283 1137 330 emisit
1159 284 1208 331 in
1233 301 1403 333 auras:

137 358 261 406 Inde
284 365 459 422 petens
484 359 710 422 rapidum
734 358 852 422 ripis
877 359 1149 408 declivibus
1175 377 1359 424 aequor,

142 435 347 500 Marsya
356 453 533 484 nomen
544 437 708 492 habet,
724 436 958 500 Phrygiae
974 437 1331 500 liquidissimus
1343 441 1515 487 amnis.

204 513 266 560 V.
305 513 508 561 Talibus
533 514 784 577 extemplo
810 514 936 561 redit
961 515 1022 561 ad
1048 517 1314 578 praesentia
1337 517 1481 565 dictis

142 590 359 653 Vulgus3
385 597 436 638 et
450 591 726 639 extinctum
741 606 855 637 cum
877 591 1028 655 stirpe
1039 591 1321 655 Amphiona
1334 594 1518 656 lugent.

144 667 308 716 Mater
331 668 380 715 in
405 668 588 716 invidia
613 676 716 716 est:
757 675 923 716 tamen
949 659 1075 716 hanc
1110 685 1310 733 quoque
1341 671 1522 718 dicitur

341 763 467 794 unus
1349 749 1521 811 [quam

144 823 310 871 Flesse
336 823 550 887 Pelops;
592 824 913 886 humeroque,
935 839 1048 870 suas
1074 824 1135 870 ad
1161 831 1362 887 pectora
1388 831 1520 888 post-

142 900 368 948 Deduxit
390 908 571 958 vestes,
599 902 719 949 ebur
743 899 1022 948 ostendisse
1049 900 1262 948 sinistro.
1423 904 1519 948 405

145 977 389 1025 Concolor
412 977 492 1025 hic
517 979 768 1034 humerus,
795 978 1031 1026 nascendi
1063 985 1300 1042 tempore,
1328 979 1520 1035 dextro,

145 1053 528 1118 Corporeusque
553 1055 671 1102 fuit:
712 1054 939 1102 manibus
965 1071 1079 1102 mox
1106 1072 1236 1103 caesa
1259 1056 1476 1119 paternis

143 1131 373 1180 Membra
395 1132 559 1180 ferunt
576 1132 805 1195 junxisse
832 1132 983 1187 DeOS,
1010 1133 1219 1195 aliisque
1244 1133 1467 1196 repertis,

144 1207 240 1262 Qui
265 1210 404 1256 locus
429 1216 505 1256 est
521 1210 683 1272 juguli
709 1209 901 1256 medius
927 1210 1205 1273 summique
1229 1210 1402 1258 lacerti

142 1285 340 1333 Defuit:
379 1287 666 1350 impositum
691 1294 767 1334 est
790 1303 887 1333 non
911 1287 1243 1350 comparentis
1268 1287 1316 1334 in
1342 1304 1486 1334 usum

142 1362 307 1410 Partis
333 1364 481 1421 ebur3
511 1363 743 1427 factoque
768 1363 953 1428 Pelops
974 1364 1067 1410 fuit
1090 1364 1281 1428 integer
1301 1364 1400 1412 illo.
1424 1368 1514 1412 411

184 1497 260 1527 399.
286 1497 372 1537 Ripis
391 1498 562 1535 declivibus,
578 1497 681 1540 pronis
706 1504 800 1541 atque

144 1545 311 1577 inclinatis.

185 1597 258 1627 400.
291 1597 430 1638 Marsyas
452 1597 564 1628 fluvius
586 1596 668 1628 haud
694 1598 801 1640 procul

143 1655 162 1676 a
176 1645 323 1683 Celaenis,
339 1646 393 1677 ubi
408 1646 562 1677 habitavit
573 1647 719 1688 Marsyas
734 1658 801 1678 mu-

143 1694 239 1730 sicus,
270 1694 303 1725 in
332 1695 530 1727 Maeandrum
566 1696 679 1727 influit.
724 1696 801 1728 Vid.

143 1742 260 1779 Livius,
282 1743 413 1775 xxxviii.
442 1746 502 1783 13;
525 1745 662 1781 Curtius,
686 1746 749 1777 ΠΙ.
773 1746 802 1784 i3

142 1792 353 1834 Palaephatus,
366 1793 398 1824 d.
409 1793 431 1824 l.
469 1794 530 1825 Sed
541 1794 713 1825 secundum
726 1795 803 1826 alios

145 1852 205 1872 non
225 1853 242 1873 e
262 1843 398 1874 lacrimis
417 1843 626 1885 popularium,
645 1855 749 1875 verum
765 1855 801 1876 ex

142 1891 238 1933 ipsius
261 1893 411 1933 sanguine
431 1893 545 1924 fluvius
567 1893 620 1924 ille
637 1899 721 1924 ortus
745 1900 802 1925 est.

142 1940 341 1977 Plutarchus,
358 1941 396 1972 de
418 1941 627 1978 Fluminibus,
645 1952 682 1973 ex
704 1942 800 1974 Alex.

143 1989 288 2021 Cornelio
304 1991 402 2028 addit,
413 1997 445 2022 et
455 1992 580 2033 Satyros
590 1996 672 2022 ortos
683 2003 719 2023 ex
733 1992 800 2034 ejus

143 2049 306 2080 sangulne.

186 2088 369 2119 401—411.
404 2089 521 2129 Pelopis
545 2090 684 2121 humerus
711 2092 799 2122 ebur-

144 2136 244 2177 neus.]
272 2137 397 2179 Pelops,
411 2137 535 2169 Tantali
556 2138 647 2174 filius,
663 2145 799 2182 tempore

143 2185 258 2217 Acrisii
280 2185 313 2217 in
336 2187 491 2218 Graeciam
514 2188 610 2224 venit,
633 2188 740 2231 ibique
770 2196 801 2221 et

144 2235 358 2276 magnitudine
382 2235 571 2273 divitiarum,
597 2248 674 2279 quas
695 2249 800 2270 secum

143 2283 323 2320 advexerat,
353 2290 386 2315 et
410 2285 609 2317 multitudine
638 2286 802 2318 liberorum

144 2339 262 2364 tantam
286 2340 494 2375 consequutus
513 2341 560 2365 est
572 2336 741 2376 potentiam
757 2337 802 2368 fa-

144 2393 301 2424 mamque,
312 2388 347 2413 ut
360 2383 573 2424 Peloponneso
584 2395 695 2415 nomen
705 2385 802 2418 daret.

144 2431 289 2472 Thucyd.
315 2431 336 2463 i.
359 2433 398 2471 9;
426 2432 586 2464 Plutarch.
600 2433 692 2465 Thes.
714 2445 748 2476 p.
768 2436 801 2466 2.

145 2479 207 2510 Sed
222 2479 272 2510 hic
293 2479 331 2511 de
353 2480 481 2512 humero
502 2481 569 2523 ejus
583 2482 720 2514 fabulose
736 2484 800 2525 agi·

147 2534 206 2559 tur.
249 2529 400 2561 Tantalus
423 2530 517 2566 enim,
533 2542 629 2572 quum
646 2532 731 2563 Deos
746 2532 802 2563 ali-

147 2577 274 2618 quando
289 2578 431 2609 convivio
449 2579 632 2621 excepisset,
647 2580 802 2622 velletque

145 2637 251 2657 eorum
288 2626 480 2659 divinitatem
514 2629 655 2670 experiri,
682 2630 805 2672 Pelopis

147 2675 202 2705 filii
231 2676 368 2707 membra
397 2682 486 2708 cocta
510 2677 699 2721 reliquisque
729 2679 806 2710 cibis

150 2723 290 2755 admixta
315 2724 353 2754 iis
377 2726 528 2767 apposuit.
564 2726 655 2763 Quod
686 2726 803 2758 foedum

869 1497 988 1529 facinus
1018 1510 1113 1540 quum
1142 1499 1432 1530 animadvertissent
1454 1499 1521 1535 Dii,

868 1549 1005 1579 membra
1028 1559 1131 1580 rursus
1154 1556 1392 1591 composuerunt
1414 1554 1526 1591 praeter

870 1596 1042 1634 humerum,
1058 1609 1150 1640 quem
1173 1599 1267 1630 Ceres
1281 1605 1523 1641 consumpserat.

869 1647 1032 1679 Eburneus
1063 1647 1156 1688 igitur
1185 1648 1213 1678 ei
1248 1648 1393 1679 humerus
1421 1649 1523 1679 datus.

870 1696 983 1727 Confer
1003 1697 1198 1739 Lycophron.
1216 1697 1303 1728 Cass.
1322 1699 1398 1735 1593
1423 1698 1522 1738 Hygi-

869 1755 937 1781 nus,
960 1746 1021 1778 fab.
1044 1747 1108 1783 833
1132 1746 1267 1783 Servius,
1281 1746 1320 1777 ad
1344 1746 1522 1788 Virgilium,

868 1795 981 1836 Georg.
1013 1795 1056 1826 iii.
1091 1796 1129 1833 73
1166 1795 1272 1826 Scholss
1310 1796 1448 1832 Pindari,
1482 1796 1522 1826 ad

867 1844 995 1886 Olymp.
1025 1844 1046 1875 i.
1090 1845 1222 1886 Impiam
1252 1850 1284 1875 et
1309 1844 1522 1876 incredibilem

867 1903 936 1923 eam
958 1893 1096 1924 fabulam
1113 1892 1258 1934 judicant
1273 1893 1436 1930 Pindarus,
1453 1894 1484 1925 d.
1500 1895 1521 1925 l.

866 1945 897 1971 et
920 1940 1094 1982 Euripides,
1118 1941 1222 1983 Iphig.
1243 1942 1340 1972 Taur.
1365 1943 1426 1973 387
1450 1953 1521 1984 sqq.

867 1989 957 2020 Forte
988 1996 1079 2031 poeta
1114 1990 1228 2031 aliquis
1262 1990 1425 2021 humerum
1455 1992 1522 2033 ejus

866 2040 1027 2069 eburneum
1041 2044 1219 2075 vocaverat,
1236 2044 1272 2070 ut
1285 2039 1447 2081 pulchrum
1463 2040 1522 2082 sig-

867 2087 1019 2118 nificaret.

910 2137 982 2168 403.
1008 2137 1119 2173 Mater,
1132 2136 1243 2173 Niobe,
1255 2138 1343 2178 eujus
1356 2137 1449 2168 frater
1466 2139 1522 2168 Pe—

868 2188 938 2226 lops.
985 2186 1017 2216 Is
1038 2197 1100 2228 prae
1130 2186 1216 2217 luctu
1240 2192 1359 2217 vestem
1385 2186 1523 2224 deducit,

868 2241 962 2277 atque
977 2235 1022 2266 ita
1042 2235 1188 2266 humerus
1203 2235 1269 2277 ejus
1290 2242 1428 2277 apparet.
1471 2236 1522 2267 Sic

868 2284 1033 2315 intruditur
1056 2284 1169 2325 potius,
1191 2295 1284 2325 quam
1307 2284 1453 2316 intexitur
1478 2286 1522 2316 fa—

868 2333 955 2363 bula.
993 2334 1042 2363 Ad
1053 2339 1173 2371 pectora
1188 2335 1310 2363 deduscit
1326 2340 1425 2365 vestes.
1462 2335 1522 2371 Ita,

868 2381 946 2412 libro
970 2381 1013 2413 iii.
1029 2383 1102 2413 480.
1116 2393 1228 2412 summa
1251 2389 1355 2413 vestem
1379 2385 1524 2414 deducere

868 2433 904 2462 ab
917 2443 980 2467 ora,
995 2431 1078 2472 quod
1093 2431 1189 2462 fiebat
1203 2431 1347 2473 planctus
1362 2442 1466 2463 causa.

911 2481 986 2511 409.
1013 2480 1073 2515 Qui
1095 2482 1184 2515 locus,
1206 2486 1265 2511 etc.
1280 2480 1419 2522 scapula.
1462 2482 1522 2512 Lu-

869 2530 977 2561 cianus
1001 2530 1203 2572 ὠμοπλάτην
1223 2530 1330 2560 habet.
1376 2531 1426 2560 De
1450 2541 1521 2571 syn-

871 2579 934 2610 taxi
949 2581 1061 2621 juguli
1082 2582 1195 2610 medius
1216 2585 1243 2609 et
1265 2580 1380 2614 lacerti,
1396 2578 1466 2609 vide
1482 2579 1520 2609 ad

870 2640 898 2659 v.
916 2629 988 2659 644.
1035 2628 1126 2658 Facto
1148 2629 1211 2663 illo,
1230 2627 1284 2657 illo
1308 2628 1444 2657 Deorum
1470 2628 1522 2658 be-

871 2677 990 2708 neficio.
1038 2677 1180 2717 Integer,·
1212 2675 1262 2706 cui
1284 2675 1404 2706 nullum
1428 2686 1521 2706 mem-

870 2728 958 2757 brum
974 2726 1070 2762 deest,
1083 2726 1270 2767 ὁλόκληρος.
