1729 3207
416 444 479 496 P.
521 443 784 497 OVIDII
823 444 1170 498 NASONIS

212 588 1370 683 METAMORPHOSEON*

510 741 735 783 LIBER
774 742 1066 783 PRIMUS.

659 891 918 924 4„

102 1001 193 1060 IN
220 1029 347 1062 nova
369 1014 465 1062 fert
488 1015 680 1063 animus
705 1022 922 1063 mutatas
947 1014 1113 1061 dicere
1136 1013 1316 1060 formas

105 1089 345 1153 Corpora.
404 1091 469 1138 Di
494 1092 688 1156 coeptis,
715 1108 829 1139 nam
853 1108 938 1138 vos
964 1090 1195 1138 mutastis
1221 1096 1272 1137 et
1297 1089 1421 1144 illas,

104 1166 370 1232 Adspirate
395 1171 535 1226 meis,
562 1170 821 1234 primaque
847 1170 908 1216 ab
932 1168 1120 1231 origine
1146 1165 1315 1214 mundi

146 1324 165 1342 ἕξ
190 1323 470 1364 Metamorphoseon,
501 1335 563 1356 non
600 1325 763 1357 Metamor-

100 1373 216 1412 phoseos
238 1372 422 1415 inscriptum
444 1384 512 1404 esse
535 1374 593 1405 hoc
619 1385 696 1417 opus
723 1376 763 1406 ab

103 1422 251 1459 Auctore,
271 1422 364 1453 MSS.
384 1423 581 1464 optimorum,
603 1430 764 1456 auctorum

104 1470 161 1502 hoc
184 1482 309 1503 carmen
332 1472 538 1508 laudantium,
558 1472 709 1504 Planudis
731 1474 764 1504 in

105 1520 292 1562 metaphrasi
314 1521 439 1557 Graeca,
461 1527 493 1552 et
514 1523 704 1559 Graecorum,
724 1523 764 1555 ad

105 1580 235 1611 quorum
283 1570 487 1601 imitationem
532 1572 647 1603 Noster
697 1571 765 1603 haec

104 1618 236 1660 scripsit,
265 1619 412 1650 evincunt
447 1621 656 1657 auctoritates,
687 1632 765 1662 quas

106 1667 176 1699 vide
197 1679 247 1711 ap.
270 1669 382 1700 Heins.
420 1670 532 1711 Neque
557 1682 630 1702 usus
651 1671 766 1712 linguae

105 1718 266 1760 permittit,
280 1725 326 1749 tot
336 1719 640 1751 transformationum
657 1731 768 1762 corpus

106 1769 348 1809 metamorphosin
361 1779 484 1800 vocare.

150 1818 178 1848 l.
199 1817 269 1848 Fert
279 1818 424 1858 animus]
447 1818 554 1849 Intell.
567 1830 621 1855 me,
633 1819 769 1861 impellit

106 1876 175 1905 me3
199 1867 281 1908 quod
297 1874 344 1898 est
360 1867 552 1909 simpliciter,
567 1869 647 1905 volo,
663 1867 766 1910 cupio.

105 1916 156 1947 Sic
181 1916 275 1947 etiam
304 1916 384 1947 infra
412 1928 474 1948 ver.
499 1918 580 1955 7753
604 1922 636 1948 et
660 1918 702 1949 A.
726 1917 766 1948 A.

106 1966 149 1998 iii.
163 1967 238 1998 467.
276 1966 420 1998 Aliorum
435 1972 595 2009 poetarum
615 1967 683 1998 loca
703 1968 767 1998 col-

105 2015 182 2057 legit
208 2016 367 2047 Drakenb.
391 2016 431 2046 ad
455 2015 578 2052 Silium,
598 2016 674 2046 xvii.
694 2018 768 2048 294.

107 2064 146 2095 In
173 2077 248 2097 nova
274 2072 406 2096 mutatas
419 2065 539 2107 formas
567 2078 690 2106 corpora
715 2078 770 2108 per

107 2114 297 2157 hypallagen
311 2115 431 2145 dictum
446 2116 565 2152 volunt,
577 2126 632 2157 pro
647 2127 769 2155 corpora

109 2165 141 2194 ἰη
160 2175 248 2195 novas
257 2165 378 2205 jbrmas
398 2171 526 2200 mutata,
540 2170 575 2195 ut
592 2163 670 2195 djxit
685 2166 768 2196 Nos-

108 2218 165 2247 ter,
183 2214 227 2245 II.
243 2213 336 2244 Trist.
352 2214 426 2244 556.
462 2213 524 2244 Sed
540 2225 600 2245 non
617 2225 694 2256 opus
709 2220 768 2251 est,

110 2267 143 2293 ut
159 2263 198 2294 ad
213 2263 404 2305 hypallagen
424 2263 656 2305 confugiamus.
695 2264 770 2295 For-

111 2323 161 2343 mae
181 2323 263 2343 nunc
285 2318 357 2343 sunt
381 2323 509 2354 corpora
527 2313 604 2355 ipsa,
626 2324 689 2354 qua
711 2313 771 2345 for-

111 2372 193 2392 mam
217 2362 346 2398 habent‚
377 2367 412 2393 ut
437 2362 528 2398 infra,
550 2373 614 2393 ver.
632 2364 716 2401 436;
739 2370 770 2394 et

112 2422 163 2441 xv.
185 2412 255 2442 172.
272 2413 377 2452 species
391 2413 554 2453 etflgurae.
591 2412 702 2442 Noluit
723 2412 770 2443 di-

111 2470 191 2496 cere,
217 2471 344 2502 corpora
372 2460 472 2502 prisca
499 2465 618 2491 mutata
644 2471 710 2492 esse
738 2462 771 2492 in

111 2519 200 2546 nova,
225 2516 279 2540 aut
303 2510 432 2541 formam
454 2510 585 2552 priorem
609 2510 640 2542 in
665 2511 770 2547 aliam,

111 2559 165 2589 sed
180 2559 282 2601 posuit
301 2560 394 2591 verba
417 2559 490 2596 duo,
507 2571 577 2601 quae
597 2560 706 2591 eodem
725 2571 771 2591 re-

112 2607 220 2638 deunt.
259 2609 300 2639 Et
323 2608 434 2639 maluit
458 2609 570 2639 formas
594 2611 626 2640 in
652 2621 773 2649 corpora

114 2664 253 2694 mutatas,
277 2669 371 2699 quam
396 2658 540 2693 alterum,
562 2658 674 2699 partim
701 2658 776 2700 quia

112 2705 190 2736 illud
217 2706 402 2748 exquisitius
430 2713 461 2738 et
486 2707 585 2748 magis
608 2707 775 2750 poeticum,

111 2754 225 2796 partim
240 2756 313 2797 quia
328 2756 459 2788 mutatio
472 2757 569 2788 forma
581 2757 774 2799 potissimum

157 2805 254 2835 VOL.
272 2805 333 2836 ΙΙΙ.

832 1325 866 1355 fit
881 1323 1062 1365 conspicua.
1097 1322 1208 1363 Itaque
1229 1328 1260 1353 et
1280 1320 1355 1352 alibi
1377 1329 1493 1350 memo-

831 1378 888 1409 rat,
906 1372 1055 1403 cecinisse
1071 1382 1116 1406 se,
1134 1378 1265 1402 mutatas
1271 1371 1401 1412 =formas,
1416 1373 1451 1400 ut
1466 1368 1494 1399 L

830 1423 922 1454 Trist.
938 1422 958 1452 i.
979 1422 1047 1452 117.
1064 1426 1096 1452 et
1110 1420 1162 1451 vii.
1179 1422 1229 1452 13.
1274 1420 1387 1462 Neque
1410 1418 1494 1449 male

832 1472 875 1503 sic
897 1473 1043 1503 Graecum
1065 1470 1321 1512 μεταμορφώσεις
1336 1467 1426 1510 quasi
1448 1467 1495 1498 in-

831 1526 1016 1564 terpretatus
1030 1526 1087 1551 est.
1125 1519 1227 1550 Nimis
1242 1524 1372 1560 anguste
1388 1518 1497 1548 Burm-

832 1581 925 1612 quem
954 1570 1093 1611 sequitur
1122 1568 1332 1605 Schirachius‚
1356 1568 1395 1598 de
1424 1567 1497 1598 solis

832 1620 1010 1651 hominibus
1026 1619 1159 1661 accipit3
1176 1618 1282 1649 insunt
1297 1617 1379 1648 enim
1395 1623 1427 1648 et
1440 1616 1498 1647 aji-

833 1680 920 1700 arum
943 1679 1042 1700 rerum
1067 1667 1338 1709 metamorphoses.
1382 1666 1410 1696 h·
1426 1676 1498 1697 vero

835 1724 1029 1759 argutantur,
1047 1717 1099 1758 qui
1121 1722 1244 1759 poetam
1267 1716 1408 1747 consulto
1430 1726 1497 1746 car-

835 1779 906 1798 men
933 1767 971 1798 de
997 1777 1159 1808 corporum
1185 1765 1453 1796 transformatione
1481 1775 1499 1796 a

838 1818 1001 1847 verborum
1022 1815 1248 1858 permutatione
1269 1825 1412 1845 exorsum
1431 1825 1497 1846 esse

834 1865 1037 1897 contendunt.

878 1918 908 1947 2.
941 1916 983 1946 Di
1006 1918 1116 1955 captis,
1133 1914 1210 1955 etc.]
1249 1915 1386 1946 Causam
1410 1913 1500 1945 affert

834 1967 1002 2008 propriam,
1019 1975 1115 2006 quare
1131 1963 1190 1994 sibi
1205 1974 1267 1994 non
1288 1973 1385 1993 unum
1405 1968 1436 1994 et
1454 1963 1499 1994 al-

836 2022 935 2046 terum
963 2015 1079 2050 Deum,
1104 2024 1165 2044 non
1194 2014 1321 2044 Musam
1348 2012 1500 2053 aliquam,

836 2066 890 2097 sed
906 2066 1031 2096 omnino
1046 2066 1131 2096 Deos
1147 2064 1304 2105 adspirare
1316 2063 1411 2101 velit3
1427 2073 1501 2094 auc·

838 2121 919 2145 tores
932 2114 1014 2145 enim
1030 2124 1129 2144 rerum
1143 2112 1345 2143 dicendarum
1358 2111 1501 2142 fuerunt:

837 2176 908 2194 ozam
923 2174 981 2199 vos,
992 2168 1052 2193 etc.
1097 2161 1276 2192 Difficultas
1291 2160 1504 2202 quam'movet

838 2213 943 2244 multis
957 2214 993 2244 τὺ
1013 2219 1051 2248 et,
1070 2211 1165 2247 facili,
1182 2211 1299 2252 opinor,
1312 2209 1430 2241 tollitur
1446 2221 1501 2241 ne-

838 2262 932 2304 gotio,
956 2262 981 2292 si
1006 2261 1192 2292 sententiam
1214 2260 1246 2290 in
1270 2260 1351 2290 hunc
1378 2259 1505 2290 modum

839 2312 1017 2354 concipias:
1045 2310 1099 2346 Di,
1116 2316 1250 2341 vestrum
1267 2315 1316 2340 est
1339 2319 1389 2339 me
1416 2309 1505 2351 adju-

839 2372 922 2397 vare,
953 2359 1207 2402 quandoquidem
1235 2369 1290 2389 vos
1320 2368 1381 2388 non
1412 2358 1504 2388 modo

838 2416 952 2442 caetera
986 2409 1102 2450 regitis,
1131 2419 1238 2439 verum
1267 2409 1358 2438 etiam
1393 2407 1506 2438 formas

839 2460 908 2490 illas
931 2458 1084 2493 mutastis,
1099 2468 1177 2500 quas
1203 2467 1260 2496 ego
1287 2457 1345 2487 hoc
1369 2455 1506 2487 carmine

840 2518 1017 2550 persequar.
1047 2506 1107 2538 Cui
1123 2507 1182 2536 hoc
1199 2505 1354 2547 displicet,
1370 2505 1395 2535 is
1410 2515 1427 2535 e
1442 2505 1506 2535 lec-

842 2557 932 2588 tionis
949 2557 1097 2588 varietate
1113 2555 1257 2598 praeferat
1272 2556 1395 2585 easdem.
1432 2554 1506 2585 Non

841 2608 920 2638 bene
938 2607 1096 2648 Koeppen.
1109 2617 1177 2636 nam
1193 2611 1221 2635 et
1236 2602 1397 2645 conjunxit
1413 2609 1506 2644 atque

843 2667 898 2698 per
912 2657 1020 2686 etenim
1036 2654 1198 2697 explicuit.

887 2707 917 2736 3.
942 2706 1101 2744 Adspirate
1113 2704 1208 2743 meis]
1238 2702 1367 2737 Adeste,
1384 2702 1486 2733 favete
1501 2713 1511 2741 ς

844 2754 1025 2796 metaphora
1037 2758 1162 2796 sumpta
1177 2763 1195 2783 a
1207 2750 1428 2793 navigantibus
1439 2751 1508 2794 qui-

975 2805 1002 2835 B
