1729 3207
230 216 286 258 68
632 216 680 256 Ρ.
715 214 924 256 OVIDII
963 214 1241 255 NASONIS

228 331 257 377 J
265 332 388 378 ussit
411 338 461 378 et
485 330 684 378 extendi
711 345 928 393 camp08‚
956 329 1215 376 subsidere
1240 328 1407 383 valles,

231 408 424 455 Fronde
450 408 551 470 tegi
576 408 739 463 silvas,
762 406 1011 470 lapidosos
1038 421 1238 467 surgere
1264 411 1474 453 montes.

231 484 402 548 thue
427 485 538 532 duae
563 485 739 532 dextra
762 484 956 540 coelum,
983 483 1294 545 totidemque
1320 481 1521 529 sinistra
1543 483 1607 529 45

229 561 378 610 Parte
404 569 577 609 secant
602 562 763 617 Zonae,
792 561 967 624 quinta
992 567 1070 607 est
1097 559 1345 607 ardentior
1369 558 1494 614 illis;

232 638 316 685 Sic
341 655 464 686 onus
490 637 735 685 inclusum
760 652 966 684 numero
991 635 1219 683 distinxit
1242 635 1417 683 eodem

233 715 366 762 Cura
386 715 508 771 Dei;
536 714 847 777 totidemque
872 713 1032 776 plagae
1052 713 1227 760 tellure
1251 719 1568 775 premuntur:

233 791 454 846 Quarum
477 807 587 855 quae
613 791 778 839 media
801 798 894 847 est,
921 807 1018 837 non
1044 797 1122 838 est
1146 788 1428 837 habitabilis
1454 797 1608 838 aestu:

234 867 337 915 Nix
352 869 477 931 tegit
490 869 590 916 alta
604 868 727 916 duas
740 887 751 925 3
772 868 979 915 totidem
994 867 1121 914 inter
1137 872 1400 929 utramque
1415 859 1611 922 locavit,

231 945 644 1009 Temperiemque
656 945 811 1001 dedit,
824 945 982 992 mixta
991 960 1104 992 cum
1118 943 1296 1006 frigore
1306 943 1520 992 flamma.
1549 947 1607 992 51

234 1022 468 1070 Imminet
491 1023 566 1070 his
592 1039 691 1078 aer,
719 1023 821 1086 qui,
849 1030 1034 1086 quanto
1060 1028 1137 1069 est
1161 1021 1380 1084 pondere
1404 1028 1546 1068 terrae

234 1098 438 1147 Pondus
464 1115 606 1162 aquae
634 1100 804 1156 levius,
831 1107 969 1147 tanto
995 1106 1071 1147 est
1095 1099 1347 1146 onerosior
1374 1097 1490 1161 igni.

234 1175 342 1223 Illic
368 1183 417 1224 et
442 1177 664 1233 nebulas,
692 1177 792 1224 illic
819 1177 1092 1224 consistere
1118 1177 1276 1224 nubes

232 1251 263 1298 J
269 1253 407 1310 ussit,
436 1261 486 1301 et
507 1254 750 1302 humanas
776 1262 969 1303 motura
992 1254 1208 1302 tonitrua
1232 1260 1442 1309 mentes,
1552 1256 1613 1301 55

230 1437 379 1466 subsidere
394 1435 432 1466 de
445 1435 522 1466 locis
536 1436 690 1478 depressis
705 1442 736 1468 et
752 1437 889 1479 compla-

233 1484 325 1515 natis.
371 1485 445 1516 vid.
462 1486 560 1516 Gron.
577 1487 743 1517 Observat.
760 1498 790 1528 p.
807 1488 887 1517 726:

231 1545 352 1574 surgere
367 1539 484 1569 contra,
502 1534 609 1575 (quasi
634 1535 754 1576 surrigi,
770 1546 890 1566 sursum

233 1583 312 1623 agi,)
324 1583 362 1614 de
372 1583 419 1619 iis,
431 1594 500 1625 quae
512 1591 694 1615 excrescunt
705 1585 736 1615 in
749 1585 890 1616 altitudi-

232 1643 314 1664 nem.
359 1634 522 1663 Drakenb.
547 1634 586 1664 ad
610 1633 730 1669 Silium,
747 1634 790 1665 iii.
807 1636 888 1666 659:

234 1683 328 1713 Frons
344 1682 438 1713 honor
454 1684 607 1719 arborum,
624 1694 688 1714 ver.
704 1685 778 1715 346.

275 1734 327 1762 44.
355 1733 536 1773 lapidosos]
567 1733 726 1764 Gebhard.
753 1735 846 1776 Crep.
869 1734 889 1765 i.

232 1782 264 1811 6.
279 1783 416 1821 spatiosos
430 1793 566 1812 crescere.
597 1783 637 1812 Et
652 1782 696 1813 ita
714 1783 816 1813 Palat.
827 1794 890 1816 sec.

235 1831 278 1861 At
307 1831 437 1861 alterum
465 1831 606 1872 agnoscit
630 1832 773 1862 Lactant.
795 1832 827 1862 ii.
856 1835 889 1863 5.

233 1885 265 1910 et
287 1891 407 1922 surgere
429 1879 612 1921 exquisitius
634 1891 727 1921 quam
754 1892 892 1912 crescere.

234 1929 338 1959 Etiam
360 1930 501 1969 lapidosos
525 1929 626 1960 minus
642 1930 779 1971 vulgare,
796 1942 890 1972 quam

234 1981 380 2017 spatiosos.

277 2027 330 2057 45.
358 2027 530 2066 thueduae
542 2029 657 2062 dextra,
669 2027 748 2067 etc.]
773 2030 890 2065 Quem-

234 2075 400 2106 admodum
416 2075 448 2106 in
463 2075 544 2105 coelo
558 2075 694 2116 quinque
711 2087 793 2107 zonae
809 2082 891 2113 sunt,

234 2124 304 2154 duae
330 2124 459 2165 frigidm,
474 2123 603 2155 totidem
625 2130 816 2166 temperatae,
831 2137 892 2157 una

234 2173 367 2211 torrida3
399 2173 444 2203 sie
471 2182 503 2204 et
529 2173 558 2203 in
585 2179 675 2204 terra.
720 2175 758 2204 In
785 2174 891 2205 harum

233 2222 438 2264 descriptione
451 2224 564 2253 Nostro
580 2223 765 2264 praeiverant
783 2223 893 2265 virgil.

235 2272 350 2313 Georg.
362 2272 454 2302 i.233
470 2282 538 2313 sqq.
551 2277 582 2302 et
591 2272 693 2303 Tibul.
712 2273 769 2303 lv.
780 2273 800 2302 i.
816 2274 890 2304 152-

239 2321 308 2351 174.
339 2321 391 2362 qui
419 2320 538 2351 caeteris
567 2320 714 2362 copiosior
739 2327 796 2351 est.
841 2322 891 2353 Cf.

233 2370 328 2400 etiam
345 2369 459 2400 Claud.
473 2370 513 2400 R.
531 2370 563 2400 l'.
576 2370 764 2401 I.257-263.
788 2371 890 2401 Multo

234 2419 369 2450 ornatior
397 2419 510 2449 Ovidio
539 2424 585 2449 est
615 2419 774 2459 Virgilius.
834 2421 891 2450 Pro

235 2478 283 2502 ρο,
304 2468 386 2508 quod
414 2467 462 2497 liic
488 2468 628 2508 legimuS,
656 2476 698 2498 est
722 2470 888 2503 ardentior,

235 2517 286 2547 ille
300 2517 376 2547 dixit
391 2529 396 2546 ι
425 2529 483 2546 unu
501 2529 618 2547 corusco
634 2518 751 2557 Semper
766 2519 824 2548 sole
841 2530 891 2547 ru-

235 2568 350 2602 l›‹›ns,ec
371 2568 483 2596 torrida
505 2577 612 2605 semper
633 2569 669 2596 ab
696 2570 781 2608 igui,·
804 2574 835 2597 et
854 2567 892 2598 (le

235 2615 353 2655 frigidis
378 2626 438 2646 non
460 2615 534 2646 satis
556 2616 664 2647 habuit
686 2618 779 2646 altum
797 2619 891 2647 nivem

235 2675 486 2699 commemorare,
522 2666 575 2696 sed
590 2678 595 2695 ε
636 2667 760 2696 effrulea
793 2669 892 2707 glacie

234 2723 375 2744 cont-reue
385 2721 471 2754 utque
487 2716 626 2745 imbribus
641 2717 727 2746 atris.

280 2764 329 2793 46.
355 2764 488 2803 Sectam]
528 2764 701 2796 Dividunt:
727 2764 854 2796 ductum
873 2775 888 2793 a

956 1437 1089 1479 sphaem,
1120 1447 1213 1477 quam
1240 1442 1338 1466 secant
1365 1434 1487 1466 circuli.
1535 1435 1618 1466 Onus

956 1488 1116 1521 inclusum,
1133 1485 1230 1515 moles
1252 1491 1351 1521 terrae,
1367 1495 1462 1526 quam
1486 1483 1619 1516 includit

956 1536 1081 1567 coelum.
1131 1535 1213 1565 Cura
1230 1535 1287 1565 Dei
1304 1540 1350 1565 est
1365 1534 1453 1565 Deus
1467 1535 1546 1576 ipse,
1561 1533 1616 1565 sed

957 1592 1110 1626 quatenus
1131 1595 1237 1615 curam
1258 1583 1336 1625 gerit
1357 1583 1475 1614 mundi.
1492 1584 1577 1614 Fast.
1592 1583 1614 1614 i.

957 1636 1016 1665 37:
1047 1635 1118 1664 Herc
1146 1636 1243 1676 igilur
1276 1635 1350 1664 vidit
1380 1635 1507 1663 trabeati
1540 1644 1615 1663 cura

960 1686 1096 1720 Quirini.

1001 1735 1053 1764 48.
1072 1733 1222 1773 Tellure]
1250 1734 1349 1764 Deest
1364 1734 1406 1762 in.
1432 1733 1620 1762 Premuntur

958 1782 1116 1813 sonantius
1140 1788 1172 1813 et
1194 1781 1389 1823 exquisitius,
1405 1791 1500 1823 quam
1523 1787 1618 1817 sunt;

958 1843 1031 1863 nam
1060 1834 1153 1872 premi
1182 1833 1340 1873 eleganter
1369 1831 1526 1867 dicuntur,
1547 1841 1616 1872 quae

958 1881 1070 1912 finibus
1085 1880 1207 1912 inclusa
1222 1886 1304 1911 sunt.
1340 1879 1453 1921 virgil.
1469 1879 1584 1921 Georg.
1596 1879 1618 1910 i.

959 1931 1022 1961 235
1036 1942 1042 1959 ε
1068 1941 1151 1960 zonae
1168 1930 1347 1960 trahuntur.

1002 1981 1053 2010 49.
1072 1980 1138 2010 Non
1153 1986 1193 2010 est
1206 1980 1386 2013 habitabilis,
1400 1978 1479 2019 etc.]
1497 1979 1619 2021 Nempe

959 2040 997 2060 ex
1018 2029 1160 2071 opinione
1177 2029 1338 2064 Veterum,
1357 2027 1410 2069 qui
1427 2038 1520 2058 zonas
1535 2028 1621 2070 frigi-

959 2079 1015 2109 das
1030 2088 1091 2108 non
1113 2077 1226 2112 minus,
1242 2087 1337 2118 quam
1360 2076 1518 2113 torridam,
1534 2076 1618 2108 inco—

960 2127 997 2157 lis
1025 2128 1114 2157 orbas
1143 2127 1316 2168 putabant:
1342 2125 1413 2156 vide
1442 2126 1566 2157 Lucret.
1588 2137 1621 2157 v.

959 2177 1040 2214 2053
1057 2176 1168 2217 virgil.
1185 2176 1300 2217 Georg.
1315 2175 1336 2205 i.
1351 2175 1413 2205 237
1425 2186 1449 2206 s.
1462 2181 1494 2206 et
1512 2175 1618 2206 Macr.

959 2226 1063 2256 Somn.
1079 2225 1161 2267 Scip.
1177 2225 1209 2256 ii.
1224 2227 1254 2257 5.
1271 2226 1334 2256 late
1360 2224 1399 2255 de
1421 2224 1480 2255 hac
1501 2235 1533 2256 re
1552 2224 1617 2256 dis-

961 2280 1136 2316 putantem.

1001 2325 1055 2354 51.
1083 2324 1245 2364 Flamma]
1273 2323 1398 2354 l‘oetiee
1413 2334 1468 2366 pro
1483 2323 1598 2355 calore.

1001 2375 1052 2403 52.
1079 2374 1245 2414 [mannen]
1272 2372 1532 2415 Superimpositus
1560 2378 1617 2405 est.

959 2424 999 2452 Et
1027 2422 1171 2453 viciniam
1196 2429 1227 2453 et
1251 2422 1391 2453 altiorem
1417 2422 1510 2453 situm
1539 2423 1571 2454 h.
1586 2435 1617 2454 v.

958 2471 1088 2502 indicat.

1001 2521 1052 2551 54.
1079 2522 1254 2557 Consistere,
1281 2521 1396 2562 colligi.
1422 2520 1504 2556 oriri,
1530 2521 1619 2553 συνί-

960 2570 1107 2605 στασθαι,
1121 2576 1175 2600 aut
1188 2569 1352 2600 immorari.
1370 2571 1506 2600 Matura.
1530 2568 1619 2601 Alias

961 2626 1071 2649 terrere
1087 2620 1209 2660 Jupiter
1230 2619 1343 2650 dicitur
1364 2617 1545 2649 fulminibus
1566 2624 1620 2649 aut

959 2668 1084 2700 tonitru.
1134 2669 1284 2699 Facientes
1303 2669 1441 2710 frigora,
1472 2673 1507 2698 ut
1534 2667 1617 2709 apud

962 2717 1046 2757 Yirg.
1068 2717 1183 2759 Georg.
1207 2717 1227 2747 i.
1251 2718 1323 2749 352.
1356 2723 1475 2758 agentes
1492 2716 1619 2758 frigora

962 2768 1049 2795 renti.
