<?xml version="1.0" encoding="UTF-8"?>
<!DOCTYPE html PUBLIC "-//W3C//DTD XHTML 1.0 Transitional//EN"
    "http://www.w3.org/TR/xhtml1/DTD/xhtml1-transitional.dtd">
<html xmlns="http://www.w3.org/1999/xhtml" xml:lang="en" lang="en">
 <head>
  <title>
</title>
<meta http-equiv="Content-Type" content="text/html;charset=utf-8" />
  <meta name='ocr-system' content='tesseract 3.04.00' />
  <meta name='ocr-capabilities' content='ocr_page ocr_carea ocr_par ocr_line ocrx_word'/>
</head>
<body>
  <div class='ocr_page' id='page_1' title='image "./povidiinasonisop03oviduoft_0473.png"; bbox 0 0 1763 3181; ppageno 0'>
   <div class='ocr_carea' id='block_1_1' title="bbox 427 171 1334 214">
    <p class='ocr_par' dir='ltr' id='par_1_1' title="bbox 427 171 1334 214">
     <span class='ocr_line' id='line_1_1' title="bbox 427 171 1334 214; baseline -0.002 0"><span class='ocrx_word' id='word_1_1' title='bbox 427 171 1049 214; x_wconf 82' lang='lat' dir='ltr'>METAMORPHOSEON</span> <span class='ocrx_word' id='word_1_2' title='bbox 1073 172 1192 213; x_wconf 91' lang='lat' dir='ltr'>LIB.</span> <span class='ocrx_word' id='word_1_3' title='bbox 1225 171 1334 213; x_wconf 90' lang='lat' dir='ltr'><strong>VII.</strong></span> 
     </span>
    </p>
   </div>
   <div class='ocr_carea' id='block_1_2' title="bbox 1483 173 1569 213">
    <p class='ocr_par' dir='ltr' id='par_1_2' title="bbox 1483 173 1569 213">
     <span class='ocr_line' id='line_1_2' title="bbox 1483 173 1569 213; baseline 0 0"><span class='ocrx_word' id='word_1_4' title='bbox 1483 173 1569 213; x_wconf 74' lang='lat'>463</span> 
     </span>
    </p>
   </div>
   <div class='ocr_carea' id='block_1_3' title="bbox 178 285 1567 883">
    <p class='ocr_par' dir='ltr' id='par_1_3' title="bbox 178 285 1420 425">
     <span class='ocr_line' id='line_1_3' title="bbox 178 285 1420 351; baseline 0.001 -20"><span class='ocrx_word' id='word_1_5' title='bbox 178 285 317 332; x_wconf 88' lang='lat' dir='ltr'>Vidit</span> <span class='ocrx_word' id='word_1_6' title='bbox 340 292 390 333; x_wconf 91' lang='lat' dir='ltr'>et</span> <span class='ocrx_word' id='word_1_7' title='bbox 413 287 655 336; x_wconf 88' lang='lat' dir='ltr'>immitem</span> <span class='ocrx_word' id='word_1_8' title='bbox 678 286 955 351; x_wconf 88' lang='lat' dir='ltr'>Cephesias</span> <span class='ocrx_word' id='word_1_9' title='bbox 981 302 1067 334; x_wconf 87' lang='lat' dir='ltr'>ora</span> <span class='ocrx_word' id='word_1_10' title='bbox 1090 286 1420 333; x_wconf 81' lang='lat' dir='ltr'><strong>Procrusten:</strong></span> 
     </span>
     <span class='ocr_line' id='line_1_4' title="bbox 180 361 1296 425; baseline 0.002 -18"><span class='ocrx_word' id='word_1_11' title='bbox 180 361 455 425; x_wconf 84' lang='lat' dir='ltr'>Cercyonis</span> <span class='ocrx_word' id='word_1_12' title='bbox 478 364 634 410; x_wconf 89' lang='lat' dir='ltr'>letum</span> <span class='ocrx_word' id='word_1_13' title='bbox 657 363 781 410; x_wconf 89' lang='lat' dir='ltr'>vidit</span> <span class='ocrx_word' id='word_1_14' title='bbox 807 362 1030 411; x_wconf 86' lang='lat' dir='ltr'>Cerealis</span> <span class='ocrx_word' id='word_1_15' title='bbox 1057 363 1264 410; x_wconf 81' lang='lat' dir='ltr'>Eleusin</span> <span class='ocrx_word' id='word_1_16' title='bbox 1287 380 1296 410; x_wconf 93' lang='lat'><strong>:</strong></span> 
     </span>
    </p>

    <p class='ocr_par' dir='ltr' id='par_1_4' title="bbox 180 437 1567 578">
     <span class='ocr_line' id='line_1_5' title="bbox 180 437 1567 502; baseline -0.001 -18"><span class='ocrx_word' id='word_1_17' title='bbox 180 437 386 485; x_wconf 86' lang='lat' dir='ltr'>Occidit</span> <span class='ocrx_word' id='word_1_18' title='bbox 409 439 493 486; x_wconf 91' lang='lat' dir='ltr'>ille</span> <span class='ocrx_word' id='word_1_19' title='bbox 521 440 670 496; x_wconf 87' lang='lat' dir='ltr'>Sinis,</span> <span class='ocrx_word' id='word_1_20' title='bbox 697 439 891 502; x_wconf 81' lang='lat' dir='ltr'>magnis</span> <span class='ocrx_word' id='word_1_21' title='bbox 917 440 1045 486; x_wconf 89' lang='lat' dir='ltr'>male</span> <span class='ocrx_word' id='word_1_22' title='bbox 1067 439 1251 486; x_wconf 84' lang='lat' dir='ltr'>viribus</span> <span class='ocrx_word' id='word_1_23' title='bbox 1277 454 1414 494; x_wconf 90' lang='lat' dir='ltr'>usus,</span> <span class='ocrx_word' id='word_1_24' title='bbox 1468 440 1567 483; x_wconf 85' lang='lat'>440</span> 
     </span>
     <span class='ocr_line' id='line_1_6' title="bbox 180 513 1427 578; baseline -0.001 -17"><span class='ocrx_word' id='word_1_25' title='bbox 180 513 278 568; x_wconf 80' lang='lat' dir='ltr'>Qui</span> <span class='ocrx_word' id='word_1_26' title='bbox 303 521 499 578; x_wconf 89' lang='lat' dir='ltr'>poterat</span> <span class='ocrx_word' id='word_1_27' title='bbox 523 532 725 563; x_wconf 85' lang='lat' dir='ltr'>curvare</span> <span class='ocrx_word' id='word_1_28' title='bbox 750 516 934 571; x_wconf 86' lang='lat' dir='ltr'>trabes,</span> <span class='ocrx_word' id='word_1_29' title='bbox 958 522 1009 562; x_wconf 90' lang='lat' dir='ltr'>et</span> <span class='ocrx_word' id='word_1_30' title='bbox 1033 516 1216 577; x_wconf 85' lang='lat' dir='ltr'>agebat</span> <span class='ocrx_word' id='word_1_31' title='bbox 1240 515 1301 562; x_wconf 89' lang='lat' dir='ltr'>ab</span> <span class='ocrx_word' id='word_1_32' title='bbox 1327 514 1427 561; x_wconf 91' lang='lat' dir='ltr'>alto</span> 
     </span>
    </p>

    <p class='ocr_par' dir='ltr' id='par_1_5' title="bbox 178 589 1299 656">
     <span class='ocr_line' id='line_1_7' title="bbox 178 589 1299 656; baseline 0.002 -20"><span class='ocrx_word' id='word_1_33' title='bbox 178 589 260 637; x_wconf 91' lang='lat' dir='ltr'>Ad</span> <span class='ocrx_word' id='word_1_34' title='bbox 284 597 464 639; x_wconf 89' lang='lat' dir='ltr'>terram</span> <span class='ocrx_word' id='word_1_35' title='bbox 488 592 587 640; x_wconf 88' lang='lat' dir='ltr'>late</span> <span class='ocrx_word' id='word_1_36' title='bbox 611 608 868 656; x_wconf 86' lang='lat' dir='ltr'>sparsuras</span> <span class='ocrx_word' id='word_1_37' title='bbox 893 607 1102 655; x_wconf 90' lang='lat' dir='ltr'>corpora</span> <span class='ocrx_word' id='word_1_38' title='bbox 1124 591 1299 655; x_wconf 87' lang='lat' dir='ltr'>pinus:</span> 
     </span>
    </p>

    <p class='ocr_par' dir='ltr' id='par_1_6' title="bbox 179 659 1488 883">
     <span class='ocr_line' id='line_1_8' title="bbox 179 659 1398 731; baseline 0 -18"><span class='ocrx_word' id='word_1_39' title='bbox 179 666 339 714; x_wconf 90' lang='lat' dir='ltr'>Tutus</span> <span class='ocrx_word' id='word_1_40' title='bbox 365 669 427 716; x_wconf 90' lang='lat' dir='ltr'>ad</span> <span class='ocrx_word' id='word_1_41' title='bbox 451 668 747 726; x_wconf 81' lang='lat' dir='ltr'>Alcathoen,</span> <span class='ocrx_word' id='word_1_42' title='bbox 776 659 1015 731; x_wconf 78' lang='lat' dir='ltr'>Lelegeia</span> <span class='ocrx_word' id='word_1_43' title='bbox 1032 668 1229 723; x_wconf 87' lang='lat' dir='ltr'>moenia,</span> <span class='ocrx_word' id='word_1_44' title='bbox 1255 668 1398 714; x_wconf 90' lang='lat' dir='ltr'>limes</span> 
     </span>
     <span class='ocr_line' id='line_1_9' title="bbox 182 741 1436 810; baseline 0 -21"><span class='ocrx_word' id='word_1_45' title='bbox 182 741 477 807; x_wconf 89' lang='lat' dir='ltr'>Composito</span> <span class='ocrx_word' id='word_1_46' title='bbox 506 746 713 793; x_wconf 82' lang='lat' dir='ltr'>Scirone</span> <span class='ocrx_word' id='word_1_47' title='bbox 738 752 905 810; x_wconf 82' lang='lat' dir='ltr'>patet3</span> <span class='ocrx_word' id='word_1_48' title='bbox 947 744 1208 809; x_wconf 81' lang='lat' dir='ltr'>sparsique</span> <span class='ocrx_word' id='word_1_49' title='bbox 1232 743 1436 790; x_wconf 88' lang='lat' dir='ltr'>latronis</span> 
     </span>
     <span class='ocr_line' id='line_1_10' title="bbox 180 818 1488 883; baseline 0.001 -19"><span class='ocrx_word' id='word_1_50' title='bbox 180 818 334 868; x_wconf 89' lang='lat' dir='ltr'>Terra</span> <span class='ocrx_word' id='word_1_51' title='bbox 357 829 508 883; x_wconf 80' lang='lat' dir='ltr'>negat</span> <span class='ocrx_word' id='word_1_52' title='bbox 531 822 720 879; x_wconf 91' lang='lat' dir='ltr'>sedem,</span> <span class='ocrx_word' id='word_1_53' title='bbox 748 822 919 870; x_wconf 89' lang='lat' dir='ltr'>sedem</span> <span class='ocrx_word' id='word_1_54' title='bbox 943 828 1095 883; x_wconf 83' lang='lat' dir='ltr'>negat</span> <span class='ocrx_word' id='word_1_55' title='bbox 1118 821 1314 867; x_wconf 87' lang='lat' dir='ltr'>ossibus</span> <span class='ocrx_word' id='word_1_56' title='bbox 1339 818 1488 873; x_wconf 86' lang='lat' dir='ltr'>unda,</span> 
     </span>
    </p>
   </div>
   <div class='ocr_carea' id='block_1_4' title="bbox 182 894 1283 960">
    <p class='ocr_par' dir='ltr' id='par_1_7' title="bbox 182 894 1283 960">
     <span class='ocr_line' id='line_1_11' title="bbox 182 894 1283 960; baseline 0.001 -18"><span class='ocrx_word' id='word_1_57' title='bbox 182 894 308 950; x_wconf 84' lang='lat' dir='ltr'>Quae</span> <span class='ocrx_word' id='word_1_58' title='bbox 326 898 518 960; x_wconf 77' lang='lat' dir='ltr'>Jactata</span> <span class='ocrx_word' id='word_1_59' title='bbox 541 900 626 946; x_wconf 93' lang='lat' dir='ltr'>diu</span> <span class='ocrx_word' id='word_1_60' title='bbox 650 898 803 946; x_wconf 87' lang='lat' dir='ltr'>fertur</span> <span class='ocrx_word' id='word_1_61' title='bbox 826 898 1036 945; x_wconf 70' lang='lat' dir='ltr'>durasse</span> <span class='ocrx_word' id='word_1_62' title='bbox 1060 903 1283 944; x_wconf 88' lang='lat' dir='ltr'>vetustas</span> 
     </span>
    </p>
   </div>
   <div class='ocr_carea' id='block_1_5' title="bbox 1473 895 1570 939">
    <p class='ocr_par' dir='ltr' id='par_1_8' title="bbox 1473 895 1570 939">
     <span class='ocr_line' id='line_1_12' title="bbox 1473 895 1570 939; baseline 0 0"><span class='ocrx_word' id='word_1_63' title='bbox 1473 895 1570 939; x_wconf 82' lang='lat'>446</span> 
     </span>
    </p>
   </div>
   <div class='ocr_carea' id='block_1_6' title="bbox 182 970 1572 1270">
    <p class='ocr_par' dir='ltr' id='par_1_9' title="bbox 182 970 1572 1270">
     <span class='ocr_line' id='line_1_13' title="bbox 182 970 1490 1039; baseline -0.001 -22"><span class='ocrx_word' id='word_1_64' title='bbox 182 970 242 1019; x_wconf 92' lang='lat' dir='ltr'>In</span> <span class='ocrx_word' id='word_1_65' title='bbox 267 975 528 1037; x_wconf 89' lang='lat' dir='ltr'>scopulos:</span> <span class='ocrx_word' id='word_1_66' title='bbox 568 974 787 1039; x_wconf 91' lang='lat' dir='ltr'>scopulis</span> <span class='ocrx_word' id='word_1_67' title='bbox 813 990 994 1021; x_wconf 90' lang='lat' dir='ltr'>nomen</span> <span class='ocrx_word' id='word_1_68' title='bbox 1022 972 1241 1020; x_wconf 86' lang='lat' dir='ltr'>Scironis</span> <span class='ocrx_word' id='word_1_69' title='bbox 1266 971 1490 1018; x_wconf 87' lang='lat' dir='ltr'>inhaeret.</span> 
     </span>
     <span class='ocr_line' id='line_1_14' title="bbox 184 1048 1404 1116; baseline -0.001 -21"><span class='ocrx_word' id='word_1_70' title='bbox 184 1048 239 1095; x_wconf 81' lang='lat' dir='ltr'>Si</span> <span class='ocrx_word' id='word_1_71' title='bbox 263 1049 452 1108; x_wconf 90' lang='lat' dir='ltr'>titulos,</span> <span class='ocrx_word' id='word_1_72' title='bbox 480 1068 735 1116; x_wconf 86' lang='lat' dir='ltr'>annosque</span> <span class='ocrx_word' id='word_1_73' title='bbox 760 1059 872 1099; x_wconf 88' lang='lat' dir='ltr'>tuos</span> <span class='ocrx_word' id='word_1_74' title='bbox 898 1066 1156 1098; x_wconf 88' lang='lat' dir='ltr'>numerare</span> <span class='ocrx_word' id='word_1_75' title='bbox 1179 1049 1404 1102; x_wconf 88' lang='lat' dir='ltr'>velimus,</span> 
     </span>
     <span class='ocr_line' id='line_1_15' title="bbox 186 1125 1469 1192; baseline -0.002 -19"><span class='ocrx_word' id='word_1_76' title='bbox 186 1125 340 1174; x_wconf 89' lang='lat' dir='ltr'>Facta</span> <span class='ocrx_word' id='word_1_77' title='bbox 364 1137 593 1191; x_wconf 83' lang='lat' dir='ltr'>premant</span> <span class='ocrx_word' id='word_1_78' title='bbox 616 1146 799 1178; x_wconf 87' lang='lat' dir='ltr'>annos:</span> <span class='ocrx_word' id='word_1_79' title='bbox 839 1144 927 1192; x_wconf 88' lang='lat' dir='ltr'>pro</span> <span class='ocrx_word' id='word_1_80' title='bbox 953 1135 1019 1183; x_wconf 88' lang='lat' dir='ltr'>te,</span> <span class='ocrx_word' id='word_1_81' title='bbox 1046 1126 1329 1181; x_wconf 83' lang='lat' dir='ltr'>fortissime,</span> <span class='ocrx_word' id='word_1_82' title='bbox 1358 1130 1469 1171; x_wconf 86' lang='lat' dir='ltr'>vota</span> 
     </span>
     <span class='ocr_line' id='line_1_16' title="bbox 184 1200 1572 1270; baseline -0.003 -21"><span class='ocrx_word' id='word_1_83' title='bbox 184 1202 398 1252; x_wconf 85' lang='lat' dir='ltr'>Publica</span> <span class='ocrx_word' id='word_1_84' title='bbox 429 1206 757 1270; x_wconf 88' lang='lat' dir='ltr'>suscipimus:</span> <span class='ocrx_word' id='word_1_85' title='bbox 799 1205 989 1253; x_wconf 90' lang='lat' dir='ltr'>Bacchi</span> <span class='ocrx_word' id='word_1_86' title='bbox 1027 1205 1115 1253; x_wconf 87' lang='lat' dir='ltr'>tibi</span> <span class='ocrx_word' id='word_1_87' title='bbox 1153 1202 1393 1250; x_wconf 88' lang='lat' dir='ltr'>sumimus</span> <span class='ocrx_word' id='word_1_88' title='bbox 1424 1200 1572 1247; x_wconf 86' lang='lat' dir='ltr'>haus-</span> 
     </span>
    </p>
   </div>
   <div class='ocr_carea' id='block_1_7' title="bbox 381 1282 513 1329">
    <p class='ocr_par' dir='ltr' id='par_1_10' title="bbox 381 1282 513 1329">
     <span class='ocr_line' id='line_1_17' title="bbox 381 1282 513 1329; baseline 0.008 -1"><span class='ocrx_word' id='word_1_89' title='bbox 381 1282 513 1329; x_wconf 85' lang='lat' dir='ltr'>tus.’&#39;</span> 
     </span>
    </p>
   </div>
   <div class='ocr_carea' id='block_1_8' title="bbox 1472 1278 1576 1322">
    <p class='ocr_par' dir='ltr' id='par_1_11' title="bbox 1472 1278 1576 1322">
     <span class='ocr_line' id='line_1_18' title="bbox 1472 1278 1576 1322; baseline 0 -1"><span class='ocrx_word' id='word_1_90' title='bbox 1472 1278 1576 1322; x_wconf 54' lang='lat'>‘450</span> 
     </span>
    </p>
   </div>
   <div class='ocr_carea' id='block_1_9' title="bbox 185 1354 1529 1424">
    <p class='ocr_par' dir='ltr' id='par_1_12' title="bbox 185 1354 1529 1424">
     <span class='ocr_line' id='line_1_19' title="bbox 185 1354 1529 1424; baseline -0.004 -21"><span class='ocrx_word' id='word_1_91' title='bbox 185 1355 441 1405; x_wconf 79' lang='lat' dir='ltr'>Consonat</span> <span class='ocrx_word' id='word_1_92' title='bbox 466 1375 673 1406; x_wconf 87' lang='lat' dir='ltr'>assensu</span> <span class='ocrx_word' id='word_1_93' title='bbox 698 1358 885 1424; x_wconf 90' lang='lat' dir='ltr'>populi,</span> <span class='ocrx_word' id='word_1_94' title='bbox 913 1357 1250 1422; x_wconf 89' lang='lat' dir='ltr'>precibusque</span> <span class='ocrx_word' id='word_1_95' title='bbox 1274 1354 1529 1403; x_wconf 88' lang='lat' dir='ltr'>faventum</span> 
     </span>
    </p>
   </div>
   <div class='ocr_carea' id='block_1_10' title="bbox 180 1542 851 2757">
    <p class='ocr_par' dir='ltr' id='par_1_13' title="bbox 180 1542 849 2415">
     <span class='ocr_line' id='line_1_20' title="bbox 224 1542 842 1584; baseline 0 -12"><span class='ocrx_word' id='word_1_96' title='bbox 224 1542 298 1573; x_wconf 83' lang='lat'>439.</span> <span class='ocrx_word' id='word_1_97' title='bbox 315 1542 494 1583; x_wconf 76' lang='lat' dir='ltr'>Cercyonem</span> <span class='ocrx_word' id='word_1_98' title='bbox 511 1544 653 1574; x_wconf 75' lang='lat' dir='ltr'>Eleusine</span> <span class='ocrx_word' id='word_1_99' title='bbox 665 1543 842 1584; x_wconf 81' lang='lat' dir='ltr'>degentem,</span> 
     </span>
     <span class='ocr_line' id='line_1_21' title="bbox 181 1591 843 1632; baseline 0.002 -12"><span class='ocrx_word' id='word_1_100' title='bbox 181 1596 294 1630; x_wconf 83' lang='lat' dir='ltr'>quarta</span> <span class='ocrx_word' id='word_1_101' title='bbox 318 1601 425 1632; x_wconf 83' lang='lat' dir='ltr'>pugna</span> <span class='ocrx_word' id='word_1_102' title='bbox 440 1591 516 1622; x_wconf 84' lang='lat' dir='ltr'>vicit</span> <span class='ocrx_word' id='word_1_103' title='bbox 535 1592 685 1623; x_wconf 86' lang='lat' dir='ltr'>Theseus.</span> <span class='ocrx_word' id='word_1_104' title='bbox 729 1592 761 1622; x_wconf 94' lang='lat' dir='ltr'>Is</span> <span class='ocrx_word' id='word_1_105' title='bbox 788 1601 843 1622; x_wconf 81' lang='lat' dir='ltr'>au-</span> 
     </span>
     <span class='ocr_line' id='line_1_22' title="bbox 181 1640 842 1680; baseline 0.005 -12"><span class='ocrx_word' id='word_1_106' title='bbox 181 1643 242 1668; x_wconf 85' lang='lat' dir='ltr'>tem</span> <span class='ocrx_word' id='word_1_107' title='bbox 266 1645 488 1680; x_wconf 65' lang='lat' dir='ltr'>praetereuntes</span> <span class='ocrx_word' id='word_1_108' title='bbox 503 1640 589 1671; x_wconf 88' lang='lat' dir='ltr'>lucta</span> <span class='ocrx_word' id='word_1_109' title='bbox 608 1641 706 1671; x_wconf 88' lang='lat' dir='ltr'>victos</span> <span class='ocrx_word' id='word_1_110' title='bbox 727 1640 842 1670; x_wconf 85' lang='lat' dir='ltr'>interfi-</span> 
     </span>
     <span class='ocr_line' id='line_1_23' title="bbox 181 1688 840 1727; baseline 0.003 -10"><span class='ocrx_word' id='word_1_111' title='bbox 181 1697 249 1718; x_wconf 87' lang='lat' dir='ltr'>cere</span> <span class='ocrx_word' id='word_1_112' title='bbox 273 1688 414 1727; x_wconf 87' lang='lat' dir='ltr'>solebat;</span> <span class='ocrx_word' id='word_1_113' title='bbox 448 1689 646 1725; x_wconf 82' lang='lat' dir='ltr'>Plutarchus,</span> <span class='ocrx_word' id='word_1_114' title='bbox 663 1689 758 1720; x_wconf 82' lang='lat' dir='ltr'>Thes.</span> <span class='ocrx_word' id='word_1_115' title='bbox 780 1691 813 1719; x_wconf 92' lang='lat'>11</span> <span class='ocrx_word' id='word_1_116' title='bbox 833 1701 840 1726; x_wconf 76' lang='lat'><em>3</em></span> 
     </span>
     <span class='ocr_line' id='line_1_24' title="bbox 181 1736 842 1780; baseline 0.003 -14"><span class='ocrx_word' id='word_1_117' title='bbox 181 1736 366 1773; x_wconf 78' lang='lat' dir='ltr'>Pausanias,</span> <span class='ocrx_word' id='word_1_118' title='bbox 381 1737 481 1768; x_wconf 81' lang='lat' dir='ltr'>Attio.</span> <span class='ocrx_word' id='word_1_119' title='bbox 496 1749 528 1780; x_wconf 91' lang='lat' dir='ltr'>p.</span> <span class='ocrx_word' id='word_1_120' title='bbox 542 1740 598 1769; x_wconf 84' lang='lat'>94.</span> <span class='ocrx_word' id='word_1_121' title='bbox 645 1738 736 1774; x_wconf 83' lang='lat' dir='ltr'>Sinis,</span> <span class='ocrx_word' id='word_1_122' title='bbox 750 1738 842 1779; x_wconf 82' lang='lat' dir='ltr'>Poly-</span> 
     </span>
     <span class='ocr_line' id='line_1_25' title="bbox 181 1786 844 1826; baseline 0.002 -10"><span class='ocrx_word' id='word_1_123' title='bbox 181 1786 320 1826; x_wconf 82' lang='lat' dir='ltr'>pemonis</span> <span class='ocrx_word' id='word_1_124' title='bbox 336 1792 391 1817; x_wconf 84' lang='lat' dir='ltr'>aut</span> <span class='ocrx_word' id='word_1_125' title='bbox 406 1787 551 1817; x_wconf 85' lang='lat' dir='ltr'>Pemonis</span> <span class='ocrx_word' id='word_1_126' title='bbox 565 1786 658 1822; x_wconf 86' lang='lat' dir='ltr'>filius,</span> <span class='ocrx_word' id='word_1_127' title='bbox 674 1786 708 1817; x_wconf 89' lang='lat' dir='ltr'>in</span> <span class='ocrx_word' id='word_1_128' title='bbox 725 1787 844 1818; x_wconf 82' lang='lat' dir='ltr'>Isthmo</span> 
     </span>
     <span class='ocr_line' id='line_1_26' title="bbox 181 1834 844 1878; baseline 0.003 -14"><span class='ocrx_word' id='word_1_129' title='bbox 181 1834 462 1871; x_wconf 88' lang='lat' dir='ltr'>habitans‚duabus</span> <span class='ocrx_word' id='word_1_130' title='bbox 471 1835 594 1866; x_wconf 85' lang='lat' dir='ltr'>inflexis</span> <span class='ocrx_word' id='word_1_131' title='bbox 600 1836 734 1878; x_wconf 87' lang='lat' dir='ltr'>pinubus</span> <span class='ocrx_word' id='word_1_132' title='bbox 743 1835 844 1877; x_wconf 85' lang='lat' dir='ltr'>(unde</span> 
     </span>
     <span class='ocr_line' id='line_1_27' title="bbox 182 1883 846 1927; baseline 0 -12"><span class='ocrx_word' id='word_1_133' title='bbox 182 1883 440 1927; x_wconf 82' lang='grc' dir='ltr'>Πιτυοκάμπτης</span> <span class='ocrx_word' id='word_1_134' title='bbox 465 1885 586 1925; x_wconf 88' lang='lat' dir='ltr'>dictus)</span> <span class='ocrx_word' id='word_1_135' title='bbox 611 1885 751 1916; x_wconf 87' lang='lat' dir='ltr'>homines</span> <span class='ocrx_word' id='word_1_136' title='bbox 777 1885 846 1916; x_wconf 86' lang='lat' dir='ltr'>alli-</span> 
     </span>
     <span class='ocr_line' id='line_1_28' title="bbox 181 1934 845 1976; baseline 0 -12"><span class='ocrx_word' id='word_1_137' title='bbox 181 1943 255 1974; x_wconf 87' lang='lat' dir='ltr'>gare</span> <span class='ocrx_word' id='word_1_138' title='bbox 277 1934 408 1970; x_wconf 81' lang='lat' dir='ltr'>solebat,</span> <span class='ocrx_word' id='word_1_139' title='bbox 434 1934 548 1976; x_wconf 88' lang='lat' dir='ltr'>quibus</span> <span class='ocrx_word' id='word_1_140' title='bbox 572 1935 674 1966; x_wconf 89' lang='lat' dir='ltr'>subito</span> <span class='ocrx_word' id='word_1_141' title='bbox 700 1934 845 1971; x_wconf 86' lang='lat' dir='ltr'>dimissis,</span> 
     </span>
     <span class='ocr_line' id='line_1_29' title="bbox 180 1982 845 2014; baseline 0.002 -2"><span class='ocrx_word' id='word_1_142' title='bbox 180 1982 228 2012; x_wconf 91' lang='lat' dir='ltr'>illi</span> <span class='ocrx_word' id='word_1_143' title='bbox 243 1982 328 2013; x_wconf 85' lang='lat' dir='ltr'>foede</span> <span class='ocrx_word' id='word_1_144' title='bbox 348 1983 579 2014; x_wconf 77' lang='lat' dir='ltr'>lacerabantur.</span> <span class='ocrx_word' id='word_1_145' title='bbox 625 1983 744 2014; x_wconf 87' lang='lat' dir='ltr'>Eodem</span> <span class='ocrx_word' id='word_1_146' title='bbox 765 1993 845 2013; x_wconf 91' lang='lat' dir='ltr'>mor-</span> 
     </span>
     <span class='ocr_line' id='line_1_30' title="bbox 182 2030 845 2071; baseline 0.003 -10"><span class='ocrx_word' id='word_1_147' title='bbox 182 2030 222 2061; x_wconf 85' lang='lat' dir='ltr'>tis</span> <span class='ocrx_word' id='word_1_148' title='bbox 236 2041 348 2071; x_wconf 86' lang='lat' dir='ltr'>genere</span> <span class='ocrx_word' id='word_1_149' title='bbox 363 2031 494 2063; x_wconf 84' lang='lat' dir='ltr'>affectus</span> <span class='ocrx_word' id='word_1_150' title='bbox 505 2038 552 2063; x_wconf 83' lang='lat' dir='ltr'>est</span> <span class='ocrx_word' id='word_1_151' title='bbox 564 2042 582 2062; x_wconf 90' lang='lat' dir='ltr'>a</span> <span class='ocrx_word' id='word_1_152' title='bbox 595 2031 716 2063; x_wconf 87' lang='lat' dir='ltr'>Theseo</span> <span class='ocrx_word' id='word_1_153' title='bbox 729 2044 735 2062; x_wconf 82' lang='lat' dir='ltr'>z</span> <span class='ocrx_word' id='word_1_154' title='bbox 762 2032 845 2063; x_wconf 84' lang='lat' dir='ltr'>Pau-</span> 
     </span>
     <span class='ocr_line' id='line_1_31' title="bbox 183 2079 841 2122; baseline 0 -12"><span class='ocrx_word' id='word_1_155' title='bbox 183 2079 297 2115; x_wconf 87' lang='lat' dir='ltr'>sanias,</span> <span class='ocrx_word' id='word_1_156' title='bbox 327 2079 472 2111; x_wconf 88' lang='lat' dir='ltr'>Corinth.</span> <span class='ocrx_word' id='word_1_157' title='bbox 506 2092 537 2122; x_wconf 92' lang='lat' dir='ltr'>p.</span> <span class='ocrx_word' id='word_1_158' title='bbox 564 2081 644 2117; x_wconf 85' lang='lat' dir='ltr'>lll;</span> <span class='ocrx_word' id='word_1_159' title='bbox 683 2079 841 2121; x_wconf 84' lang='lat' dir='ltr'>Hyginus,</span> 
     </span>
     <span class='ocr_line' id='line_1_32' title="bbox 183 2127 845 2170; baseline -0.003 -10"><span class='ocrx_word' id='word_1_160' title='bbox 183 2127 247 2160; x_wconf 84' lang='lat' dir='ltr'>fab.</span> <span class='ocrx_word' id='word_1_161' title='bbox 274 2130 335 2160; x_wconf 87' lang='lat'>38:</span> <span class='ocrx_word' id='word_1_162' title='bbox 371 2128 591 2170; x_wconf 88' lang='lat' dir='ltr'>Apollodorus,</span> <span class='ocrx_word' id='word_1_163' title='bbox 620 2129 652 2160; x_wconf 89' lang='lat' dir='ltr'>d.</span> <span class='ocrx_word' id='word_1_164' title='bbox 678 2128 700 2160; x_wconf 91' lang='lat' dir='ltr'>l.</span> <span class='ocrx_word' id='word_1_165' title='bbox 730 2128 845 2159; x_wconf 87' lang='lat' dir='ltr'>Confer</span> 
     </span>
     <span class='ocr_line' id='line_1_33' title="bbox 183 2178 842 2221; baseline -0.002 -12"><span class='ocrx_word' id='word_1_166' title='bbox 183 2179 322 2210; x_wconf 86' lang='lat' dir='ltr'>Valken.</span> <span class='ocrx_word' id='word_1_167' title='bbox 342 2179 382 2209; x_wconf 88' lang='lat' dir='ltr'>ad</span> <span class='ocrx_word' id='word_1_168' title='bbox 407 2178 515 2220; x_wconf 86' lang='lat' dir='ltr'>Eurip.</span> <span class='ocrx_word' id='word_1_169' title='bbox 539 2178 668 2221; x_wconf 90' lang='lat' dir='ltr'>Hippol.</span> <span class='ocrx_word' id='word_1_170' title='bbox 689 2188 751 2210; x_wconf 87' lang='lat' dir='ltr'>ver.</span> <span class='ocrx_word' id='word_1_171' title='bbox 766 2179 842 2209; x_wconf 88' lang='lat'>977.</span> 
     </span>
     <span class='ocr_line' id='line_1_34' title="bbox 182 2227 845 2269; baseline -0.003 -11"><span class='ocrx_word' id='word_1_172' title='bbox 182 2227 261 2258; x_wconf 91' lang='lat' dir='ltr'>Haec</span> <span class='ocrx_word' id='word_1_173' title='bbox 277 2227 415 2258; x_wconf 83' lang='lat' dir='ltr'>secunda</span> <span class='ocrx_word' id='word_1_174' title='bbox 434 2228 500 2269; x_wconf 88' lang='lat' dir='ltr'>ejus</span> <span class='ocrx_word' id='word_1_175' title='bbox 523 2238 638 2269; x_wconf 79' lang='lat' dir='ltr'>pugna.</span> <span class='ocrx_word' id='word_1_176' title='bbox 684 2227 773 2257; x_wconf 88' lang='lat' dir='ltr'>Idem</span> <span class='ocrx_word' id='word_1_177' title='bbox 797 2227 845 2257; x_wconf 85' lang='lat' dir='ltr'>Si-</span> 
     </span>
     <span class='ocr_line' id='line_1_35' title="bbox 183 2275 849 2317; baseline -0.003 -10"><span class='ocrx_word' id='word_1_178' title='bbox 183 2278 230 2307; x_wconf 77' lang='lat' dir='ltr'>nis</span> <span class='ocrx_word' id='word_1_179' title='bbox 250 2275 362 2306; x_wconf 90' lang='lat' dir='ltr'>habuit</span> <span class='ocrx_word' id='word_1_180' title='bbox 388 2286 511 2317; x_wconf 89' lang='lat' dir='ltr'>quoque</span> <span class='ocrx_word' id='word_1_181' title='bbox 535 2276 644 2312; x_wconf 84' lang='lat' dir='ltr'>filiam,</span> <span class='ocrx_word' id='word_1_182' title='bbox 671 2276 849 2316; x_wconf 84' lang='lat' dir='ltr'>Perigimen</span> 
     </span>
     <span class='ocr_line' id='line_1_36' title="bbox 184 2324 848 2365; baseline -0.002 -10"><span class='ocrx_word' id='word_1_183' title='bbox 184 2324 317 2360; x_wconf 88' lang='lat' dir='ltr'>nomine,</span> <span class='ocrx_word' id='word_1_184' title='bbox 332 2335 370 2355; x_wconf 86' lang='lat' dir='ltr'>ex</span> <span class='ocrx_word' id='word_1_185' title='bbox 386 2334 450 2365; x_wconf 83' lang='lat' dir='ltr'>qua</span> <span class='ocrx_word' id='word_1_186' title='bbox 470 2324 609 2355; x_wconf 84' lang='lat' dir='ltr'>Theseus</span> <span class='ocrx_word' id='word_1_187' title='bbox 630 2324 848 2365; x_wconf 81' lang='lat' dir='ltr'>Menalippum</span> 
     </span>
     <span class='ocr_line' id='line_1_37' title="bbox 184 2373 620 2415; baseline -0.002 -11"><span class='ocrx_word' id='word_1_188' title='bbox 184 2373 307 2415; x_wconf 86' lang='lat' dir='ltr'>genuit,</span> <span class='ocrx_word' id='word_1_189' title='bbox 324 2379 446 2415; x_wconf 86' lang='lat' dir='ltr'>patrem</span> <span class='ocrx_word' id='word_1_190' title='bbox 460 2373 620 2404; x_wconf 85' lang='lat' dir='ltr'>Toxianis.</span> 
     </span>
    </p>

    <p class='ocr_par' dir='ltr' id='par_1_14' title="bbox 186 2421 851 2757">
     <span class='ocr_line' id='line_1_38' title="bbox 228 2421 849 2463; baseline -0.003 -11"><span class='ocrx_word' id='word_1_191' title='bbox 228 2422 303 2453; x_wconf 83' lang='lat'>443.</span> <span class='ocrx_word' id='word_1_192' title='bbox 326 2423 481 2458; x_wconf 77' lang='lat' dir='ltr'>Alcathoe,</span> <span class='ocrx_word' id='word_1_193' title='bbox 510 2423 653 2463; x_wconf 85' lang='lat' dir='ltr'>Megara,</span> <span class='ocrx_word' id='word_1_194' title='bbox 683 2422 722 2452; x_wconf 93' lang='lat' dir='ltr'>ab</span> <span class='ocrx_word' id='word_1_195' title='bbox 752 2421 849 2451; x_wconf 85' lang='lat' dir='ltr'>Alca-</span> 
     </span>
     <span class='ocr_line' id='line_1_39' title="bbox 188 2470 848 2512; baseline -0.005 -10"><span class='ocrx_word' id='word_1_196' title='bbox 188 2472 260 2502; x_wconf 87' lang='lat' dir='ltr'>thoo</span> <span class='ocrx_word' id='word_1_197' title='bbox 280 2471 324 2502; x_wconf 90' lang='lat' dir='ltr'>sic</span> <span class='ocrx_word' id='word_1_198' title='bbox 341 2471 438 2502; x_wconf 85' lang='lat' dir='ltr'>dicta.</span> <span class='ocrx_word' id='word_1_199' title='bbox 483 2472 515 2501; x_wconf 89' lang='lat' dir='ltr'>ls</span> <span class='ocrx_word' id='word_1_200' title='bbox 537 2471 595 2501; x_wconf 83' lang='lat' dir='ltr'>suit</span> <span class='ocrx_word' id='word_1_201' title='bbox 615 2470 740 2512; x_wconf 88' lang='lat' dir='ltr'>Pelopis</span> <span class='ocrx_word' id='word_1_202' title='bbox 756 2470 848 2505; x_wconf 86' lang='lat' dir='ltr'>filius,</span> 
     </span>
     <span class='ocr_line' id='line_1_40' title="bbox 186 2517 848 2561; baseline -0.006 -10"><span class='ocrx_word' id='word_1_203' title='bbox 186 2520 253 2561; x_wconf 89' lang='lat' dir='ltr'>qui,</span> <span class='ocrx_word' id='word_1_204' title='bbox 268 2531 365 2561; x_wconf 88' lang='lat' dir='ltr'>quum</span> <span class='ocrx_word' id='word_1_205' title='bbox 385 2521 414 2551; x_wconf 87' lang='lat' dir='ltr'>ei</span> <span class='ocrx_word' id='word_1_206' title='bbox 437 2520 543 2550; x_wconf 81' lang='lat' dir='ltr'>mortis</span> <span class='ocrx_word' id='word_1_207' title='bbox 559 2518 726 2560; x_wconf 87' lang='lat' dir='ltr'>Chrysippi</span> <span class='ocrx_word' id='word_1_208' title='bbox 746 2517 848 2548; x_wconf 83' lang='lat' dir='ltr'>fratris</span> 
     </span>
     <span class='ocr_line' id='line_1_41' title="bbox 186 2566 850 2609; baseline -0.005 -10"><span class='ocrx_word' id='word_1_209' title='bbox 186 2569 305 2599; x_wconf 86' lang='lat' dir='ltr'>crimen</span> <span class='ocrx_word' id='word_1_210' title='bbox 327 2569 425 2605; x_wconf 82' lang='lat' dir='ltr'>fieret,</span> <span class='ocrx_word' id='word_1_211' title='bbox 440 2568 480 2599; x_wconf 85' lang='lat' dir='ltr'>ad</span> <span class='ocrx_word' id='word_1_212' title='bbox 503 2569 651 2609; x_wconf 83' lang='lat' dir='ltr'>Megaros</span> <span class='ocrx_word' id='word_1_213' title='bbox 675 2566 796 2607; x_wconf 79' lang='lat' dir='ltr'>aufugit</span> <span class='ocrx_word' id='word_1_214' title='bbox 819 2572 850 2596; x_wconf 87' lang='lat' dir='ltr'>et</span> 
     </span>
     <span class='ocr_line' id='line_1_42' title="bbox 187 2618 850 2649; baseline -0.006 0"><span class='ocrx_word' id='word_1_215' title='bbox 187 2618 311 2649; x_wconf 90' lang='lat' dir='ltr'>leonem</span> <span class='ocrx_word' id='word_1_216' title='bbox 326 2618 434 2649; x_wconf 87' lang='lat' dir='ltr'>horum</span> <span class='ocrx_word' id='word_1_217' title='bbox 456 2623 553 2648; x_wconf 85' lang='lat' dir='ltr'>terras</span> <span class='ocrx_word' id='word_1_218' title='bbox 568 2622 743 2648; x_wconf 84' lang='lat' dir='ltr'>vastantem</span> <span class='ocrx_word' id='word_1_219' title='bbox 759 2626 850 2646; x_wconf 86' lang='lat' dir='ltr'>neca—</span> 
     </span>
     <span class='ocr_line' id='line_1_43' title="bbox 189 2663 851 2707; baseline -0.011 -7"><span class='ocrx_word' id='word_1_220' title='bbox 189 2667 254 2706; x_wconf 90' lang='lat' dir='ltr'>vit;</span> <span class='ocrx_word' id='word_1_221' title='bbox 277 2666 360 2698; x_wconf 89' lang='lat' dir='ltr'>unde</span> <span class='ocrx_word' id='word_1_222' title='bbox 386 2666 526 2707; x_wconf 85' lang='lat' dir='ltr'>Megaris</span> <span class='ocrx_word' id='word_1_223' title='bbox 550 2666 639 2696; x_wconf 86' lang='lat' dir='ltr'>heros</span> <span class='ocrx_word' id='word_1_224' title='bbox 664 2663 800 2699; x_wconf 84' lang='lat' dir='ltr'>habitus,</span> <span class='ocrx_word' id='word_1_225' title='bbox 821 2669 851 2693; x_wconf 86' lang='lat' dir='ltr'>et</span> 
     </span>
     <span class='ocr_line' id='line_1_44' title="bbox 190 2711 850 2757; baseline -0.006 -12"><span class='ocrx_word' id='word_1_226' title='bbox 190 2716 399 2748; x_wconf 83' lang='lat' dir='ltr'>monumentis</span> <span class='ocrx_word' id='word_1_227' title='bbox 415 2715 564 2757; x_wconf 83' lang='lat' dir='ltr'>festisque</span> <span class='ocrx_word' id='word_1_228' title='bbox 580 2714 756 2746; x_wconf 86' lang='lat' dir='ltr'>celebratus</span> <span class='ocrx_word' id='word_1_229' title='bbox 772 2711 830 2742; x_wconf 84' lang='lat' dir='ltr'>fuit</span> <span class='ocrx_word' id='word_1_230' title='bbox 844 2724 850 2741; x_wconf 76' lang='grc' dir='ltr'>ε</span> 
     </span>
    </p>
   </div>
   <div class='ocr_carea' id='block_1_11' title="bbox 909 1535 1618 2698">
    <p class='ocr_par' dir='ltr' id='par_1_15' title="bbox 909 1535 1618 2497">
     <span class='ocr_line' id='line_1_45' title="bbox 912 1535 1575 1577; baseline -0.014 -4"><span class='ocrx_word' id='word_1_231' title='bbox 912 1542 1088 1573; x_wconf 86' lang='lat' dir='ltr'>Pausanius</span> <span class='ocrx_word' id='word_1_232' title='bbox 1101 1541 1123 1570; x_wconf 90' lang='lat' dir='ltr'>i.</span> <span class='ocrx_word' id='word_1_233' title='bbox 1139 1550 1166 1570; x_wconf 91' lang='lat' dir='ltr'>c.</span> <span class='ocrx_word' id='word_1_234' title='bbox 1183 1540 1213 1570; x_wconf 90' lang='lat'>4.</span> <span class='ocrx_word' id='word_1_235' title='bbox 1253 1538 1426 1577; x_wconf 81' lang='lat' dir='ltr'>Composito,</span> <span class='ocrx_word' id='word_1_236' title='bbox 1441 1535 1575 1571; x_wconf 83' lang='lat' dir='ltr'>sublato,</span> 
     </span>
     <span class='ocr_line' id='line_1_46' title="bbox 911 1585 1575 1629; baseline -0.011 -7"><span class='ocrx_word' id='word_1_237' title='bbox 911 1592 1086 1628; x_wconf 86' lang='lat' dir='ltr'>interfecto,</span> <span class='ocrx_word' id='word_1_238' title='bbox 1102 1589 1166 1621; x_wconf 87' lang='lat' dir='ltr'>sive</span> <span class='ocrx_word' id='word_1_239' title='bbox 1182 1588 1365 1629; x_wconf 82' lang='lat' dir='ltr'>metaphora</span> <span class='ocrx_word' id='word_1_240' title='bbox 1386 1586 1486 1628; x_wconf 85' lang='lat' dir='ltr'>petita</span> <span class='ocrx_word' id='word_1_241' title='bbox 1500 1585 1540 1615; x_wconf 91' lang='lat' dir='ltr'>sit</span> <span class='ocrx_word' id='word_1_242' title='bbox 1556 1595 1575 1615; x_wconf 89' lang='lat' dir='ltr'>a</span> 
     </span>
     <span class='ocr_line' id='line_1_47' title="bbox 909 1634 1575 1681; baseline -0.011 -11"><span class='ocrx_word' id='word_1_243' title='bbox 909 1641 1029 1676; x_wconf 81' lang='lat' dir='ltr'>litibus,</span> <span class='ocrx_word' id='word_1_244' title='bbox 1047 1651 1129 1681; x_wconf 84' lang='lat' dir='ltr'>quae,</span> <span class='ocrx_word' id='word_1_245' title='bbox 1146 1649 1242 1680; x_wconf 89' lang='lat' dir='ltr'>quum</span> <span class='ocrx_word' id='word_1_246' title='bbox 1258 1641 1496 1678; x_wconf 86' lang='lat' dir='ltr'>componuntur,</span> <span class='ocrx_word' id='word_1_247' title='bbox 1507 1634 1575 1664; x_wconf 84' lang='lat' dir='ltr'>fini-</span> 
     </span>
     <span class='ocr_line' id='line_1_48' title="bbox 911 1683 1574 1727; baseline -0.012 -6"><span class='ocrx_word' id='word_1_248' title='bbox 911 1696 1023 1727; x_wconf 81' lang='lat' dir='ltr'>untur3</span> <span class='ocrx_word' id='word_1_249' title='bbox 1047 1689 1112 1719; x_wconf 88' lang='lat' dir='ltr'>sive</span> <span class='ocrx_word' id='word_1_250' title='bbox 1128 1699 1147 1719; x_wconf 89' lang='lat' dir='ltr'>a</span> <span class='ocrx_word' id='word_1_251' title='bbox 1162 1687 1302 1723; x_wconf 88' lang='lat' dir='ltr'>mortuis,</span> <span class='ocrx_word' id='word_1_252' title='bbox 1319 1685 1373 1727; x_wconf 91' lang='lat' dir='ltr'>qui</span> <span class='ocrx_word' id='word_1_253' title='bbox 1395 1690 1427 1715; x_wconf 86' lang='lat' dir='ltr'>et</span> <span class='ocrx_word' id='word_1_254' title='bbox 1447 1683 1506 1725; x_wconf 90' lang='lat' dir='ltr'>ipsi</span> <span class='ocrx_word' id='word_1_255' title='bbox 1527 1683 1574 1714; x_wconf 91' lang='lat' dir='ltr'>di-</span> 
     </span>
     <span class='ocr_line' id='line_1_49' title="bbox 911 1732 1575 1779; baseline -0.012 -10"><span class='ocrx_word' id='word_1_256' title='bbox 911 1745 1023 1769; x_wconf 89' lang='lat' dir='ltr'>cuntur</span> <span class='ocrx_word' id='word_1_257' title='bbox 1035 1736 1188 1779; x_wconf 88' lang='lat' dir='ltr'>componi,</span> <span class='ocrx_word' id='word_1_258' title='bbox 1201 1735 1234 1766; x_wconf 87' lang='lat' dir='ltr'>id</span> <span class='ocrx_word' id='word_1_259' title='bbox 1249 1741 1307 1771; x_wconf 89' lang='lat' dir='ltr'>est,</span> <span class='ocrx_word' id='word_1_260' title='bbox 1321 1733 1457 1775; x_wconf 85' lang='lat' dir='ltr'>sepeliri.</span> <span class='ocrx_word' id='word_1_261' title='bbox 1485 1732 1575 1763; x_wconf 87' lang='lat' dir='ltr'>Schi-</span> 
     </span>
     <span class='ocr_line' id='line_1_50' title="bbox 911 1781 1576 1826; baseline -0.012 -7"><span class='ocrx_word' id='word_1_262' title='bbox 911 1788 1035 1819; x_wconf 84' lang='lat' dir='ltr'>rachius</span> <span class='ocrx_word' id='word_1_263' title='bbox 1058 1797 1151 1817; x_wconf 88' lang='lat' dir='ltr'>sensu</span> <span class='ocrx_word' id='word_1_264' title='bbox 1172 1784 1372 1826; x_wconf 81' lang='lat' dir='ltr'>exquisitiore</span> <span class='ocrx_word' id='word_1_265' title='bbox 1395 1782 1439 1813; x_wconf 89' lang='lat' dir='ltr'>sic</span> <span class='ocrx_word' id='word_1_266' title='bbox 1455 1781 1576 1813; x_wconf 87' lang='lat' dir='ltr'>dictum</span> 
     </span>
     <span class='ocr_line' id='line_1_51' title="bbox 916 1832 1577 1879; baseline -0.012 -11"><span class='ocrx_word' id='word_1_267' title='bbox 916 1838 1059 1879; x_wconf 75' lang='lat' dir='ltr'>putabat,</span> <span class='ocrx_word' id='word_1_268' title='bbox 1071 1836 1146 1877; x_wconf 88' lang='lat' dir='ltr'>quia</span> <span class='ocrx_word' id='word_1_269' title='bbox 1153 1835 1293 1865; x_wconf 86' lang='lat' dir='ltr'>Theseus</span> <span class='ocrx_word' id='word_1_270' title='bbox 1303 1832 1462 1864; x_wconf 87' lang='lat' dir='ltr'>Scironem</span> <span class='ocrx_word' id='word_1_271' title='bbox 1475 1841 1492 1861; x_wconf 89' lang='lat' dir='ltr'>e</span> <span class='ocrx_word' id='word_1_272' title='bbox 1502 1841 1577 1861; x_wconf 83' lang='lat' dir='ltr'>saxo</span> 
     </span>
     <span class='ocr_line' id='line_1_52' title="bbox 913 1879 1577 1921; baseline -0.011 -5"><span class='ocrx_word' id='word_1_273' title='bbox 913 1887 945 1916; x_wconf 89' lang='lat' dir='ltr'>in</span> <span class='ocrx_word' id='word_1_274' title='bbox 959 1895 1043 1916; x_wconf 84' lang='lat' dir='ltr'>mare</span> <span class='ocrx_word' id='word_1_275' title='bbox 1059 1884 1260 1915; x_wconf 80' lang='lat' dir='ltr'>deturbatum</span> <span class='ocrx_word' id='word_1_276' title='bbox 1275 1881 1367 1912; x_wconf 85' lang='lat' dir='ltr'>simul</span> <span class='ocrx_word' id='word_1_277' title='bbox 1387 1879 1577 1921; x_wconf 86' lang='lat' dir='ltr'>sepeliverit.</span> 
     </span>
     <span class='ocr_line' id='line_1_53' title="bbox 914 1928 1578 1971; baseline -0.012 -6"><span class='ocrx_word' id='word_1_278' title='bbox 914 1934 1030 1970; x_wconf 82' lang='lat' dir='ltr'>Sciron,</span> <span class='ocrx_word' id='word_1_279' title='bbox 1059 1931 1246 1967; x_wconf 86' lang='lat' dir='ltr'>Scironides,</span> <span class='ocrx_word' id='word_1_280' title='bbox 1275 1928 1450 1971; x_wconf 85' lang='lat' dir='ltr'>Megaridis</span> <span class='ocrx_word' id='word_1_281' title='bbox 1485 1938 1578 1969; x_wconf 88' lang='lat' dir='ltr'>rupes</span> 
     </span>
     <span class='ocr_line' id='line_1_54' title="bbox 913 1977 1577 2018; baseline -0.011 -5"><span class='ocrx_word' id='word_1_282' title='bbox 913 1982 1066 2018; x_wconf 87' lang='lat' dir='ltr'>incolens,</span> <span class='ocrx_word' id='word_1_283' title='bbox 1082 1981 1133 2012; x_wconf 86' lang='lat' dir='ltr'>vel</span> <span class='ocrx_word' id='word_1_284' title='bbox 1157 1978 1328 2011; x_wconf 83' lang='lat' dir='ltr'>latrociniis</span> <span class='ocrx_word' id='word_1_285' title='bbox 1343 1977 1425 2009; x_wconf 86' lang='lat' dir='ltr'>viam</span> <span class='ocrx_word' id='word_1_286' title='bbox 1449 1977 1577 2008; x_wconf 84' lang='lat' dir='ltr'>infesta-</span> 
     </span>
     <span class='ocr_line' id='line_1_55' title="bbox 913 2025 1579 2072; baseline -0.011 -10"><span class='ocrx_word' id='word_1_287' title='bbox 913 2032 979 2066; x_wconf 86' lang='lat' dir='ltr'>bat,</span> <span class='ocrx_word' id='word_1_288' title='bbox 1004 2031 1054 2062; x_wconf 89' lang='lat' dir='ltr'>vel</span> <span class='ocrx_word' id='word_1_289' title='bbox 1079 2028 1339 2072; x_wconf 65' lang='lat' dir='ltr'>praetereuntibus</span> <span class='ocrx_word' id='word_1_290' title='bbox 1363 2026 1460 2068; x_wconf 89' lang='lat' dir='ltr'>pedes</span> <span class='ocrx_word' id='word_1_291' title='bbox 1482 2025 1579 2068; x_wconf 90' lang='lat' dir='ltr'>porri-</span> 
     </span>
     <span class='ocr_line' id='line_1_56' title="bbox 912 2076 1576 2122; baseline -0.012 -10"><span class='ocrx_word' id='word_1_292' title='bbox 912 2091 985 2122; x_wconf 88' lang='lat' dir='ltr'>gere</span> <span class='ocrx_word' id='word_1_293' title='bbox 1001 2081 1121 2111; x_wconf 87' lang='lat' dir='ltr'>solebat</span> <span class='ocrx_word' id='word_1_294' title='bbox 1136 2078 1307 2116; x_wconf 81' lang='lat' dir='ltr'>lavandos3</span> <span class='ocrx_word' id='word_1_295' title='bbox 1323 2076 1407 2118; x_wconf 91' lang='lat' dir='ltr'>quod</span> <span class='ocrx_word' id='word_1_296' title='bbox 1419 2086 1517 2117; x_wconf 88' lang='lat' dir='ltr'>quum</span> <span class='ocrx_word' id='word_1_297' title='bbox 1533 2077 1576 2105; x_wconf 81' lang='lat' dir='ltr'>fe-</span> 
     </span>
     <span class='ocr_line' id='line_1_57' title="bbox 912 2123 1577 2165; baseline -0.012 -4"><span class='ocrx_word' id='word_1_298' title='bbox 912 2130 1036 2165; x_wconf 87' lang='lat' dir='ltr'>cissent,</span> <span class='ocrx_word' id='word_1_299' title='bbox 1052 2129 1192 2160; x_wconf 85' lang='lat' dir='ltr'>calcibus</span> <span class='ocrx_word' id='word_1_300' title='bbox 1213 2138 1265 2158; x_wconf 85' lang='lat' dir='ltr'>eos</span> <span class='ocrx_word' id='word_1_301' title='bbox 1286 2125 1320 2156; x_wconf 89' lang='lat' dir='ltr'>in</span> <span class='ocrx_word' id='word_1_302' title='bbox 1341 2135 1425 2155; x_wconf 83' lang='lat' dir='ltr'>mare</span> <span class='ocrx_word' id='word_1_303' title='bbox 1449 2123 1577 2165; x_wconf 84' lang='lat' dir='ltr'>dejicie-</span> 
     </span>
     <span class='ocr_line' id='line_1_58' title="bbox 912 2172 1577 2209; baseline -0.012 0"><span class='ocrx_word' id='word_1_304' title='bbox 912 2179 967 2209; x_wconf 85' lang='lat' dir='ltr'>bat</span> <span class='ocrx_word' id='word_1_305' title='bbox 982 2191 988 2208; x_wconf 93' lang='lat'>:</span> <span class='ocrx_word' id='word_1_306' title='bbox 1023 2177 1188 2208; x_wconf 85' lang='lat' dir='ltr'>Plutarch.</span> <span class='ocrx_word' id='word_1_307' title='bbox 1211 2175 1305 2206; x_wconf 89' lang='lat' dir='ltr'>Thes.</span> <span class='ocrx_word' id='word_1_308' title='bbox 1330 2174 1380 2204; x_wconf 87' lang='lat'>10.</span> <span class='ocrx_word' id='word_1_309' title='bbox 1436 2172 1517 2202; x_wconf 88' lang='lat' dir='ltr'>Eum</span> <span class='ocrx_word' id='word_1_310' title='bbox 1546 2178 1577 2202; x_wconf 86' lang='lat' dir='ltr'>et</span> 
     </span>
     <span class='ocr_line' id='line_1_59' title="bbox 912 2221 1576 2270; baseline -0.012 -12"><span class='ocrx_word' id='word_1_311' title='bbox 912 2227 1014 2270; x_wconf 90' lang='lat' dir='ltr'>ipsum</span> <span class='ocrx_word' id='word_1_312' title='bbox 1027 2226 1142 2268; x_wconf 86' lang='lat' dir='ltr'>dejecit</span> <span class='ocrx_word' id='word_1_313' title='bbox 1153 2225 1300 2258; x_wconf 87' lang='lat' dir='ltr'>Theseus,</span> <span class='ocrx_word' id='word_1_314' title='bbox 1310 2222 1405 2263; x_wconf 87' lang='lat' dir='ltr'>idque</span> <span class='ocrx_word' id='word_1_315' title='bbox 1416 2221 1474 2251; x_wconf 86' lang='lat' dir='ltr'>fuit</span> <span class='ocrx_word' id='word_1_316' title='bbox 1484 2231 1576 2262; x_wconf 83' lang='lat' dir='ltr'>quar-</span> 
     </span>
     <span class='ocr_line' id='line_1_60' title="bbox 915 2271 1577 2317; baseline -0.014 -11"><span class='ocrx_word' id='word_1_317' title='bbox 915 2281 980 2306; x_wconf 84' lang='lat' dir='ltr'>tum</span> <span class='ocrx_word' id='word_1_318' title='bbox 1003 2276 1070 2317; x_wconf 84' lang='lat' dir='ltr'>ejus</span> <span class='ocrx_word' id='word_1_319' title='bbox 1095 2284 1183 2315; x_wconf 72' lang='lat' dir='ltr'>opus·</span> <span class='ocrx_word' id='word_1_320' title='bbox 1228 2272 1387 2311; x_wconf 77' lang='lat' dir='ltr'>Sparsique</span> <span class='ocrx_word' id='word_1_321' title='bbox 1409 2271 1577 2299; x_wconf 80' lang='lat' dir='ltr'>latronis—</span> 
     </span>
     <span class='ocr_line' id='line_1_61' title="bbox 915 2317 1618 2359; baseline -0.013 -4"><span class='ocrx_word' id='word_1_322' title='bbox 915 2327 1032 2355; x_wconf 70' lang='lat' dir='ltr'>ossibus.</span> <span class='ocrx_word' id='word_1_323' title='bbox 1069 2324 1148 2353; x_wconf 80' lang='lat' dir='ltr'>Haec</span> <span class='ocrx_word' id='word_1_324' title='bbox 1164 2320 1256 2352; x_wconf 88' lang='lat' dir='ltr'>lectio</span> <span class='ocrx_word' id='word_1_325' title='bbox 1271 2319 1362 2351; x_wconf 87' lang='lat' dir='ltr'>nimis</span> <span class='ocrx_word' id='word_1_326' title='bbox 1378 2317 1533 2359; x_wconf 84' lang='lat' dir='ltr'>exquisita</span> <span class='ocrx_word' id='word_1_327' title='bbox 1546 2322 1578 2348; x_wconf 87' lang='lat' dir='ltr'>et</span> <span class='ocrx_word' id='word_1_328' title='bbox 1616 2354 1618 2356; x_wconf 17' lang='lat' dir='ltr'>v</span> 
     </span>
     <span class='ocr_line' id='line_1_62' title="bbox 914 2368 1577 2411; baseline -0.014 -7"><span class='ocrx_word' id='word_1_329' title='bbox 914 2379 994 2404; x_wconf 80' lang='lat' dir='ltr'>torta</span> <span class='ocrx_word' id='word_1_330' title='bbox 1009 2373 1150 2408; x_wconf 81' lang='lat' dir='ltr'>videtur3</span> <span class='ocrx_word' id='word_1_331' title='bbox 1174 2368 1364 2411; x_wconf 86' lang='lat' dir='ltr'>praetulerim</span> <span class='ocrx_word' id='word_1_332' title='bbox 1379 2373 1463 2397; x_wconf 83' lang='lat' dir='ltr'>certe</span> <span class='ocrx_word' id='word_1_333' title='bbox 1482 2376 1577 2407; x_wconf 82' lang='lat' dir='ltr'>quam</span> 
     </span>
     <span class='ocr_line' id='line_1_63' title="bbox 914 2416 1578 2461; baseline -0.014 -9"><span class='ocrx_word' id='word_1_334' title='bbox 914 2421 991 2452; x_wconf 84' lang='lat' dir='ltr'>dant</span> <span class='ocrx_word' id='word_1_335' title='bbox 1006 2420 1100 2461; x_wconf 71' lang='lat' dir='ltr'>Regii</span> <span class='ocrx_word' id='word_1_336' title='bbox 1112 2417 1217 2453; x_wconf 83' lang='lat' dir='ltr'>nostri,</span> <span class='ocrx_word' id='word_1_337' title='bbox 1230 2418 1392 2456; x_wconf 79' lang='lat' dir='ltr'>sparsisque</span> <span class='ocrx_word' id='word_1_338' title='bbox 1408 2416 1578 2445; x_wconf 67' lang='lat' dir='ltr'>latronis-</span> 
     </span>
     <span class='ocr_line' id='line_1_64' title="bbox 914 2469 1031 2497; baseline 0 0"><span class='ocrx_word' id='word_1_339' title='bbox 914 2469 1031 2497; x_wconf 66' lang='lat' dir='ltr'>ossibus.</span> 
     </span>
    </p>

    <p class='ocr_par' dir='ltr' id='par_1_16' title="bbox 915 2510 1579 2698">
     <span class='ocr_line' id='line_1_65' title="bbox 959 2510 1579 2554; baseline -0.013 -8"><span class='ocrx_word' id='word_1_340' title='bbox 959 2517 1034 2546; x_wconf 84' lang='lat'>448.</span> <span class='ocrx_word' id='word_1_341' title='bbox 1062 2515 1187 2549; x_wconf 77' lang='lat' dir='ltr'>Titulos,</span> <span class='ocrx_word' id='word_1_342' title='bbox 1205 2512 1335 2554; x_wconf 79' lang='lat' dir='ltr'>gloriose</span> <span class='ocrx_word' id='word_1_343' title='bbox 1351 2512 1443 2542; x_wconf 83' lang='lat' dir='ltr'>facta.</span> <span class='ocrx_word' id='word_1_344' title='bbox 1482 2510 1579 2539; x_wconf 71' lang='lat' dir='ltr'>Facta</span> 
     </span>
     <span class='ocr_line' id='line_1_66' title="bbox 915 2566 1579 2605; baseline -0.012 -10"><span class='ocrx_word' id='word_1_345' title='bbox 915 2570 1052 2605; x_wconf 77' lang='lat' dir='ltr'>premant</span> <span class='ocrx_word' id='word_1_346' title='bbox 1063 2574 1175 2599; x_wconf 77' lang='lat' dir='ltr'>annos‚·</span> <span class='ocrx_word' id='word_1_347' title='bbox 1192 2566 1280 2602; x_wconf 84' lang='lat' dir='ltr'>gesta</span> <span class='ocrx_word' id='word_1_348' title='bbox 1294 2566 1348 2591; x_wconf 90' lang='lat' dir='ltr'>tua</span> <span class='ocrx_word' id='word_1_349' title='bbox 1362 2569 1458 2589; x_wconf 87' lang='lat' dir='ltr'>annos</span> <span class='ocrx_word' id='word_1_350' title='bbox 1472 2568 1579 2598; x_wconf 87' lang='lat' dir='ltr'>super-</span> 
     </span>
     <span class='ocr_line' id='line_1_67' title="bbox 919 2609 1577 2652; baseline -0.014 -8"><span class='ocrx_word' id='word_1_351' title='bbox 919 2614 1027 2644; x_wconf 85' lang='lat' dir='ltr'>abunt.</span> <span class='ocrx_word' id='word_1_352' title='bbox 1062 2611 1156 2652; x_wconf 81' lang='lat' dir='ltr'>Regii</span> <span class='ocrx_word' id='word_1_353' title='bbox 1171 2609 1264 2641; x_wconf 86' lang='lat' dir='ltr'>nostri</span> <span class='ocrx_word' id='word_1_354' title='bbox 1284 2609 1400 2639; x_wconf 84' lang='lat' dir='ltr'>habent</span> <span class='ocrx_word' id='word_1_355' title='bbox 1419 2612 1577 2647; x_wconf 75' lang='lat' dir='ltr'>prement,-</span> 
     </span>
     <span class='ocr_line' id='line_1_68' title="bbox 919 2659 1353 2698; baseline -0.012 -4"><span class='ocrx_word' id='word_1_356' title='bbox 919 2663 973 2694; x_wconf 79' lang='lat' dir='ltr'>sed</span> <span class='ocrx_word' id='word_1_357' title='bbox 987 2662 1109 2692; x_wconf 72' lang='lat' dir='ltr'>velimus</span> <span class='ocrx_word' id='word_1_358' title='bbox 1124 2659 1191 2691; x_wconf 91' lang='lat' dir='ltr'>vult</span> <span class='ocrx_word' id='word_1_359' title='bbox 1204 2664 1353 2698; x_wconf 73' lang='lat' dir='ltr'>premant.</span> 
     </span>
    </p>
   </div>
  </div>
 </body>
</html>
