1729 3207
223 221 279 262 86
620 221 669 261 P.
703 219 915 261 OVIDII
950 218 1227 260 NASONIS

227 336 462 398 Corpore,
490 342 540 382 et
564 352 628 384 ex
653 349 753 382 una
781 334 1032 398 pendebat
1058 333 1247 395 origine
1272 332 1473 380 bellurn.

224 411 370 459 Nune
396 412 530 467 mihi,
549 428 648 475 qua
666 419 827 458 totum
852 411 1045 458 Nereus
1071 411 1398 457 circumtonat
1421 409 1607 463 orbem,

224 488 542 536 Perdendum
568 489 774 535 mortale
800 504 984 550 genus:
1025 503 1112 550 per
1137 487 1339 533 flumina
1357 488 1489 549 juro-

223 564 401 620 Infera‚
430 567 522 612 sub
548 573 702 612 terras
727 565 904 629 Stygio
929 564 1149 611 labentia
1172 564 1298 619 luco,

223 642 420 690 Cuncta
444 643 580 706 prius
605 650 826 690 tentata:
867 642 955 689 sed
982 637 1344 688 immedi'cabile
1369 639 1546 685 vulnus

221 718 356 767 Ense
382 719 720 775 recidendum,
745 735 805 766 ne
831 735 945 782 pars
972 718 1164 765 sincera
1188 717 1423 764 trahatur.

1517 716 1601 760 191

222 795 351 843 Sunt
366 796 484 842 inihi
498 796 745 853 vSemidei3
776 803 891 842 sunt
906 795 1090 842 rustica
1105 795 1322 849 numina,
1339 792 1607 856 Nymphae,

220 872 494 935 Faunique,
526 873 812 936 Satyrique,
841 879 892 919 et
919 872 1195 918 monticolae
1224 870 1438 917 Silvani:

220 948 357 1002 Quos
383 949 618 1012 quoniam
644 949 755 996 coeli
781 948 1001 995 nondum
1027 948 1289 1010 dignamur
1314 948 1514 1001 honore,

219 1024 356 1080 Quas
382 1026 625 1082 dedimuS,
653 1033 786 1073 certe
811 1032 966 1072 terras
992 1024 1215 1071 habitare
1237 1024 1473 1070 sinamus.
1518 1024 1608 1069 195

214 1101 294 1149 An
320 1103 458 1158 satis,
485 1120 513 1150 o
542 1103 736 1166 Superi,
764 1110 895 1150 tutos
923 1101 1024 1150 fore
1049 1102 1250 1149 creditis
1278 1102 1404 1158 illos,

218 1177 384 1232 Quum
406 1179 541 1235 mihi,
561 1179 646 1243 qui
667 1180 869 1235 fulmen,
888 1180 973 1243 qui
989 1196 1074 1226 vos
1096 1180 1357 1242 habeoque
1373 1195 1607 1243 regoque,

219 1254 468 1304 Struxerit
492 1257 712 1313 insidias,
741 1264 888 1305 notus
914 1257 1108 1304 feritate
1135 1257 1396 1321 Lycaon?’'

219 1331 573 1382 Confremuere
599 1350 786 1390 omnes,
811 1335 1093 1398 studiisque
1119 1335 1408 1383 ardentibus
1434 1351 1608 1382 ausum

270 1495 339 1525 187.
391 1496 626 1537 Qua—orbem]
672 1498 777 1533 Quam
814 1498 877 1529 late

216 1543 362 1575 Oceanus
398 1551 510 1576 terram
548 1546 656 1582 ambit,
687 1557 781 1588 quam
815 1548 876 1578 late

215 1597 296 1623 terra
333 1599 439 1635 patet:
487 1594 527 1625 cf.
564 1595 714 1626 Heroidd.
744 1596 786 1627 ix.
818 1598 877 1635 14;

214 1641 298 1672 Fast.
314 1653 343 1672 v.
366 1643 418 1674 85.
465 1644 593 1680 Nereus,
618 1645 705 1675 Deus
729 1646 876 1683 marinus,

215 1700 295 1721 unus
309 1702 346 1721 ex
363 1692 603 1733 antiquissimis:
623 1693 878 1737 Hesiod.The0g.

215 1739 288 1769 233.
336 1740 563 1772 Cir-cumtonare
584 1743 665 1772 bene
686 1743 724 1773 de
746 1743 876 1785 strepitu

215 1787 368 1819 undarum
384 1801 391 1827 3
415 1800 499 1820 mare
515 1790 597 1820 enim
617 1797 663 1822 est
680 1791 876 1833 πολύφλοισ-

213 1835 288 1875 βον.
336 1838 378 1868 Ut
405 1838 436 1868 h.
461 1839 482 1869 1.
504 1840 619 1870 Nereus
643 1843 876 1879 circumeamus,

212 1884 256 1916 sic
281 1887 409 1918 Hesiod.
430 1888 588 1930 Theogon.
612 1890 684 1920 441.
709 1890 877 1931 ἑρίκτυπος

215 1934 399 1976 Neptunus:
426 1942 456 1967 et
472 1948 521 1978 ap.
533 1938 658 1968 Homer.
670 1938 791 1970 h.Mer.
806 1942 875 1971 187.

214 1983 381 2025 Neptunus
395 1985 618 2028 ἕρισφάραγος.

260 2034 330 2064 188.
354 2035 459 2066 Unum
482 2035 579 2077 Styga
602 2036 871 2079 circumloquitur.

218 2082 366 2114 Labeiztia
391 2083 480 2120 dixit,
496 2085 570 2126 quia
594 2087 652 2116 labi
673 2087 808 2118 solemne
835 2088 873 2119 de

213 2132 325 2168 fluviis,
346 2143 525 2174 quanquam
547 2146 591 2176 pr.
614 2135 746 2166 celerem
769 2147 873 2168 eorum

213 2180 377 2212 decursum
399 2183 554 2223 exprimit,
572 2184 624 2225 qui
646 2195 707 2215 non
730 2187 874 2217 convenit

213 2230 312 2272 Stygi,
340 2231 433 2272 pigrae
465 2232 584 2272 paludi.
641 2234 872 2272 Immedicabite,

212 2285 274 2310 ete.
320 2280 406 2311 Talis
433 2281 588 2312 sententia
610 2282 671 2312 vim
701 2285 873 2324 argumenti

214 2328 323 2360 habet.
384 2330 508 2366 Vulnus,
535 2332 709 2363 membrum
748 2333 874 2365 vulnere

213 2377 405 2408 morbidum:
430 2390 481 2409 xv.
496 2380 549 2409 93.
570 2382 697 2411 vulnera
722 2384 871 2418 mandere,

212 2437 321 2458 carnes
332 2427 500 2458 bestiarum
510 2429 749 2461 vulneratarum.
776 2431 874 2468 Ensis,

212 2476 325 2506 ferrum
348 2476 550 2507 medicorum.
595 2478 698 2510 Grave
724 2479 780 2510 hoe
805 2491 873 2512 voc.

211 2523 257 2555 ira
280 2524 505 2566 suppeditavit.
551 2527 653 2557 Etiam
679 2527 783 2559 Rutil.
798 2529 872 2559 Itin.

211 2572 234 2603 i.
252 2574 328 2604 311.
344 2573 433 2610 dixit,
449 2580 577 2605 notante
592 2576 700 2606 Burm.
713 2588 778 2607 ense
797 2581 872 2609 reci-

211 2624 280 2653 dere
294 2624 416 2653 malum.
463 2624 597 2660 Sincera,
614 2624 744 2666 integra,
759 2633 793 2657 ut
816 2627 870 2658 xii.

210 2671 269 2709 993
307 2677 414 2702 contra
448 2671 535 2713 Virg.
572 2674 687 2714 Georg.
723 2675 766 2705 iv.
794 2677 869 2706 284.

209 2731 298 2750 cruor
320 2722 494 2756 insincerus,
510 2728 671 2764 corruptus
692 2724 868 2764 putredine.

209 2768 334 2805 ‚integra
351 2776 451 2799 autem
470 2781 539 2811 pars
555 2778 624 2802 sunt
640 2773 736 2803 Fauni
753 2780 781 2804 et
799 2774 867 2805 reli-

945 1508 1006 1539 qua
1023 1497 1150 1528 numina
1166 1498 1197 1528 in
1212 1496 1318 1534 terris;
1337 1496 1508 1527 humanum
1524 1495 1607 1526 enim

944 1557 1043 1587 genus
1057 1558 1146 1578 omne
1160 1546 1352 1588 perdendum
1367 1552 1443 1577 erat.
1491 1546 1606 1576 Traha-

946 1603 1007 1634 tur,
1020 1607 1038 1627 a
1053 1596 1163 1627 vitiata
1180 1601 1267 1638 parte
1283 1595 1459 1626 inficiatur:
1485 1595 1516 1625 ii.
1533 1589 1607 1626 826⁴.

990 1647 1061 1676 192.
1107 1646 1242 1681 Semidei,
1278 1643 1414 1686 ἡμίθεοι,
1460 1643 1607 1676 dicuntur

945 1694 1039 1725 etiam
1064 1696 1172 1729 heroes,
1198 1700 1229 1724 et
1257 1699 1345 1724 erant
1369 1693 1476 1724 infima
1501 1693 1603 1735 digni-

945 1750 1022 1780 tate,
1039 1743 1196 1774 inferiores
1209 1744 1304 1773 etiam
1319 1742 1498 1773 numinibus
1512 1743 1604 1773 rusti-

944 1793 1006 1823 cis:
1031 1793 1102 1823 vide
1119 1793 1232 1835 Cuper.
1248 1793 1379 1823 Observ.
1395 1791 1438 1822 iii.
1462 1793 1510 1823 16.
1555 1793 1606 1824 De

946 1842 1094 1883 Nymphis
1105 1853 1158 1884 per
1173 1848 1284 1872 terram
1299 1841 1522 1878 habitantibus,
1535 1842 1605 1873 vide

944 1892 1074 1923 Hesiod.
1089 1892 1206 1932 Theog.
1226 1892 1294 1922 129.
1311 1892 1384 1922 364.
1430 1892 1533 1932 Satyri
1555 1892 1602 1923 in-

944 1948 1069 1972 ventum
1097 1942 1288 1972 Graecorum.
1335 1941 1436 1971 Fauni
1460 1941 1491 1972 in
1511 1941 1606 1973 Italia

943 1989 1093 2029 originem
1121 1990 1248 2025 habent,
1275 1995 1442 2031 postquam
1468 1990 1605 2027 Faunus,

939 2039 1007 2070 Pici
1024 2039 1114 2075 filius,
1132 2045 1260 2081 quartus
1278 2038 1378 2069 Italiae
1403 2050 1469 2075 rex,
1486 2040 1524 2070 ob
1539 2051 1604 2071 me-

939 2088 998 2118 rita
1011 2088 1042 2118 in
1058 2099 1120 2118 rem
1137 2090 1285 2118 rusticam
1299 2088 1378 2118 inter
1389 2089 1474 2119 Deos
1487 2089 1604 2120 relatus

940 2142 1015 2167 erat.
1060 2137 1129 2168 Illis
1141 2137 1356 2168 tribuebantur
1369 2137 1462 2180 pedes
1473 2139 1603 2180 caprini,

938 2185 987 2216 his
1012 2197 1084 2217 non.
1131 2187 1219 2228 Saepe
1244 2197 1316 2216 vero
1344 2186 1410 2217 haec
1439 2187 1601 2218 numinum

938 2245 1052 2276 genera
1080 2235 1322 2266 confunduntur.
1369 2236 1451 2267 Vide
1476 2237 1602 2269 omnino

939 2284 1043 2325 Heyu,
1056 2285 1086 2315 in
1100 2285 1177 2315 libro
1189 2286 1420 2325 Antiquarische
1437 2286 1603 2327 Aufsaeize‚

939 2339 961 2364 t.
984 2334 1017 2364 ii.
1040 2346 1070 2376 p.
1095 2336 1134 2365 53
1159 2345 1227 2375 sqq.
1251 2341 1282 2365 et
1306 2333 1337 2365 in
1361 2335 1492 2366 Excurs.
1507 2347 1537 2366 v.
1562 2336 1602 2367 ad

940 2384 1016 2414 AEn.
1031 2383 1095 2414 viii.
1116 2395 1146 2426 p.
1171 2385 1240 2415 125.
1282 2384 1423 2415 Silvanus
1445 2385 1518 2415 alibi
1542 2396 1602 2417 non

940 2432 998 2462 nisi
1026 2443 1118 2469 unus,
1145 2433 1237 2464 etiam
1264 2432 1326 2463 xiv.
1350 2434 1423 2464 637.
1448 2433 1480 2464 in
1508 2434 1601 2465 simili

940 2482 1092 2523 catalogo.
1140 2483 1298 2518 Habitare,
1310 2493 1421 2525 nempe
1438 2488 1514 2514 tuto.

986 2532 1056 2562 197.
1080 2532 1118 2562 Se
1143 2531 1290 2563 describit
1305 2532 1409 2563 Deum
1431 2543 1599 2564 summum.

942 2580 1082 2616 Fulmen,
1101 2580 1220 2622 insigne
1235 2581 1347 2612 summi
1359 2582 1490 2624 imperii.
1534 2583 1600 2613 Ha-

940 2630 1015 2664 bere,
1034 2635 1066 2660 ut
1090 2630 1191 2661 Graec.
1210 2631 1307 2671 ἔχειν,
1326 2631 1357 2661 in
1373 2637 1526 2673 potestate
1541 2643 1599 2663 sua

939 2676 1062 2710 habere.
1109 2678 1229 2710 Referri
1252 2679 1345 2720 igitur
1364 2685 1395 2711 et
1419 2679 1460 2711 ad
1481 2680 1598 2712 fulmen

938 2731 968 2756 et
984 2726 1022 2756 ad
1041 2727 1125 2758 Deos
1138 2734 1250 2768 potest.

984 2776 1052 2805 199.
1080 2776 1290 2817 (hvgrremuere
1309 2789 1414 2814 amnes,
1431 2779 1508 2819 etc.]
1536 2778 1595 2809 Hic
