1763 3181
224 192 309 233 160
615 192 666 232 P.
699 190 911 233 OVIDII
945 190 1225 232 NASONIS

230 306 295 354 Et
319 323 448 353 nunc
475 307 622 361 sicca,
651 306 785 369 prius
811 306 1133 353 celeberrima
1157 305 1391 361 fontibus,
1422 304 1538 360 Ide;

228 384 592 447 Virgineusque
609 381 837 438 Helicon,
849 390 900 430 et
914 383 1132 430 nondum
1144 382 1375 445 OEagrius
1389 380 1606 428 Haemos.

229 461 387 508 Ardet
410 461 459 507 in
484 461 779 508 immensum
806 459 1068 522 geminatis
1094 459 1291 522 ignibus
1317 457 1482 513 AEtne‚
1516 461 1613 504 220

228 537 578 601 Parnasusque
628 538 818 601 biceps,
863 545 914 584 et
962 536 1116 601 Eryx,
1167 544 1216 584 et
1265 536 1513 599 Cynthus,
1564 542 1614 582 et

429 614 634 678 Othrys,

232 690 298 738 Et
317 691 519 739 tandem
547 691 794 755 Rhodope
819 690 1014 738 nivibus
1039 690 1267 746 caritura,
1297 689 1600 751 Mimasque,

233 768 602 832 Dindymaque,
639 776 689 817 et
722 768 940 833 Mycale,
977 776 1224 831 natusque
1261 768 1323 814 ad
1357 782 1497 814 sacra
1531 766 1614 812 Ci-

426 846 632 893 thaeron.

233 922 340 970 Nec
362 930 570 986 prosunt
591 923 811 987 Scythiae
833 939 922 970 sua
941 923 1149 985 frigora:
1181 922 1438 969 Caucasus
1459 920 1614 975 ardet,

233 1121 326 1145 tonsos
357 1115 476 1144 Taurus
504 1120 572 1144 arat
604 1115 725 1146 Cilicas.
764 1114 893 1150 Tmolus,

232 1163 323 1194 hodie
345 1164 475 1206 Bozdag,
501 1174 589 1194 mons
610 1163 730 1205 Lydiae,
748 1163 820 1194 vino
841 1175 894 1205 ge-

234 1224 341 1245 neroso
362 1213 485 1250 nobilis,
502 1224 540 1244 ex
561 1224 622 1254 quo
643 1213 799 1244 oriebatur
815 1214 894 1244 Pac-

233 1262 325 1298 tolus,
346 1262 458 1292 fluvius
479 1261 612 1292 aurifer:
638 1262 681 1292 vi.
702 1263 759 1299 153
781 1261 895 1301 Virgil.

235 1311 349 1352 Georg.
361 1311 394 1341 ii.
407 1312 447 1342 98
460 1323 468 1349 ;
484 1311 567 1341 Plin.
578 1311 673 1341 H.N.
684 1323 714 1342 v.
725 1312 778 1341 29.
815 1311 892 1347 OEte,

233 1366 288 1392 aut
304 1361 385 1396 OEta,
401 1360 552 1390 montium
572 1360 685 1401 jugum
699 1360 892 1391 Thessaliam

236 1421 254 1440 a
272 1410 390 1440 Doride
413 1415 445 1440 et
466 1409 603 1440 Phocide
623 1419 780 1451 separans,
800 1409 894 1440 exitio

235 1459 381 1489 Herculis
395 1458 498 1488 nobile
511 1470 516 1487 :
541 1459 651 1489 Strabo
665 1458 708 1489 ix.
723 1469 754 1499 p.
767 1459 840 1489 655.

276 1510 350 1539 218.
376 1508 440 1544 Ide,
466 1513 520 1538 aut
540 1508 609 1544 Ida,
626 1517 714 1538 mons
738 1513 770 1538 et
792 1507 892 1539 Cretae

234 1564 265 1589 et
284 1558 395 1599 Trojae.
434 1557 528 1588 Nunc
552 1557 687 1598 Trojana
703 1557 760 1587 Ida
779 1556 893 1588 intelli-

233 1607 327 1648 gitur,
344 1606 479 1637 fontibus
500 1606 675 1642 abundans,
692 1606 775 1637 unde
794 1607 893 1637 πολυ-

235 1656 335 1692 wion&
355 1656 482 1686 Homer.
502 1655 542 1686 Il.
563 1656 608 1702 Ξ.
630 1656 705 1687 283.
725 1661 757 1686 et
777 1668 895 1697 aquosa,

235 1707 344 1737 Horat.
366 1706 430 1735 III.
454 1705 518 1736 Od.
541 1716 595 1735 xx.
624 1706 672 1736 15.
717 1705 780 1736 Sed
802 1717 894 1742 nunc,

235 1766 329 1797 quum
346 1754 508 1785 Phaethon
525 1760 621 1785 terras
636 1754 825 1791 incenderet,
839 1758 894 1786 sic-

236 1818 281 1841 ca,
296 1804 367 1835 vide
382 1803 423 1834 ad
437 1803 458 1833 i.
473 1804 548 1834 321.

276 1854 351 1884 219.
376 1852 531 1892 Helicon]
554 1852 648 1883 Mons
660 1852 804 1888 Boeotiae,
821 1852 895 1882 Mu-

234 1903 275 1934 sis
300 1912 397 1937 sacer,
421 1901 504 1931 unde
526 1894 700 1943 virgineus.-
724 1901 834 1932 Strabo
848 1901 893 1931 ix.

234 1964 264 1994 p.
282 1953 366 1990 4093
392 1951 528 1981 Pausan.
551 1951 657 1981 Boeot.
680 1952 733 1981 28.
771 1950 894 1986 Haemos,

235 2001 326 2032 hodie
352 2001 484 2036 Balkan,
510 1999 708 2041 longissimus
732 2006 763 2030 et
783 1999 894 2030 altissi-

235 2062 303 2082 mus
339 2048 491 2080 montium
524 2053 653 2085 tractus,
681 2048 847 2079 Thraciam
877 2059 896 2079 a

235 2105 320 2143 parte
344 2097 579 2140 septentrionali
604 2097 764 2134 claudens,
787 2102 819 2128 et
843 2109 893 2128 us-

236 2160 295 2190 que
312 2148 351 2180 ad
367 2148 502 2178 Pontum
518 2147 675 2178 Euxinum
690 2157 873 2189 procurrens
886 2160 891 2177 ε

235 2199 317 2229 Plin.
337 2198 378 2228 H.
395 2198 437 2228 N.
453 2197 497 2227 iv.
522 2198 571 2227 11.
616 2197 648 2227 Is
671 2202 737 2227 tum
757 2197 894 2227 nondum

234 2249 272 2279 ab
299 2247 422 2289 OEugro,
449 2256 521 2287 rege
546 2245 700 2282 Thraciae,
725 2252 811 2288 patre
836 2246 894 2277 Or-

235 2297 321 2338 phei,
336 2297 425 2338 cujus
447 2295 591 2327 cantibus
609 2295 781 2327 resonuisse
800 2295 895 2326 tradi-

234 2353 294 2383 tur,
325 2355 438 2376 nomen
470 2345 576 2386 OEagrz'
602 2345 761 2376 habebat:
790 2344 890 2386 Orph.

238 2396 356 2437 Argon.
373 2395 432 2433 763
456 2394 567 2426 Horat.
585 2395 612 2425 I.
635 2394 698 2425 Od.
717 2393 770 2424 xii.
787 2395 807 2424 6
826 2405 894 2435 sqq.

235 2444 285 2475 Ita
307 2442 348 2474 vi.
371 2445 454 2475 415:
482 2445 619 2484 Calydon
646 2445 777 2475 nondum
800 2445 895 2475 invisa

238 2494 368 2531 Dia71ae5
391 2504 455 2523 ver.
483 2493 556 2523 418.
586 2505 678 2534 neque
707 2494 805 2524 adhuc
826 2494 894 2523 Pit-

237 2544 315 2573 theia
334 2542 466 2573 Troesen.

278 2593 353 2623 220.
376 2591 545 2623 Geminazis
560 2592 706 2633 ignibus]
732 2593 777 2622 Ex
797 2592 895 2622 AEtnae

235 2641 348 2672 vertice
371 2641 436 2682 jam
462 2640 684 2682 antiquissimis
705 2641 893 2683 temporibus

234 2689 321 2730 ignes
371 2691 586 2732 erumpebant.
644 2690 719 2721 Vid.
749 2690 892 2721 Kircheri

235 2738 390 2769 Mundum
429 2739 557 2769 subterr.
602 2745 674 2770 tom.
706 2739 727 2769 i.
758 2750 789 2780 p.
818 2740 892 2770 202.

963 1115 1057 1145 Nunc
1083 1114 1256 1145 accedebat
1279 1112 1458 1144 incendium
1483 1112 1566 1147 solis,
1588 1117 1619 1142 et

963 1164 1006 1194 sic
1021 1166 1191 1205 geminatis,
1207 1169 1268 1194 etc.

1005 1214 1078 1243 221.
1104 1212 1284 1252 Parnasus]
1312 1212 1362 1242 De
1382 1211 1529 1246 Parnaso,
1555 1209 1618 1240 vid.

963 1263 1003 1294 ad
1019 1263 1041 1293 i.
1059 1263 1131 1293 317.
1181 1263 1276 1302 Eryi,
1289 1260 1381 1291 hodie
1404 1260 1465 1291 San
1481 1261 1619 1295 Juliano,

961 1324 1050 1343 mons
1071 1312 1195 1348 Sicilire,
1212 1312 1242 1342 in
1263 1322 1324 1352 quo
1342 1311 1448 1341 Venus
1469 1309 1619 1351 templum

961 1362 1098 1393 habebat
1119 1362 1207 1392 donis
1228 1360 1422 1402 opulentum,
1445 1359 1527 1390 unde
1553 1359 1620 1400 ipsa

964 1412 1117 1452 Erycina:
1141 1410 1205 1441 vid.
1226 1409 1382 1444 AElianus,
1403 1409 1443 1439 V.
1463 1409 1505 1440 H.
1525 1408 1546 1439 i.
1570 1409 1618 1439 15.

961 1466 992 1492 et
1007 1461 1149 1502 Heynius
1164 1461 1241 1491 Exc.
1256 1459 1302 1489 ΙΙ.
1316 1459 1356 1489 ad
1368 1457 1480 1499 Virgil.
1491 1457 1620 1488 AEneid.

962 1511 1003 1541 V.
1039 1511 1186 1552 Cynthus,
1200 1509 1274 1540 Deli
1284 1519 1383 1545 mons,
1395 1507 1552 1550 Apollinis
1566 1517 1620 1538 na-

962 1560 1076 1590 talibus
1091 1560 1277 1594 celebratus,
1295 1557 1347 1599 qui
1362 1557 1436 1587 inde
1450 1557 1619 1598 Cynthius.-

963 1609 1056 1640 Hom.
1087 1609 1182 1650 Hym.
1209 1609 1236 1639 Ι.
1264 1607 1371 1649 Apoll.
1396 1607 1449 1637 26.
1496 1607 1618 1646 Othrys,

963 1668 1050 1688 mons
1065 1658 1147 1688 altus
1161 1662 1193 1688 et
1203 1657 1327 1688 nivosus
1338 1655 1518 1691 Thessaliae,
1530 1654 1620 1685 sedes

965 1706 1164 1748 Lapitharum
1179 1719 1184 1736 :
1203 1706 1316 1747 Virgil-
1332 1704 1458 1735 AEneid.
1474 1704 1524 1735 vii.
1535 1705 1597 1735 675
1611 1716 1621 1743 ᾗ

964 1757 1074 1786 Senec.
1091 1756 1186 1787 Herc.
1203 1756 1268 1786 (Et.
1281 1765 1344 1785 ver.
1360 1754 1433 1784 494.

1007 1806 1080 1836 222.
1112 1804 1276 1844 Rhodopa]
1308 1803 1439 1834 Tractus
1468 1802 1620 1833 montium

963 1855 1128 1886 Thraciam
1139 1865 1245 1885 versus
1260 1853 1495 1895 septemtriones
1509 1852 1619 1883 dister-

964 1905 1095 1940 minans,
1106 1903 1202 1934 sacris
1217 1903 1336 1934 Bacchi
1352 1908 1383 1933 et
1398 1901 1515 1944 Orphei
1533 1907 1620 1932 cant-

961 1954 1031 1984 ibus
1059 1953 1242 1984 celebratus.
1298 1952 1385 1993 Virg.
1411 1951 1479 1982 Ecl.
1504 1950 1544 1982 vi.
1569 1952 1620 1982 30.

964 2005 1082 2033 tandem
1106 2003 1223 2032 nivibus
1244 2003 1393 2037 caritura,
1408 1999 1521 2041 quibus
1536 2011 1618 2031 sem-

961 2063 1015 2093 per
1037 2057 1131 2082 tecta.
1170 2051 1291 2086 Mimas,
1308 2060 1396 2080 mons
1412 2049 1521 2085 Ioniae,
1537 2059 1620 2080 sum-

962 2111 1020 2131 mae
1036 2099 1221 2135 altitudinis,
1238 2099 1319 2130 unde
1338 2098 1539 2140 ὑψίκρημνυς
1556 2098 1620 2129 Ho-

961 2160 1038 2180 mer.
1054 2149 1212 2191 Epigrani.
1227 2159 1299 2191 pag.
1318 2150 1387 2179 117.
1404 2150 1478 2180 Ern-

1005 2200 1079 2229 223.
1111 2199 1277 2238 Dindyma.
1306 2197 1418 2239 plural.
1441 2204 1473 2228 et
1498 2197 1619 2238 Dindy-

963 2259 1054 2284 mnm,
1078 2257 1167 2277 mons
1194 2247 1350 2288 Phrygiae,
1377 2257 1499 2287 magnae
1523 2245 1620 2277 Matri

963 2296 1067 2328 Deam
1093 2306 1190 2332 sacer,
1212 2295 1294 2327 unde
1318 2296 1386 2338 ipsa
1409 2296 1620 2336 Dindymene.-

964 2346 1078 2387 virgil.
1102 2347 1177 2376 [En.
1198 2345 1240 2376 ix.
1263 2345 1337 2376 617.
1384 2345 1515 2385 Mycale,
1533 2355 1621 2376 mons

962 2395 1070 2431 Ioniae,
1091 2396 1184 2426 Samo
1197 2394 1338 2425 vicinus:
1364 2395 1504 2425 Pausan.
1522 2394 1574 2425 vii.
1589 2406 1620 2437 p.

963 2445 1045 2483 4023
1067 2445 1188 2481 Strabo,
1201 2455 1231 2486 p.
1246 2444 1318 2475 636.
1358 2444 1518 2480 ciclum-021,
1533 2454 1621 2474 mons

963 2494 1106 2530 Boeotiae,
1123 2504 1184 2525 non
1205 2494 1313 2536 procul
1335 2504 1353 2525 a
1370 2493 1497 2529 Thebis,
1513 2493 1545 2524 in
1558 2504 1621 2535 quo

962 2554 1047 2574 sacra
1077 2543 1197 2574 Bacchi
1232 2543 1388 2574 trieterica
1417 2542 1618 2573 celebraban-

963 2597 1032 2622 tur:
1049 2591 1112 2622 vid.
1128 2591 1172 2622 iii.
1188 2592 1262 2623 702.

1004 2642 1078 2671 224.
1104 2641 1262 2682 Frigora]
1304 2640 1432 2672 Glacies
1462 2646 1494 2671 et
1522 2640 1620 2677 nives,

961 2690 1073 2731 quibus
1089 2691 1226 2731 Scythia,
1243 2690 1264 2723 i.
1276 2701 1304 2722 e.
1326 2690 1426 2721 omnis
1447 2696 1526 2721 terra
1550 2701 1621 2732 sep-

958 2739 1162 2776 tentrionalis,
1193 2740 1312 2772 Graecis
1339 2746 1370 2771 et
1396 2739 1546 2771 Romanis
1572 2739 1619 2769 in-
