1763 3181
194 193 280 235 240

581 191 634 232 Ρ.
666 189 878 231 OVIDII
914 187 1191 231 NASONIS

200 307 246 355 N
252 323 309 355 ec
335 322 424 370 pro
448 306 654 353 materia
675 304 829 353 fertur
854 303 1100 351 doluisse:
1140 303 1316 365 suique

197 384 227 431 J
232 383 391 431 udicis
416 391 601 429 aeterna
624 381 877 428 damnavit
899 379 1086 426 lumina
1108 386 1270 426 nocte.

1486 378 1581 423 335

198 461 267 507 At
291 467 432 523 pater
465 458 796 522 omnipotens,
825 472 988 519 neque
1015 456 1146 504 enim
1180 455 1298 502 licet
1321 454 1456 500 irrita
1480 452 1583 500 cui-

200 538 354 585 Facta
378 537 471 584 Dei
491 536 669 583 fecisse
692 535 817 590 Deo,
841 550 929 598 pro
949 533 1134 581 lumine
1156 533 1390 595 adempto
1410 531 1584 593 [quam

201 615 339 662 Scire
364 613 529 660 futura
553 612 706 668 dedit,
734 626 1031 675 poenamque
1055 610 1236 657 levavit
1260 609 1460 655 honore.

264 692 326 738 V.
368 691 456 738 Ille
483 706 570 754 per
597 689 796 745 Aonias,
824 687 957 734 fama
979 686 1347 741 celeberrimus,
1374 685 1522 731 urbes

198 768 550 832 Irreprehensa
575 767 729 813 dabat
752 765 936 829 populo
961 779 1199 828 responsa
1222 761 1427 827 petenti.
1489 763 1586 807 340

200 846 370 893 Prima
392 845 489 892 fide
514 844 750 907 vocisque
775 850 894 890 ratae
920 841 1196 889 tentamina
1220 838 1434 902 sumpsit

201 922 400 970 Caerula
425 922 649 986 Liriope:
690 936 841 984 quam
867 919 1119 983 quondam
1143 916 1347 964 flumine
1372 929 1521 962 curvo

200 999 469 1063 Implicuit,
497 999 781 1062 clausaeque
805 997 908 1045 suis
935 997 1185 1060 Cephisos
1210 995 1260 1042 in
1286 993 1432 1040 undis

199 1076 314 1123 Vim
338 1077 480 1125 tulit:
522 1077 669 1124 enixa
694 1083 771 1124 est
793 1083 934 1123 utero
959 1072 1294 1139 pulcherrima
1316 1071 1465 1135 pleno
1490 1071 1587 1116 344

202 1153 464 1210 Infantem,
493 1152 744 1218 Nymphis
763 1154 868 1216 jam
894 1167 1025 1199 nune
1051 1150 1136 1214 qui
1161 1154 1332 1214 posset
1355 1145 1508 1194 amari
1532 1164 1543 1202 ;

200 1275 336 1307 materiae
348 1275 475 1307 levitas:
493 1287 523 1306 x.
534 1277 607 1307 133.
632 1276 682 1306 Ita
696 1287 749 1316 pro
762 1286 863 1306 rerum

202 1328 366 1366 majestate,
384 1325 474 1357 Lucr.
490 1336 518 1355 v.
534 1327 566 1356 2.

243 1377 318 1406 335.
342 1375 470 1406 AEterna
489 1376 644 1405 damnavit
659 1380 743 1405 nocte
762 1372 863 1414 gravi-

200 1429 246 1455 ter
274 1424 516 1455 excaecationem
545 1424 700 1465 exprimit.
761 1423 864 1463 Neque

203 1477 281 1505 enim
297 1475 376 1509 licet,
391 1479 453 1504 etc.
474 1473 537 1503 Vid
554 1472 604 1504 ad.
621 1473 654 1503 ii.
674 1473 746 1504 677.
780 1473 864 1502 Scire

201 1524 283 1553 dedit
300 1522 424 1558 Graece,
442 1521 529 1552 dedit
546 1521 719 1553 scientiam.
766 1521 860 1551 Leva-

200 1574 254 1607 τῖε,
268 1570 506 1601 tolerabiliorem
518 1570 664 1601 reddidit.
688 1570 784 1612 Apud
796 1571 861 1600 Ho-

201 1630 332 1654 merum,
356 1619 418 1650 Od.
440 1622 478 1650 Θ.
502 1619 554 1649 64.
577 1618 750 1649 Demodoci
771 1618 862 1649 caeci-

200 1675 295 1700 tatem
308 1669 401 1698 Musa
412 1668 570 1699 levaverat
581 1674 646 1699 arte
658 1667 776 1698 musica
788 1678 862 1698 can-

201 1724 298 1759 tuque
313 1717 410 1748 dulci.
448 1717 579 1753 Honore,
591 1723 656 1748 arte
672 1716 852 1747 honorifica.

244 1768 425 1798 339—510.
460 1767 519 1797 Ille
545 1778 599 1806 per·
628 1767 750 1801 Aonias,
778 1765 860 1806 etc.]

202 1817 288 1847 Dum
312 1816 490 1857 exemplum
514 1815 603 1856 ponit
628 1815 702 1845 artis
725 1813 865 1850 Tiresiae,

201 1864 362 1896 commode
394 1874 474 1894 nova
500 1863 651 1894 intexitur
679 1863 797 1898 fabula,
827 1873 865 1893 ex

203 1924 266 1955 qua
290 1924 393 1944 rursus
418 1912 480 1943 alia
504 1919 571 1944 orta
593 1918 649 1943 est.
696 1912 866 1948 Narcissus,

198 1963 323 2005 juvenis
347 1961 585 2003 pulcherrimus,
604 1972 702 2003 quum
724 1968 755 1992 et
774 1962 865 2003 juve—

201 2022 256 2042 nes
291 2018 324 2042 et
359 2011 482 2052 puellas
517 2011 650 2053 superbe
692 2017 863 2052 sperneret,

203 2059 400 2090 Rhamnusia
416 2059 530 2094 effecit,
546 2066 580 2090 ut
595 2070 658 2090 suae
674 2059 772 2101 ipsius
787 2058 865 2089 ima-

203 2109 293 2149 gini5‚
307 2119 400 2150 quam
411 2108 534 2139 infonte
547 2108 681 2149 quodam
695 2108 865 2150 conspexit,

202 2157 310 2189 insano
326 2167 428 2188 amore
443 2157 656 2199 corriperetur,
670 2163 763 2198 atque
779 2158 866 2188 tabe-

203 2206 319 2238 scendo
343 2212 514 2237 mutaretur
532 2206 565 2236 in
581 2206 685 2236 florem
703 2205 749 2236 sui
767 2205 866 2236 nomi-

203 2256 262 2287 nis.
304 2255 505 2297 Thespiensis
524 2261 589 2286 erat
609 2255 675 2285 haec
692 2254 756 2285 fab.
772 2265 865 2296 quam

203 2304 323 2346 duplici
352 2304 443 2335 modo
469 2304 606 2335 Pausan.
633 2304 692 2334 IX.
719 2303 802 2334 xxxi.
832 2314 865 2345 p.

204 2354 279 2384 772.
305 2360 421 2389 narrat,
446 2364 577 2395 quorum
605 2354 749 2389 alterum,
773 2363 866 2394 quem

204 2403 318 2433 Noster
341 2407 491 2443 sequutus
509 2409 567 2439 est,
583 2402 747 2443 vulgatum
764 2408 866 2432 vocat.

205 2452 252 2482 Ex
269 2452 364 2482 altero
387 2451 552 2482 Narcissus
574 2462 707 2483 sororem
731 2451 868 2482 habebat

202 2500 261 2531 sibi
277 2501 479 2537 simillimam,
495 2501 584 2543 cujus
607 2501 726 2532 amissae
743 2500 866 2532 deside-

204 2549 282 2580 rium
304 2550 547 2591 contemplanda
570 2550 706 2591 imagine
730 2549 762 2580 in
784 2549 867 2580 fonte

203 2599 300 2629 lenire
329 2599 464 2630 volebat.
520 2599 743 2641 Thespiensem
774 2598 867 2630 fuisse

204 2647 387 2679 Narcissum
417 2648 511 2679 etiam
539 2660 577 2679 ex
613 2649 744 2679 Lucian.
789 2649 866 2679 Ver.

206 2697 287 2728 Hist.
304 2698 358 2728 lib.
375 2698 419 2729 ΙΙ.
436 2705 509 2728 tom.
524 2698 566 2729 iv.
582 2709 612 2740 p.
629 2699 706 2729 276.
723 2706 865 2740 apparet.

204 2746 320 2777 Paucis
350 2747 410 2778 sab.
440 2746 564 2787 attingit
599 2747 714 2788 llygin.
744 2748 764 2777 f.
792 2747 866 2777 271.

932 1275 1032 1305 Echus
1052 1272 1170 1308 fabula,
1187 1272 1213 1302 si
1232 1272 1365 1306 abesset,
1386 1279 1448 1300 non
1469 1267 1591 1299 deside-

930 1331 1068 1360 raretur3
1105 1330 1238 1362 eamque
1268 1324 1400 1361 apparet
1429 1328 1449 1348 a
1478 1317 1594 1348 Nostro

928 1372 1077 1403 insertam
1107 1381 1184 1406 esse,
1216 1376 1310 1411 atque
1339 1367 1499 1399 commode
1533 1367 1592 1398 sub

929 1422 1022 1453 finem
1039 1420 1226 1452 adhibitam.
1249 1420 1368 1450 Extant
1384 1416 1517 1448 Ausonii
1531 1416 1593 1448 duo

930 1471 1168 1513 epigrammata,
1190 1470 1224 1499 ll
1240 1474 1271 1499 et
1285 1468 1340 1498 99.
1357 1467 1390 1498 in
1404 1466 1504 1501 Echo,
1521 1465 1593 1497 toti-

930 1521 1076 1562 demque,
1106 1520 1146 1551 97
1183 1524 1214 1549 et
1243 1519 1297 1548 98.
1329 1517 1361 1548 in
1396 1515 1592 1547 Narcissum.

930 1571 1054 1604 Aonius,
1084 1568 1244 1599 Boeotias:
1283 1566 1354 1597 vide
1385 1565 1423 1596 ad
1452 1575 1515 1596 ver.
1544 1566 1594 1596 13.

931 1618 1155 1657 Irreprehensa,
1187 1621 1286 1651 certa,
1317 1615 1431 1656 quibus
1464 1620 1596 1645 eventus

930 1673 1097 1699 constaret.
1143 1666 1330 1706 Respondere
1345 1663 1466 1706 proprie
1480 1663 1593 1694 dicun-

930 1722 980 1747 tur
1002 1722 1108 1746 vates:
1131 1714 1203 1745 vide
1224 1714 1373 1744 Munker.
1395 1713 1434 1743 ad
1459 1713 1593 1744 Lactan-

931 1765 1022 1801 tium,
1039 1765 1171 1805 Argum.

976 1816 1050 1846 341.
1074 1814 1149 1844 Fide
1166 1813 1295 1854 antique
1311 1812 1459 1854 profidei.
1505 1811 1595 1842 Fides

934 1869 1038 1895 autem
1052 1873 1136 1893 nunc
1151 1861 1350 1904 capiendum,
1360 1868 1393 1891 ut
1409 1860 1514 1900 infide
1527 1862 1596 1901 dig-

934 1924 1000 1943 uus.
1049 1912 1131 1942 Vocis
1150 1918 1233 1946 ratze,
1251 1909 1388 1941 vaticinii
1409 1909 1497 1940 certi.
1542 1909 1597 1939 Li-

934 1964 1028 2001 riopes
1051 1971 1150 2001 genus
1179 1959 1356 1996 incertum;
1389 1957 1461 1989 vide
1489 1958 1598 1989 Eurm.

936 2011 1056 2041 Caerula
1072 2009 1202 2044 indicat,
1219 2019 1288 2039 eam
1303 2008 1396 2038 fuisse
1416 2007 1597 2049 Nympham

934 2059 1091 2090 fontanam
1100 2064 1154 2089 aut
1163 2057 1332 2088 fiuvialem.
1351 2057 1394 2087 Cu
1400 2067 1483 2087 rcum
1491 2056 1529 2087 de
1538 2057 1597 2087 fiu-

933 2108 1069 2138 minibus
1093 2106 1329 2138 includentibus
1353 2105 1483 2147 aliquid.
1509 2105 1598 2147 Virg.

935 2157 1049 2198 Georg.
1061 2156 1102 2187 iv.
1114 2156 1174 2186 361
1192 2168 1198 2185 :
1217 2156 1305 2185 illum
1319 2155 1453 2185 Curram
1470 2157 1501 2185 in
1515 2165 1597 2185 mou-

935 2207 972 2236 tis
993 2208 1115 2246 speciem
1136 2206 1331 2235 circumstetit
1354 2206 1449 2234 unda.
1494 2203 1597 2235 Etiam

934 2254 1018 2296 apud
1040 2253 1202 2295 Hyginum
1220 2253 1379 2284 Narcissus
1396 2253 1513 2292 Cephisi
1525 2254 1597 2295 flu-

934 2306 1021 2334 minis
1036 2305 1137 2344 filius.
1181 2302 1244 2333 Sed
1267 2302 1413 2344 quoniam
1437 2302 1468 2333 in
1484 2302 1599 2334 vicinia

935 2352 1096 2384 Heliconis
1121 2358 1222 2388 natus,
1242 2358 1405 2394 propterea
1426 2350 1598 2382 secundum

935 2402 1103 2433 Claudian.
1120 2412 1213 2432 xxxv.
1231 2402 1303 2432 134.
1320 2402 1448 2432 Helicon
1462 2411 1533 2431 eum
1545 2411 1597 2442 ge-

935 2453 1033 2482 nuisse
1047 2451 1172 2481 dicitur.
1195 2451 1297 2485 Idem,
1314 2461 1377 2481 ver.
1393 2451 1467 2480 332.
1484 2449 1523 2480 de
1540 2449 1598 2480 hoc

934 2507 964 2531 et
980 2500 1020 2531 de
1034 2499 1224 2541 Hyacintho,
1241 2511 1322 2530 nune
1335 2500 1449 2540 inclyta
1461 2509 1507 2540 ges
1518 2501 1599 2529 mina

936 2552 1022 2585 ieris,
1041 2550 1221 2579 Proestantes
1242 2551 1309 2583 olim
1331 2560 1447 2588 pueros.
1491 2549 1599 2578 Solent

935 2607 1039 2629 autem
1064 2598 1094 2628 hi
1122 2598 1184 2628 duo
1205 2604 1236 2628 et
1259 2598 1360 2640 Hylas
1383 2603 1506 2640 propter
1527 2597 1598 2636 pul-

935 2649 1135 2678 chritudinem
1153 2647 1313 2688 conjungi.
1355 2646 1451 2682 Tulit,
1468 2646 1583 2676 intulit.

979 2697 1053 2728 345.
1093 2696 1264 2736 Nymphis-‚J
1320 2695 1455 2727 Codices
1491 2694 1597 2730 nostri,

938 2745 1085 2786 Nymphe.
1131 2745 1200 2776 Vox
1219 2746 1332 2776 Graeca
1356 2745 1488 2786 Νύμφη,
1505 2751 1538 2774 ut
1559 2744 1598 2774 sit
