1729 3207
148 302 1096 357 METAMORPHOSEON
1152 305 1486 362 SERIES

785 434 842 464 EX

283 533 340 574 G.
364 532 651 574 CANTERI
681 533 874 576 NOVIS
908 534 1335 579 LECTIONIBUS

476 668 636 706 NUNC
665 668 854 707 PAULO
882 669 1150 708 AUCTIOR.

120 900 256 960 LIB.
280 917 313 959 I.
346 917 563 972 Principio
589 916 729 958 Chaos
751 917 794 957 in
818 918 1017 960 elementa
1040 928 1223 974 quatuor
1246 937 1271 962 a
1295 922 1393 964 Deo
1419 923 1502 964 dis-

118 997 345 1052 tinguitur3
367 997 522 1052 quibus
536 1012 666 1051 quum
687 997 751 1037 sui
767 997 971 1038 darentur
986 998 1146 1048 iwolae,
1164 1001 1289 1041 etiam
1310 1002 1427 1042 homo
1448 1017 1503 1043 ex

118 1081 233 1117 terra
260 1084 303 1117 et
329 1091 442 1131 aqua
466 1083 633 1117 creatus
664 1083 739 1117 est.
794 1076 964 1117 Secutae
987 1084 1084 1118 sunt
1112 1083 1259 1119 (etates
1285 1079 1502 1121 hominum

116 1160 313 1209 quatuor,
344 1154 387 1194 in
419 1169 597 1208 quarum
631 1161 860 1208 postrema,
892 1143 1027 1210 eaque
1060 1157 1338 1207 vitiosissima,
1371 1174 1502 1214 quum

122 1232 346 1288 Gigantes,
366 1247 419 1273 ne
443 1233 566 1273 terris
595 1233 782 1274 securior
809 1241 921 1275 esset
947 1234 1096 1285 aether,
1119 1236 1291 1278 coeleste
1322 1253 1500 1293 regnum

117 1318 326 1367 peterent,
348 1326 404 1352 ex
423 1326 584 1361 eorum,
608 1327 633 1352 a
653 1311 681 1352 J
685 1326 761 1353 ove
784 1313 1149 1368 interemptorum,
1170 1316 1376 1371 sanguine
1395 1332 1502 1357 nova

117 1391 319 1431 hominum
330 1405 534 1446 propago
556 1398 648 1431 orta
664 1398 740 1432 est.
790 1392 878 1439 Qui
894 1408 1024 1448 quum
1043 1401 1086 1435 et
1105 1395 1187 1449 ipsi
1208 1402 1349 1436 essent
1369 1396 1500 1450 impii,

117 1469 289 1524 Jupiter
314 1483 399 1509 non
430 1469 557 1510 modo
581 1469 821 1524 Lycaonem
853 1471 896 1510 in
927 1471 1065 1526 lupum
1100 1479 1249 1521 mutat,
1275 1473 1350 1514 sed
1377 1488 1500 1515 omne

115 1562 248 1603 genus
275 1547 493 1588 hominum
519 1546 844 1602 animaliumque
872 1549 1135 1590 terrestrium
1162 1551 1316 1591 dilucio
1343 1552 1500 1606 perdit,

115 1627 228 1669 unde
260 1627 338 1668 soli
367 1626 666 1682 relinquuntur
693 1628 945 1682 superstites
972 1628 1211 1669 Deucalion
1239 1636 1282 1670 et
1309 1629 1499 1684 Pyrrha,

115 1707 189 1762 qui
214 1713 312 1761 post
338 1706 551 1747 redditam
575 1714 745 1755 terram,
764 1707 891 1760 jactis
915 1714 1012 1761 post
1038 1713 1159 1762 terga
1180 1708 1405 1763 lapidibus,
1427 1710 1501 1751 liu-

112 1800 274 1825 mamcm
293 1784 549 1839 repararunt
564 1799 711 1840 genus.
756 1783 943 1839 Reliqua
962 1786 1163 1826 animalia
1180 1794 1331 1841 sponte
1349 1803 1424 1828 Sua
1444 1803 1499 1829 ex

113 1864 280 1905 humore
304 1871 346 1905 et
374 1864 515 1904 calore
544 1864 819 1918 prodierunt:
852 1865 894 1905 in
921 1865 1076 1919 quibus
1102 1866 1227 1906 etiam
1248 1865 1391 1920 Pytho
1416 1882 1502 1908 ser-

113 1958 233 1998 pens.
286 1943 431 1990 Quem
450 1958 581 1998 quum
601 1943 785 1984 Phoebus
805 1944 1099 1993 interemisset,
1117 1943 1300 1998 Pythios
1320 1944 1439 1985 ludos
1458 1945 1501 1985 in

111 2024 172 2064 rei
190 2024 431 2064 memoriam
450 2022 647 2071 instituit,
669 2023 823 2076 quibus
843 2023 1026 2063 victores
1047 2022 1228 2063 aeseulea
1249 2037 1406 2064 corona
1425 2024 1501 2065 do-

113 2103 345 2152 nabantur3
367 2102 556 2143 nondum
573 2103 683 2143 enim
699 2108 791 2143 erat
807 2103 965 2151 laurus,
982 2102 1025 2142 in
1041 2117 1167 2157 quam
1182 2117 1282 2143 mox
1297 2102 1499 2157 Daphne,

112 2182 269 2224 Phoebi
296 2196 481 2224 amorem
507 2182 689 2237 fugiens,
711 2190 776 2224 est
803 2197 1019 2224 conversa.
1073 2182 1205 2230 Quod
1232 2197 1364 2236 quum
1391 2183 1499 2223 acci-

113 2261 257 2311 disset,
285 2268 375 2303 tum
406 2262 460 2302 ad
487 2269 653 2316 patrem
685 2263 776 2317 ejus
806 2262 998 2303 Peneum
1028 2261 1198 2315 reliquis
1231 2260 1383 2310 fluviis,
1412 2262 1498 2302 sive

114 2339 371 2395 gratulandi,
394 2340 479 2381 sive
504 2339 750 2382 consolandi
776 2341 927 2395 gratia,
950 2339 1232 2395 congregatiS,
1256 2338 1368 2380 solus
1389 2339 1499 2380 desi-

113 2418 286 2459 deratus
314 2425 378 2458 est
398 2418 595 2468 Inachus,
619 2417 821 2460 sollicitus
843 2419 897 2460 de
918 2418 1022 2459 Ione
1050 2417 1150 2467 filia,
1173 2433 1299 2472 quam
1326 2417 1498 2471 Jupiter

111 2503 208 2550 post
229 2504 423 2551 stuprum
442 2497 486 2537 in
493 2497 719 2551 juvencam
739 2503 988 2537 mutaverat.
1042 2495 1110 2536 Ea
1131 2511 1261 2549 quum
1282 2511 1306 2536 a
1326 2495 1497 2535 Junone

109 2572 231 2630 Argo
261 2574 539 2615 custodienda
566 2581 679 2615 esset
705 2574 876 2623 tradita,
901 2573 1016 2614 hunc
1044 2573 1299 2622 Mercurius,
1326 2580 1496 2613 narrata

109 2651 227 2705 prius
243 2651 461 2706 Nymphae
482 2652 683 2708 Syringis
701 2653 745 2692 in
765 2652 1007 2693 arundinem
1022 2652 1406 2700 transformatione,
1429 2666 1498 2692 oc-

110 2729 225 2779 cidit,
253 2731 430 2786 ejusque
466 2731 620 2772 deinde
652 2731 761 2772 oculi
789 2746 814 2771 a
847 2730 1019 2772 Junone
1051 2731 1093 2770 in
1115 2745 1324 2785 pavonem
1354 2728 1495 2771 collati
