1763 3181
261 171 346 213 418

654 170 705 211 Ρ.
739 169 950 211 OVIDII
984 170 1263 213 NASONIS

267 287 384 350 Ipsa
400 287 551 349 jacet,
574 291 817 348 terraeque
841 292 1057 333 tremens
1083 287 1424 334 immurmurat
1448 294 1566 335 atrae
1588 305 1598 335 ε

266 363 439 425 thue
464 361 608 409 salire
634 361 761 408 solet
785 362 1023 409 mutilatae
1047 363 1207 410 cauda
1230 365 1460 419 colubrae,

265 439 502 503 Palpitat,
530 445 581 486 et
604 438 818 486 moriens
843 438 1055 485 dominae
1080 439 1291 502 vestigia
1315 441 1505 503 quaerit.
1552 443 1648 487 560

265 515 374 564 Hoc
390 531 593 579 quoque
618 522 732 578 post
756 514 961 570 facinUS‚
979 515 1060 562 vix
1082 517 1239 563 ausim
1261 518 1479 573 credere,
1496 516 1649 565 fertur

266 593 414 657 Saepe
439 610 530 640 sua
553 594 769 640 lacerum
794 593 1034 656 repetisse
1055 593 1260 641 libidine
1286 610 1480 658 corpus,

267 671 492 718 Sustinet
516 671 578 717 ad
605 670 833 718 Procnen
860 677 974 733 post
998 671 1117 718 talia
1140 670 1272 719 facta
1295 671 1500 728 reverti3

267 748 495 810 Conjuge
521 763 632 810 quae
657 746 761 794 viso
787 763 1072 809 germanam
1098 748 1303 810 quaerit:
1345 755 1395 795 at
1419 748 1502 795 ille

266 825 369 872 Dat
392 824 605 887 gemitus
630 824 788 880 fictos,
816 832 1196 888 commentaque
1221 825 1393 873 funera
1416 831 1596 873 narrat.

265 902 332 949 Et
356 902 570 949 lacrimae
594 901 757 949 fecere
782 902 931 949 fidem
953 920 963 950 ε
1002 903 1247 950 velamina
1271 903 1463 950 Procne

1551 903 1646 949 566

265 979 463 1043 Deripit
487 996 549 1027 ex
575 979 809 1036 humeriS‚
838 995 954 1027 auro
979 979 1218 1041 fulgentia
1241 980 1341 1027 lato
1363 998 1373 1037 ;

263 1057 594 1119 Induiturque
619 1064 750 1104 atras
774 1064 966 1115 vestes;
1007 1064 1057 1105 et
1082 1058 1228 1105 inane
1255 1057 1537 1121 sepulcrum

265 1134 559 1191 Constituit,
585 1134 825 1198 falsisque
849 1135 1047 1199 piacula
1070 1135 1298 1182 manibus
1323 1134 1500 1191 infert3

264 1210 332 1260 Et
355 1213 493 1274 luget
516 1228 615 1258 non
640 1212 710 1259 sic
735 1212 964 1274 lugendae
985 1212 1086 1259 fata
1110 1212 1305 1259 sororis.

1553 1213 1650 1258 570

267 1289 421 1351 Signa
447 1289 585 1336 Deus
610 1290 686 1336 bis
712 1306 801 1336 sex
827 1297 937 1337 acto
961 1291 1256 1336 lustraverat
1280 1305 1422 1336 anno.

265 1365 399 1421 Quid
423 1366 573 1414 faciat
599 1366 910 1415 Philomela?
947 1368 1115 1431 fugam
1139 1367 1369 1414 custodia
1391 1365 1610 1413 claudit:

264 1545 389 1586 vestigia
423 1545 529 1584 quaerit
543 1555 552 1580 ‚-
590 1542 668 1574 illud
699 1549 858 1585 sumptum
887 1555 924 1575 ex

264 1594 342 1624 AEn.
357 1604 388 1624 Χ.
404 1594 466 1624 395
481 1604 487 1622 :
517 1592 556 1623 Te
570 1594 666 1623 decisa
687 1603 784 1629 suum,
801 1593 925 1630 Laride,

263 1645 383 1673 sienem
407 1644 523 1682 quoerit,
546 1642 793 1682 Semianimesque
812 1645 924 1674 micant

262 1692 555 1734 digiti‚ferrumque
570 1697 751 1722 retractant.

308 1743 382 1773 561.
399 1742 465 1771 Hoc
479 1752 591 1782 quoque
603 1747 667 1780 post
677 1741 831 1783 jitcinus5
855 1749 925 1784 post

263 1796 436 1822 extractam
449 1790 601 1831 linguam.
649 1790 798 1821 Lucerum
809 1803 924 1831 corpus,

265 1840 445 1871 mutilatum
461 1839 579 1881 lingua.

309 1890 382 1921 565.
401 1890 571 1919 Commenta
585 1888 718 1930 funera,
734 1887 838 1920 fictam
851 1890 924 1920 Phi-

266 1939 387 1970 lomelae
403 1944 544 1969 mortem.

318 1989 391 2019 566.
417 1988 564 2018 Lacrimae
583 1988 689 2029 secere
705 1988 801 2028 fidem
815 1999 825 2025 ;
852 1989 927 2019 effe-

265 2043 374 2069 cerunt
402 2037 538 2068 lacrimae
575 2043 610 2068 ut
641 2038 760 2067 Procne
797 2043 927 2068 mortem

265 2086 447 2118 Philomelae
466 2097 567 2117 veram
584 2097 651 2117 esse
668 2086 819 2116 crederet.

309 2137 385 2167 569.
413 2136 576 2166 Constituit
600 2135 787 2166 servandum
803 2145 926 2171 censeo,

265 2185 350 2227 quod
366 2185 479 2215 molem
490 2184 685 2214 monumenti
702 2183 847 2214 aedificati
861 2194 926 2215 me-

265 2234 327 2265 lius
355 2234 521 2275 significat.
567 2233 699 2263 Veteres
722 2243 818 2273 quum
844 2232 926 2263 inse-

265 2283 347 2325 pulti
358 2282 492 2325 corporis
508 2281 642 2312 animam
655 2282 782 2323 Stygem
796 2282 925 2312 transire

266 2331 351 2362 haud
387 2341 477 2374 posse
518 2330 754 2365 arbitrarentur,
787 2330 926 2367 mortuis,

266 2391 398 2422 quorum
418 2390 545 2421 corpora
565 2389 697 2420 reperire
713 2389 775 2409 non
792 2386 927 2420 possent,

265 2432 373 2462 inania
401 2431 550 2469 sepulcra,
573 2427 754 2470 κενοτάφια,
770 2435 927 2460 exstruere

266 2480 421 2510 solebant.
468 2478 564 2514 Infra,
589 2477 644 2508 xii.
662 2479 694 2508 3.
723 2479 826 2508 inanes
849 2478 927 2519 infe—

264 2531 331 2564 riae,
351 2539 421 2570 quae
437 2527 549 2558 dantur
563 2527 706 2568 sepulcro
721 2527 818 2558 inani.
863 2528 924 2559 Pro

264 2577 385 2618 ‘inferiis
401 2587 482 2608 nunc
499 2576 580 2607 dixit
592 2577 828 2617 piacztlajulsis,
847 2576 924 2607 falso

266 2626 405 2657 creditis.
466 2626 587 2668 Inferre
610 2625 737 2655 verbum
767 2625 923 2667 proprium

265 2674 298 2705 in
314 2675 372 2706 hac
387 2686 432 2707 re.
473 2676 625 2717 Lugentiue
641 2674 780 2715 quidem,
796 2674 851 2705 sed
868 2686 924 2705 non

266 2725 319 2759 sic,
332 2723 417 2755 inani
433 2724 574 2766 sepulcro
590 2729 621 2755 et
636 2722 763 2754 inferiis.

1035 1546 1112 1576 571.
1135 1546 1230 1586 Signa
1247 1544 1340 1580 Deus,
1356 1543 1432 1584 etc.]
1446 1543 1570 1586 Apollo,
1586 1543 1650 1580 Sol,

991 1600 1023 1626 et
1039 1602 1086 1626 est
1101 1595 1174 1625 anni
1189 1593 1309 1625 rotatio.

1034 1645 1111 1675 572.
1127 1644 1253 1674 Claudit
1268 1641 1462 1683 exquisitius,
1475 1653 1580 1683 quam,
1592 1641 1650 1672 im-

990 1693 1089 1734 pedit,
1116 1691 1261 1733 quoniam
1291 1690 1359 1732 ipsa
1385 1690 1494 1721 clausa
1522 1691 1650 1722 teneba-

991 1748 1050 1774 tur.
1096 1743 1168 1772 Non
1191 1741 1266 1772 satis
1281 1746 1337 1777 est,
1354 1740 1437 1782 quod
1453 1741 1652 1771 Burmannus

992 1789 1113 1826 laudat,
1132 1790 1254 1831 auferre
1279 1795 1310 1820 et
1333 1791 1462 1820 adimere
1473 1790 1600 1831 jugam,
1618 1789 1652 1821 in

993 1839 1106 1880 quibus
1121 1840 1219 1882 fuga,
1235 1839 1376 1881 fugiendi
1393 1839 1537 1871 fucultas.
1569 1839 1652 1871 Rec-

993 1889 1054 1919 tius
1067 1889 1260 1931 comparabis
1270 1888 1323 1919 vii.
1336 1889 1410 1919 604.
1423 1890 1552 1919 animam
1568 1889 1651 1919 clau-

993 1940 1063 1969 dere
1079 1940 1193 1979 laque0,
1210 1943 1241 1969 et
1256 1937 1320 1969 viii.
1336 1939 1410 1969 548.
1424 1939 1565 1969 claudere
1583 1939 1652 1969 iter.

995 1988 1109 2029 Rigent
1125 1986 1323 2029 exquisitius,
1341 1997 1446 2028 quam,
1463 1993 1546 2018 sunt.
1572 1987 1651 2018 Ma>-

995 2039 1058 2072 nz'a,
1084 2036 1227 2078 parietes.
1267 2037 1306 2066 Os
1329 2042 1444 2066 mutum
1463 2037 1549 2077 j'acti
1569 2043 1652 2067 curet

994 2087 1112 2123 inciice,=
1132 2096 1165 2116 os
1181 2091 1301 2116 mutum
1316 2086 1418 2116 scelus
1432 2085 1570 2117 indicare
1589 2096 1651 2117 non

992 2140 1106 2176 potest.
1139 2135 1262 2175 Lingua
1274 2140 1321 2165 est
1335 2136 1428 2165 animi
1444 2136 1601 2174 interpres,
1617 2140 1652 2165 ut

994 2183 1037 2213 ait
1061 2182 1234 2220 Lucretius,
1254 2184 1295 2214 vi.
1320 2185 1422 2222 1147;
1445 2189 1477 2215 et
1500 2184 1651 2215 factorum

992 2234 1091 2264 index.
1117 2233 1242 2263 Grande
1258 2234 1352 2263 dolori
1370 2232 1541 2275 Ingenium.
1564 2233 1652 2264 Mar-

992 2281 1087 2318 tialis,
1117 2281 1156 2312 de
1185 2282 1329 2323 Spectac.
1360 2283 1418 2312 14:
1457 2282 1482 2312 O
1504 2288 1651 2323 quantum

992 2337 1033 2361 est
1061 2333 1165 2361 subitis
1193 2332 1308 2361 casibus
1337 2333 1501 2372 ingenium.
1561 2331 1652 2372 Inge-

993 2381 1078 2410 nium
1103 2379 1248 2410 tribuitur
1269 2386 1300 2410 et
1327 2379 1392 2416 irae,
1417 2379 1650 2417 munificentiae,

993 2429 1107 2470 poenis,
1133 2436 1195 2460 etc.
1243 2429 1327 2461 Vide
1357 2430 1516 2460 Drakenb.
1539 2429 1579 2460 ad
1605 2429 1652 2460 Si-

994 2478 1083 2514 lium,
1107 2478 1170 2509 xvi.
1191 2478 1252 2508 46:
1280 2478 1338 2509 hoc
1364 2479 1433 2509 loco
1461 2479 1652 2520 intelligatur

993 2528 1119 2559 solertia
1146 2528 1178 2558 in
1207 2527 1402 2559 inveniendis
1428 2529 1530 2568 rebus,
1556 2538 1650 2570 quam

991 2576 1108 2607 excitat
1131 2576 1229 2608 dolor.
1279 2577 1378 2614 Venit,
1400 2577 1575 2608 excitatur:
1600 2588 1651 2608 su-

992 2635 1058 2666 pra,
1086 2637 1176 2657 versu
1203 2626 1255 2656 29.
1284 2637 1355 2656 ¹usus
1382 2627 1462 2657 venit
1488 2627 1524 2656 ab
1552 2628 1651 2663 annis,

993 2680 1201 2716 comparatur.
