1729 3207
400 215 1019 257 METAMORPHOSEON
1053 215 1172 258 LIB.
1206 217 1243 257 I.
1426 221 1510 262 129

132 330 457 379 Somniferam
483 330 721 377 sumsisse
745 347 911 387 manu,
938 331 1258 395 tegimenque
1283 334 1494 397 capillis.

130 406 251 455 Haec
276 407 362 455 ubi
385 407 647 472 disposuit,
674 408 835 471 patria
857 407 980 457 Jove
1006 417 1150 457 natus
1177 411 1238 457 ab
1265 426 1377 458 arce

130 484 310 532 Desilit
328 484 378 531 in
403 491 588 533 terras:
629 484 728 532 illic
753 485 1074 549 tegimenque
1098 487 1321 543 removit,

130 560 197 608 Et
219 562 385 625 posuit
409 577 627 626 pennas:
667 563 1011 610 tantummodo
1035 563 1172 626 virga
1199 571 1392 612 retenta
1416 572 1509 613 est.

131 637 240 685 Hac
261 639 379 702 agit,
405 646 460 686 ut
483 646 667 703 pastor,
694 656 783 704 per
807 640 950 688 devia
975 657 1088 688 rura
1111 641 1346 705 capellas,
1417 644 1513 689 676

131 714 265 762 Dum
281 715 418 763 venit
441 716 682 764 abductas
701 735 711 773 ;
751 724 803 764 et
827 717 1029 764 structis
1055 725 1226 765 cantat
1248 718 1433 766 avenis.

130 791 268 840 Voce
292 808 419 841 nova
441 799 616 857 captus
643 801 811 841 custos
836 793 866 840 J
871 795 1110 853 unonius3
1153 801 1183 819 “
1211 794 1280 843 At
1303 802 1374 852 tu,

132 868 372 933 Quisquis
398 887 468 927 es,
486 870 579 918 hoc
599 878 796 935 poteras
822 888 1019 920 mecum
1040 872 1301 920 considere
1324 872 1493 927 saxos

132 945 295 1009 Argus
315 947 410 995 ait:
441 952 471 971 “
488 963 650 1011 neque
671 948 802 996 enirn
822 949 989 1012 pecori
1011 948 1268 996 fecundior
1288 949 1388 996 ullo
1421 952 1517 996 680

136 1022 308 1071 Herba
336 1024 446 1072 loco
483 1031 587 1082 est3
628 1033 898 1090 aptamque
923 1026 1059 1074 vides
1096 1027 1378 1091 pastoribus
1411 1043 1517 1073 um-

333 1101 524 1148 bram.”

136 1260 248 1286 cuntur
272 1256 396 1292 talaria,
420 1255 549 1293 πεδιλα,
573 1262 606 1288 01
627 1263 716 1288 erant
738 1268 792 1289 au-

137 1314 208 1341 reae,
226 1304 340 1346 Virgil.
353 1305 387 1336 d.
403 1305 425 1337 l.
440 1306 516 1338 239.
559 1306 621 1338 Sed
639 1313 671 1338 et
691 1307 794 1349 capite

904 1261 978 1292 677.
995 1262 1123 1291 Structae
1146 1270 1256 1296 avenes,
1272 1259 1378 1290 fistula
1392 1258 1522 1301 pastori-

862 1309 919 1346 tia,
946 1321 1015 1351 quae
1042 1309 1137 1340 etiam
1163 1310 1292 1344 arundo,
1314 1309 1457 1344 calamus,
1473 1311 1526 1338 sti-

137 1354 203 1385 alas
217 1354 308 1396 gerit,
322 1360 354 1386 et
363 1367 446 1386 nunc
454 1357 588 1396 pedibus,
600 1357 796 1399 nztncjrotzte
860 1360 935 1398 pula
951 1358 1013 1390 diei
1026 1358 1114 1394 solet,
1127 1357 1165 1389 de
1183 1357 1276 1399 cujus
1286 1363 1443 1388 structura
1455 1357 1526 1388 vide

140 1404 229 1440 volat,
253 1402 360 1435 Sidon.
386 1403 491 1435 Carm.
511 1404 565 1436 vii.
613 1405 718 1448 Virga,
745 1416 796 1437 ca-

138 1452 257 1483 duceus
276 1452 439 1489 Mercurii,
457 1453 579 1485 duobus
602 1455 799 1496 serpentibus

138 1501 402 1544 circumplicatus‚
417 1513 511 1544 quem
530 1503 559 1534 ei
577 1514 633 1546 pro
654 1504 725 1545 lyra
744 1505 799 1536 de-

139 1550 228 1581 derat
247 1550 382 1593 Apollo:
407 1552 537 1583 Homer.
553 1552 583 1584 h.
604 1554 706 1584 Merc.
723 1555 799 1585 526.

140 1601 216 1631 Erat
235 1611 341 1636 aurea,
362 1601 446 1633 unde
466 1601 644 1633 Mercurius
666 1603 801 1645 χρυσόῤ-

140 1649 255 1692 ῥαπις;
281 1651 377 1681 Hom.
391 1651 453 1682 Od.
470 1655 511 1683 K.
527 1652 603 1682 277.
640 1653 717 1683 Erat
731 1664 801 1694 pro-

140 1701 206 1742 prie
234 1700 322 1743 pacis
350 1701 470 1742 insigne
503 1703 515 1738 (
521 1701 652 1743 εἰρήνης
681 1701 800 1738 ὅπλον,

142 1750 240 1793 Orph.
257 1750 290 1780 h.
310 1750 406 1781 xxvii.
423 1751 470 1791 7.)
494 1751 548 1782 sed
571 1752 681 1783 eadem
704 1763 801 1793 quum

141 1799 240 1830 multa
263 1798 326 1830 alia
341 1800 473 1836 efficere,
490 1805 557 1830 tum
571 1812 702 1831 somnum
717 1801 802 1832 exci-

142 1853 208 1879 tare
230 1854 370 1890 poterat:
394 1850 489 1881 Hom.
507 1850 549 1880 11.
566 1854 606 1881 Α.
625 1851 704 1889 3343
729 1851 800 1881 Vir-

142 1897 200 1939 gil.
215 1898 341 1929 AEmeid.
356 1898 398 1935 iv.
412 1899 486 1929 240.
503 1900 556 1930 ubi
578 1899 665 1930 locus
680 1899 802 1930 classic.

143 1947 182 1978 de
198 1947 356 1979 Mercurio
371 1948 501 1990 ejusque
516 1948 613 1990 virga.
650 1949 734 1980 Hinc
749 1960 803 1980 vo-

143 2003 231 2028 catur
245 1997 406 2040 somnifera
423 1997 625 2039 (ὺπνοδῶτις
641 2008 691 2040 ap.
706 1999 804 2041 Orph.

145 2046 253 2088 hymn.
267 2046 324 2077 lvi.
341 2047 392 2087 8.)
416 2053 447 2078 et
469 2049 610 2079 Mercur.
633 2047 699 2090 ipse
723 2048 805 2090 ἡγή-

143 2108 206 2138 τωρ
236 2095 371 2138 ὀνείρων
405 2103 436 2128 et
469 2097 577 2129 ὕπνου
607 2097 806 2139 προστάτης,

145 2145 265 2177 Athen.
280 2145 338 2177 lib.
355 2145 378 2176 i.
393 2157 464 2188 cap.
482 2146 547 2177 xiv.
579 2147 671 2177 Hanc
687 2147 806 2188 virgam

147 2195 241 2226 sumit
266 2198 381 2235 potenti
407 2207 521 2226 manu:
555 2195 627 2227 vide
657 2196 697 2227 ad
723 2207 805 2227 vers.

146 2245 222 2276 595.
252 2250 284 2276 et
318 2245 496 2276 Mercurius
530 2255 651 2286 semper
679 2251 808 2287 apparet

147 2292 282 2335 κρατύς.
331 2293 469 2335 Tegimen
493 2293 593 2335 pileus
618 2295 730 2330 alatus,
753 2294 807 2336 qui

145 2349 263 2382 petasus
277 2348 309 2373 et
315 2344 440 2384 galerus
450 2342 578 2374 dicitur.
602 2343 807 2380 Sententiam,

147 2391 269 2433 paravit
283 2402 315 2422 se
331 2392 370 2423 ad
391 2392 460 2428 iter,
478 2392 523 2423 ita
537 2392 682 2424 elocutus
697 2399 756 2429 est,
775 2399 809 2424 ut

148 2452 272 2472 omnem
288 2441 436 2472 Mercurii
450 2441 590 2472 habitum
606 2442 806 2474 describeret.

150 2490 315 2530 Disposuit,
331 2490 478 2532 quodque
489 2501 544 2522 suo
558 2491 626 2522 loco
643 2492 806 2533 applicuit.

152 2540 262 2571 Patria
276 2542 312 2571 ab
327 2551 415 2572 arce:
438 2540 504 2571 vid.
521 2541 572 2571 ad.
590 2542 662 2572 163.

193 2590 268 2620 676.
286 2591 359 2631 Agit
375 2594 447 2620 ante
468 2600 512 2625 se,
529 2590 614 2631 virga
628 2600 682 2632 pro
693 2589 807 2620 baculo

150 2639 296 2679 pastorali
320 2644 420 2675 utens,
447 2640 586 2678 cupellas,
609 2649 686 2680 quas
709 2645 739 2669 et
762 2638 805 2669 vi-

151 2687 230 2718 cinis
257 2688 338 2730 agris
369 2689 544 2719 abduxerat.
605 2688 685 2718 Dum
716 2690 807 2723 venit,

152 2737 276 2768 accedit
291 2737 330 2768 ad
346 2738 480 2778 Argum.

865 1409 905 1439 ad
933 1419 997 1439 ver.
1031 1408 1105 1438 711.
1153 1407 1249 1448 Apud
1273 1406 1420 1447 AEschyl.
1451 1407 1526 1437 577.

865 1458 970 1499 Argus
994 1455 1118 1499 quoque
1147 1456 1284 1486 fistulam
1311 1456 1418 1486 habet.
1463 1455 1525 1486 Sed

868 1507 964 1538 Ovid.
995 1518 1059 1537 rem
1088 1506 1133 1537 ita
1156 1506 1256 1542 finxit,
1279 1512 1314 1536 ut
1343 1505 1436 1536 aliam
1460 1505 1527 1535 fab.

868 1556 1028 1587 commode
1059 1557 1198 1586 intexere
1235 1561 1350 1596 posset.
1397 1555 1528 1586 Structz's

868 1613 973 1637 cantat
988 1608 1100 1636 avenis.
1133 1604 1264 1640 Fistula,
1277 1614 1313 1634 ex
1330 1610 1449 1645 septem
1466 1603 1529 1634 dis-

868 1655 996 1698 paribus
1024 1654 1131 1685 avenis
1155 1654 1187 1684 in
1210 1654 1267 1684 alze
1292 1653 1421 1683 formam
1448 1663 1528 1683 cres-

870 1703 1013 1734 centibus
1042 1708 1224 1744 compacta:
1252 1702 1295 1732 sic
1319 1702 1446 1737 Noster,
1470 1701 1528 1733 lib.

869 1752 904 1782 ii.
927 1763 993 1782 ver.
1023 1753 1096 1782 191.
1124 1751 1163 1782 de
1189 1750 1246 1781 alis
1272 1750 1454 1780 Daedaleis:
1480 1751 1530 1781 Sic

869 1803 983 1832 rustica
1019 1802 1167 1841 quondam
1206 1800 1326 1830 Fistula
1363 1801 1531 1840 disparibus

867 1851 1017 1890 paulatim
1033 1852 1132 1891 surgit
1147 1851 1260 1880 avenis.

913 1900 989 1931 678.
1021 1900 1093 1930 Voce
1114 1911 1200 1936 nova,
1219 1910 1292 1930 sono
1314 1911 1404 1935 ποι-α’,
1423 1910 1531 1931 recens

870 1950 1005 1981 inventae
1021 1949 1144 1980 fistulae.

915 2000 991 2030 679.
1011 2000 1149 2040 Quisquis
1170 1999 1230 2040 es.]
1258 1999 1308 2029 De
1333 1998 1464 2029 formula
1483 2010 1531 2029 so-

871 2048 967 2085 lenni,
991 2050 1121 2089 quisquis
1149 2059 1188 2084 es,
1213 2058 1276 2089 qua
1300 2047 1478 2089 peregrinos
1501 2053 1533 2078 et

872 2098 993 2139 ignotos
1004 2098 1204 2139 alloquuntur
1211 2097 1329 2133 Latini,
1340 2097 1410 2127 vide
1424 2097 1532 2128 Burm.

876 2147 1010 2183 Poteras,
1038 2154 1071 2178 111
1100 2147 1184 2188 apud
1211 2147 1301 2187 Virg.
1327 2146 1399 2176 Ecl.
1423 2146 1445 2176 i.
1469 2148 1531 2177 80:

876 2196 937 2226 Hic
966 2203 1065 2227 tamen
1093 2198 1170 2227 hanc
1199 2206 1311 2226 mecum
1342 2202 1458 2234 poteras
1485 2207 1533 2227 re-

874 2246 1021 2285 quiescere
1044 2252 1167 2281 nomem,
1181 2244 1234 2275 ubi
1253 2244 1390 2285 quidam,
1408 2250 1442 2274 ut
1457 2244 1490 2274 h.
1508 2244 1532 2276 l.

875 2294 991 2335 Vulgo,
1005 2297 1127 2334 poteris.
1173 2293 1235 2324 Sed
1253 2293 1333 2323 illud
1349 2292 1533 2334 elegantius,

876 2351 970 2385 atque
986 2343 1030 2374 ita
1046 2350 1077 2375 et
1094 2343 1148 2374 vii.
1163 2344 1215 2373 47.
1229 2344 1269 2374 63
1287 2355 1294 2380 ;
1311 2342 1376 2372 viii.
1392 2343 1446 2372 47.
1476 2343 1532 2374 So·

875 2393 942 2423 lent
961 2399 1066 2423 autem
1084 2393 1117 2423 111
1135 2391 1287 2423 bucolicis
1304 2398 1442 2432 pastores
1457 2403 1531 2423 can-

877 2442 970 2473 taturi
991 2452 1023 2472 se
1048 2441 1179 2472 invitare
1201 2441 1241 2471 ad
1265 2442 1485 2477 considendwn,
1501 2441 1533 2472 in

875 2502 936 2532 quo
956 2496 1127 2532 sequuntur
1153 2490 1222 2521 loca
1250 2490 1382 2520 herbosa
1406 2496 1438 2520 et
1465 2501 1533 2520 um-

874 2541 974 2570 bram.

918 2590 993 2620 680.
1018 2588 1214 2628 Fecundior]
1242 2587 1535 2630 Propriefecundus

876 2638 962 2668 locus
978 2637 1101 2675 herbis3
1125 2637 1179 2668 sed
1201 2637 1232 2667 h.
1252 2637 1272 2666 l.
1296 2637 1363 2679 ipsa
1378 2637 1531 2678 herbase-

876 2689 988 2723 cunda,
1007 2686 1150 2728 frequens
1166 2691 1197 2717 et
1212 2687 1306 2716 bona.
