1729 3207
395 202 1018 245 METAMORPHOSEON
1052 203 1171 245 LIB.
1206 204 1242 245 Ι.
1431 207 1514 247 105

125 319 318 367 Ponere
343 319 574 367 duritiem
599 335 794 383 coepere
820 335 1067 382 suumque
1093 319 1321 381 rigorem,
1414 324 1505 367 401

124 396 411 460 Mollirique
434 413 586 452 mora,
613 396 904 458 mollitaque
929 396 1112 443 ducere
1137 395 1361 443 formam.

124 472 266 529 Mox,
293 474 379 521 ubi
405 479 681 529 creverunt,
708 480 985 535 naturaque
1011 471 1175 519 mitior
1199 472 1295 519 illis

125 550 364 613 Contigit,
391 557 447 597 ut
467 549 714 614 quaedam,
743 549 813 596 sic
839 565 938 595 non
963 548 1241 605 manifesta,
1267 549 1419 597 videri

125 628 304 675 Forma
327 633 494 692 potest
516 626 754 683 hominis;
785 626 874 674 sed
900 626 971 674 uti
997 627 1059 680 de
1085 642 1330 674 marmore
1349 634 1514 692 coepto

123 705 238 753 Non
263 712 443 752 exacta
466 705 601 761 satis,
620 704 927 768 rudibusque
948 703 1199 751 simillima
1218 704 1388 767 signis.
1415 708 1513 752 406

125 782 248 837 Quae
273 790 441 830 tamen
467 798 531 830 ex
556 781 651 829 illis
677 782 844 846 aliquo
870 798 985 846 pars
1011 782 1215 829 humida
1240 798 1408 838 succo,

124 860 191 908 Et
212 868 409 909 terrena
431 860 539 916 fuit,
566 876 709 908 versa
730 867 808 908 est
832 860 882 907 in
909 859 1130 923 corporis
1156 877 1328 907 usum:

124 939 269 993 Quod
285 938 497 986 solidum
514 944 606 994 est,
623 938 860 1001 flectique
874 937 1064 1001 nequit,
1083 944 1302 984 mutatur
1317 937 1366 983 in
1383 953 1514 985 ossa:

124 1015 271 1071 Quod
295 1016 443 1063 modo
466 1031 593 1063 vena
615 1015 723 1070 fuit,
751 1016 844 1062 sub
870 1014 1047 1063 eodem
1072 1014 1271 1061 nomine
1296 1014 1493 1061 mansit.

124 1093 284 1156 Inque
309 1093 446 1140 brevi
473 1092 649 1156 spatiO,
680 1092 984 1156 Superorum
1012 1090 1231 1146 numine,
1259 1106 1382 1138 saxa
1417 1094 1506 1137 411

125 1169 285 1218 Missa
307 1170 396 1217 viri
421 1170 649 1217 manibus
675 1169 852 1217 faciem
879 1176 1075 1217 traxere
1099 1168 1312 1216 virilem:

123 1247 191 1295 Et
214 1248 277 1296 de
301 1247 514 1295 femineo
540 1255 766 1312 reparata
792 1254 869 1295 est
886 1247 1071 1295 femina
1088 1247 1246 1309 jactu,

123 1325 247 1374 Inde
273 1342 428 1389 genus
454 1326 633 1373 durum
660 1342 849 1381 sumus,
871 1324 1236 1388 experiensque
1261 1324 1510 1381 laborum3

121 1402 187 1451 Et
205 1404 507 1451 documenta
529 1404 723 1460 damus,
745 1420 846 1467 qua
870 1403 1023 1450 simus
1045 1402 1233 1464 origine
1254 1402 1373 1449 nati.
1414 1404 1510 1448 415

187 1480 278 1528 VI.
319 1481 502 1529 Cetera
526 1481 735 1528 diversis
764 1481 911 1528 tellus
938 1479 1172 1528 animalia
1195 1479 1363 1526 formis

162 1591 235 1622 406.
271 1591 340 1622 Non
363 1598 467 1623 exacta
489 1592 588 1632 satis]
631 1592 780 1627 Exculta,

118 1640 266 1682 perfecta.
312 1641 417 1672 Rudia
445 1644 532 1683 signa
559 1646 690 1683 possunt
715 1651 781 1671 esse

120 1690 257 1721 nondum
273 1689 434 1721 elaborata
448 1690 534 1721 satis.
564 1690 635 1726 Sed,
649 1701 688 1721 ne
699 1690 783 1720 idem

119 1744 165 1770 ter
186 1739 281 1776 dicat,
297 1750 358 1770 non
380 1740 461 1771 male
483 1740 568 1771 rudis
587 1739 783 1781 antiquitatis

117 1789 207 1830 signa
220 1788 388 1830 intelliges.

161 1839 234 1870 408.
260 1839 423 1879 Corporis]
453 1838 566 1878 Corpus
591 1849 674 1869 nunc
698 1848 779 1874 caro,

119 1893 153 1918 ut
166 1887 208 1919 iv.
221 1888 296 1919 443.
311 1894 342 1919 et
357 1890 390 1918 in
405 1890 533 1928 corporis
547 1899 645 1923 usum,
662 1887 693 1918 in
712 1898 779 1918 cor-

120 1948 190 1979 pus.

161 1987 235 2017 411.
259 1987 404 2024 Numine,
418 1987 448 2018 vi
463 1992 495 2018 et
509 1986 660 2029 potentia.

160 2037 234 2068 412.
258 2037 377 2067 Faciem
406 2037 552 2077 trahere]
586 2036 684 2067 Paulo
707 2042 780 2067 ante

109 2086 244 2127 formam
263 2088 384 2122 ducere,
401 2091 433 2116 et
448 2086 642 2127 42l.facz'em
662 2097 778 2126 cupere.

162 2135 235 2166 414.
263 2136 340 2166 Inde
365 2147 462 2178 genus
487 2137 610 2172 durum,
637 2135 734 2166 habet
763 2146 781 2165 a

121 2184 232 2225 virgil.
247 2183 398 2225 Georg.i.
420 2185 474 2215 63.
519 2184 551 2215 Si
575 2184 702 2215 Graecos
726 2195 780 2215 au-

120 2233 234 2270 dimus,
249 2233 351 2275 ipsum
374 2235 487 2265 vocab.
509 2234 590 2271 λαὸς
615 2244 633 2264 a
656 2233 780 2264 nomine

119 2281 217 2321 λὰας,
238 2283 329 2325 lapis,
345 2283 450 2314 fluxit:
476 2283 549 2314 vide
574 2283 720 2314 Munker.
741 2283 780 2314 ad

120 2332 237 2374 Hygin.
251 2333 317 2363 fab.
336 2334 408 2364 153.
453 2332 514 2363 Hic
530 2332 616 2363 lusus
631 2333 781 2374 etymolo-

120 2381 207 2422 gicus
219 2382 367 2423 originem
384 2381 456 2412 huic
472 2382 537 2412 fab.
551 2381 674 2413 dedisse
690 2381 779 2412 vide-

122 2435 179 2466 tur,
195 2441 290 2472 quam
311 2431 363 2462 alii
385 2441 422 2461 ex
443 2429 587 2473 opinione
607 2431 664 2462 illa
681 2437 781 2462 ortam

120 2485 244 2521 putant,
274 2480 391 2522 priscos
418 2480 560 2511 homines
590 2491 607 2511 e
635 2479 717 2511 saxis
751 2486 783 2511 et

121 2529 278 2560 arboribus
293 2536 391 2560 natos.
436 2530 564 2560 Homer.
580 2529 643 2561 od.
657 2533 693 2561 T.
711 2531 782 2560 163.

122 2578 174 2608 ubi
196 2578 267 2609 vide
291 2580 397 2610 Clark.
421 2579 509 2620 Virg.
524 2581 600 2610 AEn.
620 2578 685 2610 viii.
705 2581 781 2611 315.

124 2627 283 2667 Erperiens
306 2629 450 2665 laborum,
473 2628 710 2670 πολυτλήμων,
729 2629 782 2671 qui

121 2676 236 2707 multos
262 2677 382 2708 labores
405 2677 560 2719 suscipere
593 2683 626 2709 et
651 2678 782 2710 tolerare

123 2730 233 2765 potest.
279 2726 318 2756 Et
333 2726 470 2768 profecto
484 2727 547 2757 tale
563 2726 679 2758 animal
692 2727 782 2757 homo

121 2779 181 2803 est.

893 1590 1075 1621 416—451.
1090 1589 1196 1619 Cetera
1207 1589 1342 1623 dirersis,
1353 1586 1431 1628 etc.]
1447 1587 1515 1617 Hu-

850 1656 976 1676 manum
997 1645 1090 1687 igitur
1111 1654 1209 1685 genus
1225 1655 1241 1674 e
1256 1643 1413 1685 lapidibus
1429 1643 1516 1674 resti-

850 1702 951 1726 tutum
967 1701 1051 1734 erat3
1075 1700 1181 1725 cetera
1200 1693 1372 1724 animantia
1394 1703 1410 1723 e
1431 1692 1516 1727 limo,

850 1744 923 1775 solis
939 1750 1016 1775 aestu
1032 1743 1196 1779 calefacto,
1208 1742 1359 1784 paulatim
1374 1752 1517 1783 procrea-

845 1794 973 1829 bantur,
1004 1792 1036 1824 in
1073 1793 1186 1834 quibus
1227 1793 1360 1833 Python,
1388 1802 1515 1833 serpens

846 1854 961 1885 magna
975 1849 1007 1874 et
1023 1842 1178 1878 terribilis,
1190 1852 1284 1883 quam
1297 1843 1404 1880 Apollo
1420 1840 1515 1881 sagit-

847 1893 886 1923 tis
908 1893 1055 1927 confecit,
1074 1892 1105 1923 in
1120 1892 1250 1934 ejusque
1270 1891 1312 1922 rei
1333 1890 1514 1921 memoriam

846 1941 936 1973 ludos
961 1943 1085 1982 Pythias
1116 1941 1264 1972 instituit.
1311 1940 1363 1971 Cf.
1388 1940 1516 1970 Homer.

847 1991 879 2022 h.
910 1991 1018 2033 Apoll.
1047 2002 1110 2022 ver.
1142 1992 1223 2028 3003
1267 1989 1456 2020 Callimach.
1486 1990 1516 2020 h.

848 2041 956 2083 Apoll.
974 2042 1047 2071 100.
1064 2040 1096 2071 in
1121 2040 1195 2071 Del.
1208 2041 1247 2071 91
1265 2051 1272 2076 3
1296 2038 1445 2081 Apollod.
1461 2039 1515 2069 Bi-

848 2090 959 2121 blioth.
979 2090 1036 2121 lib.
1056 2091 1082 2120 Ι.
1097 2089 1139 2121 iv.
1157 2091 1191 2128 1;
1216 2089 1335 2131 Hygin.
1358 2089 1422 2119 fab.
1442 2090 1513 2119 140.

849 2140 1003 2171 Fabulam
1009 2140 1076 2181 jam
1083 2139 1216 2170 Veteres
1225 2139 1309 2169 varie
1320 2138 1514 2179 interpretati

849 2195 931 2221 sunt.
986 2190 1088 2221 Macr.
1117 2190 1241 2220 Saturn.
1271 2188 1292 2218 i.
1324 2188 1375 2218 17.
1406 2194 1514 2219 censet

848 2240 1029 2282 Apollinem
1045 2239 1077 2269 in
1096 2239 1197 2280 prima
1217 2237 1351 2269 infantia
1374 2236 1513 2267 belluam

849 2289 1032 2320 confecisse.
1077 2287 1154 2324 Alii,
1183 2292 1219 2318 ut
1251 2286 1393 2328 Ephorus
1431 2286 1515 2327 apud

846 2339 949 2369 strab.
964 2338 1018 2369 lib.
1035 2337 1080 2368 ix.
1097 2343 1210 2379 putant
1226 2336 1403 2376 Pythonem
1420 2335 1514 2366 fuisse

847 2392 1026 2428 tyrannum,
1057 2387 1211 2427 χαλεπὸν
1238 2384 1354 2426 ἄνδρα,
1381 2385 1513 2423 ἐπικλη-

848 2435 947 2468 &iura
976 2435 1007 2467 δὲ
1035 2435 1219 2478 Δράκοντα.
1266 2434 1414 2466 Ceterum
1443 2444 1513 2464 cum

847 2486 905 2516 hoc
922 2486 1065 2527 Pythone
1079 2484 1230 2515 Rufinum
1243 2489 1403 2525 comparat
1418 2483 1514 2515 Clau-

847 2533 933 2564 dian.
966 2533 1058 2564 Praef.
1072 2533 1103 2563 in
1119 2532 1228 2563 Rufin.
1244 2533 1295 2562 De
1311 2531 1429 2573 origine
1445 2532 1514 2563 ani-

848 2583 977 2614 malium
994 2593 1010 2613 e
1023 2583 1108 2618 limo,
1122 2582 1154 2612 in
1170 2592 1232 2623 quo
1251 2592 1354 2611 rursus
1375 2581 1515 2622 sequitur

849 2631 1035 2662 sententiam
1053 2641 1133 2666 eam,
1150 2641 1219 2672 quae
1243 2630 1282 2660 ab
1299 2629 1458 2671 AEgyptiis
1475 2630 1514 2660 ad

849 2682 976 2712 Graecos
986 2686 1180 2723 pervenerat,
1193 2679 1264 2710 vide
1276 2678 1371 2709 Diod.
1384 2678 1446 2709 Sic.
1459 2684 1481 2709 t.
1491 2678 1513 2708 i.

847 2741 879 2772 p.
898 2731 947 2760 ll.
994 2729 1052 2760 His
1074 2729 1157 2760 enim
1181 2738 1362 2770 persuasum
1384 2734 1461 2764 erat,
1481 2727 1513 2758 in

847 2777 1000 2820 principio
1033 2788 1133 2809 rerum
1166 2777 1270 2807 omnia
1306 2776 1512 2807 animantium
