1763 3181
380 174 998 219 METAMORPHOSEON
1031 173 1152 215 LIB.
1182 173 1266 215 IV.

1427 176 1514 218 315

138 291 379 339 Constitit
403 291 664 356 Hesperio,
688 291 852 353 regnis
877 289 1109 347 Atlantis,
1136 290 1186 337 in
1212 290 1357 346 orbe3

137 368 486 432 Exiguamque
511 369 637 433 petit
660 368 900 432 requiem,
928 368 1047 415 dum
1075 367 1270 415 Lucifer
1288 367 1430 430 ignes

137 444 326 493 Evocet
348 445 569 502 Aurorae,
597 463 767 493 currus
793 445 986 493 Aurora
1010 447 1230 493 diurnos.

137 521 234 568 Hic
260 522 513 569 hominum
535 529 739 569 cunctos
766 522 955 585 ingenti
981 539 1185 586 corpore
1209 528 1451 586 praestans

137 598 471 662 Iapetionides
493 599 637 646 Atlas
662 599 781 646 fuit:
820 599 1166 665 ultima-tellus

1422 601 1512 645 631

138 675 278 738 Rege
302 677 395 724 sub
421 677 530 732 hoc,
558 684 608 725 et
631 683 812 740 pontus
839 682 958 731 erat,
987 676 1072 739 qui
1096 675 1225 722 Solis
1252 675 1441 722 anhelis

136 752 354 815 AEquora
378 753 548 800 subdit
572 753 730 816 equis,
759 760 809 799 et
833 753 989 799 fessos
1016 753 1205 816 excipit
1228 769 1365 799 axes.

137 828 279 877 Mille
304 847 479 893 greges
505 830 592 886 illi,
620 830 930 892 totidemque
956 836 1181 877 armenta
1204 846 1292 893 per
1316 829 1495 875 herbas

138 905 409 964 Errabant3
439 914 490 954 et
509 908 715 954 humum
729 908 908 954 vicinia
928 909 1064 954 nulla
1088 908 1395 971 premebant.
1423 909 1520 954 635

138 982 373 1031 Arboreae
399 984 616 1040 frondes,
646 1000 762 1031 auro
788 985 1011 1032 radiante
1035 984 1266 1041 virentes,

138 1058 219 1106 Ex
243 1056 360 1108 auro
385 1077 562 1118 ramos,
587 1077 650 1108 ex
671 1077 788 1109 auro
813 1077 963 1125 poma
986 1062 1241 1124 tegebant.

139 1247 287 1289 sequitur.
318 1248 430 1290 virgil.
452 1249 567 1291 Georg.
590 1250 612 1280 i.
634 1251 712 1281 388:
742 1251 796 1281 Ῐό-

139 1303 187 1327 cat
200 1298 335 1337 pluviam
351 1301 466 1329 cornis.

181 1347 254 1377 630.
268 1347 396 1378 Cunctos
411 1348 588 1388 hominum]
608 1347 719 1379 Graeco
731 1359 796 1379 mo-

138 1406 181 1426 re.
205 1395 273 1426 Liv.
285 1408 357 1427 xxx.
368 1398 398 1427 9.
410 1399 538 1436 expediti
552 1398 694 1428 militum.
718 1398 797 1429 Lec-

140 1443 183 1474 tio
197 1444 322 1475 Codicis
338 1446 376 1476 B.
389 1453 495 1482 custos,
505 1446 570 1476 sola
584 1445 706 1476 sincera
721 1447 797 1477 mihi

140 1493 262 1525 videtur
275 1506 282 1525 ε
307 1495 390 1536 apud
405 1496 577 1526 Homerum
592 1495 673 1527 enim
690 1502 722 1526 et
737 1507 794 1526 cae-

141 1548 222 1574 teros
259 1549 378 1586 poetas,
414 1556 502 1586 reges
541 1551 613 1575 sunt
651 1544 800 1586 ποιμένες

141 1594 244 1630 λαῶν,
262 1600 414 1635 pastores,
438 1594 581 1625 custodes
604 1595 800 1636 populorum.

141 1643 239 1679 Atlas,
264 1643 366 1685 Iapeti
393 1643 485 1679 filius,
511 1643 711 1674 Mauritaniae
735 1655 799 1679 rex,

143 1702 246 1733 quem,
263 1703 358 1733 quum
373 1692 577 1723 Astronomiae
599 1697 678 1723 esset
703 1692 800 1723 studi-

142 1752 224 1781 osus,
247 1741 462 1783 sphaeramque
489 1741 668 1777 invenisset,
685 1742 800 1772 coelum

142 1790 280 1821 humeris
314 1790 465 1821 sustinere
498 1796 597 1831 poetae
635 1790 799 1821 finxerunt.

143 1839 194 1870 Sic
217 1840 287 1871 Cic.
307 1840 400 1871 Tusc.
415 1851 446 1870 v.
468 1841 509 1878 35
533 1839 642 1871 Isidor.
662 1839 716 1870 lib.
738 1840 799 1870 xiv.

144 1899 215 1931 cap.
238 1891 268 1920 8.
327 1889 452 1920 Ultima.
483 1889 566 1920 Vide
596 1889 635 1919 ad
662 1889 696 1919 ii.
726 1890 799 1920 254.

144 1939 261 1970 Pontus
274 1950 391 1979 ‹equor-a
405 1939 515 1975 subdit,
531 1938 636 1969 subdit
647 1948 689 1974 se,
703 1948 801 1979 aquas

144 1998 227 2024 suas,
243 1988 335 2019 undis
350 1988 412 2018 suis
427 1987 544 2029 excipit
559 1998 665 2029 equos
689 1987 801 2028 virgil.

145 2037 274 2068 AEneid.
289 2049 320 2067 x.
331 2038 407 2068 103:
430 2040 537 2077 premit
551 2038 672 2076 placida
687 2048 802 2077 (equora

143 2093 263 2126 pontus,
287 2087 399 2129 premit
421 2097 492 2117 suas
512 2085 624 2122 undas,
642 2092 676 2117 ut
699 2085 801 2127 quies—

146 2141 229 2167 cant.
279 2137 388 2166 Anhelz'
414 2138 480 2176 equi
505 2135 571 2177 jam
600 2135 711 2166 orienti
739 2135 803 2165 Soli

146 2184 259 2215 dantur
273 2195 292 2215 a
302 2183 447 2225 Virgilio,
462 2185 580 2226 Georg.
591 2184 614 2214 i.
629 2185 704 2214 250.
723 2184 803 2214 Fessi

148 2245 224 2271 ares,
240 2240 274 2265 ut
278 2233 367 2275 fessae
382 2244 473 2264 cursu
489 2245 587 2264 naves.
610 2233 743 2269 Plinius,
758 2234 801 2264 V.

147 2284 207 2325 Ep.
222 2283 263 2314 vi.
282 2283 320 2313 14
335 2295 341 2312 :
367 2294 457 2313 auras
468 2285 561 2323 spatio
576 2284 636 2322 ipso
652 2283 750 2313 lassas.

191 2333 267 2363 635.
294 2332 408 2362 Errare
433 2333 562 2363 verbum
593 2331 749 2373 proprium
773 2338 805 2362 et

147 2382 273 2422 elegans
295 2380 335 2411 de
351 2381 496 2422 gregibus
516 2387 547 2412 et
562 2380 717 2416 armentis,
734 2391 803 2422 quae

147 2436 316 2473 pascuntur
329 2430 361 2460 in
376 2436 475 2472 prato.
512 2429 675 2472 Virgilius,
690 2430 805 2471 Georg.

148 2479 172 2510 i.
196 2481 254 2511 15:
279 2481 329 2510 cuz·
358 2480 414 2510 Ter
436 2486 554 2510 centum
580 2482 660 2510 7ιὶυεί
684 2482 806 2510 tondent

149 2530 270 2559 dumeta
288 2530 428 2568 juvenci.
462 2527 575 2559 Priscis
600 2534 704 2559 autem
728 2533 805 2559 tem-

149 2577 285 2620 poribus,
311 2589 416 2620 greges
438 2583 470 2609 et
493 2584 629 2609 armenta
657 2577 805 2608 maximae

148 2627 283 2669 ipsorum
305 2638 413 2669 regum
436 2639 520 2670 opes.
569 2629 687 2659 Vicinia
706 2629 805 2664 nulla,

150 2676 225 2719 quia
257 2677 290 2708 in
324 2682 461 2709 extremo
488 2678 561 2709 orbe
589 2682 737 2708 terrarum
767 2677 806 2708 ad

151 2726 314 2759 Oceanum
327 2727 500 2759 habitabat.
530 2728 719 2758 Premebant.
741 2726 807 2757 No-

865 1251 919 1282 stri
946 1251 1050 1291 Regii,
1075 1250 1223 1290 premebat
1245 1250 1356 1280 vicinia
1381 1248 1413 1279 in
1435 1249 1524 1279 femi-

865 1300 938 1331 nino
960 1310 1084 1341 genere.
1130 1300 1269 1329 Premere
1284 1298 1453 1339 eleganter,
1469 1308 1524 1339 pro

864 1350 1029 1385 includere,
1046 1359 1189 1379 coercere.

908 1400 980 1429 636.
1010 1400 1145 1429 Arboreos=
1166 1397 1305 1439 frondes,
1331 1397 1412 1437 etc.]
1445 1396 1524 1426 Haee

865 1453 936 1478 sunt
951 1448 1006 1478 illa
1025 1459 1117 1478 aurea
1136 1459 1230 1487 poma,
1246 1458 1315 1488 quae
1333 1445 1385 1476 alii
1404 1446 1524 1486 Hespe-

865 1497 994 1533 ridibus,
1012 1497 1153 1528 Atlantis
1178 1497 1314 1532 filiabus,
1335 1495 1526 1526 tribuebant.

866 1548 1016 1578 Veterum
1040 1547 1093 1577 alii
1120 1547 1216 1577 citrea
1239 1546 1288 1576 vel
1312 1544 1456 1576 aurantia
1476 1544 1523 1574 in-

866 1595 1040 1636 telligenda
1062 1606 1129 1626 esse
1153 1595 1316 1636 putabant,
1333 1593 1450 1624 Athen.
1470 1592 1527 1623 lib.

865 1644 908 1674 iii.
933 1656 964 1686 p.
990 1646 1030 1675 82
1062 1656 1108 1686 sq.
1132 1644 1185 1675 alii
1216 1655 1289 1674 oves
1311 1642 1528 1685 praestantissi-

867 1704 934 1724 mas
959 1694 1062 1724 colore
1090 1693 1206 1731 ruti103
1229 1692 1328 1735 poetis
1349 1692 1432 1722 enim
1454 1702 1527 1722 oves

866 1744 957 1784 μῆλα
974 1743 1171 1773 dicebantur.
1196 1741 1326 1773 Diodor.
1339 1741 1380 1771 iv.
1397 1752 1430 1783 p.
1443 1742 1527 1779 2335

867 1792 1009 1834 Palaeph.
1025 1794 1074 1823 19.
1098 1793 1203 1829 Quum
1216 1803 1300 1831 poma
1313 1801 1407 1821 aurea
1418 1790 1465 1821 his
1479 1800 1527 1821 ar-

867 1841 992 1872 boribus
1008 1842 1081 1872 data
1096 1847 1210 1877 essent,
1229 1840 1282 1871 alii
1297 1840 1462 1881 etfrondes
1477 1851 1527 1869 ra-

867 1902 980 1931 mosque
992 1890 1148 1921 finxerunt
1163 1901 1201 1921 ex
1217 1901 1253 1920 eo
1263 1889 1371 1920 eodem
1387 1888 1527 1919 metallo.

868 1939 906 1969 In
933 1939 1127 1971 Mauritania
1155 1939 1260 1970 hortos
1292 1938 1363 1969 illos
1393 1937 1528 1968 colloca-

868 1994 939 2019 runt
963 1995 995 2019 et
1016 1989 1081 2026 alii,
1104 1995 1139 2019 ut
1163 1989 1294 2024 Plinius,
1310 1987 1392 2018 Hist.
1407 1987 1483 2017 Nat.
1498 1998 1528 2017 v.

870 2039 900 2068 5.
924 2037 962 2068 de
987 2037 1077 2075 Lixo,
1105 2037 1190 2068 illius
1215 2043 1303 2067 terrae
1330 2036 1417 2073 urbe,
1439 2037 1481 2066 ibi
1501 2041 1529 2066 et

872 2088 1070 2127 Hesperidum
1093 2089 1193 2125 horti;
1218 2086 1358 2117 nonnulli
1380 2085 1412 2115 in
1432 2086 1529 2127 Cyre—

870 2136 973 2171 naica,
1008 2136 1157 2178 Apollod.
1187 2135 1265 2166 inter
1302 2135 1530 2176 Hyperboreos,

870 2186 925 2216 sed
947 2186 1138 2227 antiquiores
1161 2186 1193 2216 in
1212 2184 1315 2215 insula
1330 2183 1449 2214 Oceani
1465 2185 1527 2214 Oc-

871 2234 1046 2266 cidentalis.
1093 2234 1224 2265 Hesiod.
1240 2232 1300 2263 Th.
1320 2234 1396 2263 215.
1423 2231 1529 2274 πέρην

871 2285 990 2315 κλυτοῦ
1002 2283 1180 2315 Ὠκεανοῖο.
1207 2282 1257 2313 Sic
1268 2288 1298 2313 et
1308 2281 1507 2323 Pherecydes
1521 2294 1526 2312 :

872 2332 936 2363 vid.
963 2333 1093 2362 Salmas.
1114 2331 1266 2362 Exercitt.
1304 2330 1386 2361 Ptin.
1411 2341 1442 2372 p.
1466 2331 1528 2360 207

872 2387 903 2412 et
926 2383 1001 2412 671.
1038 2382 1133 2417 ,Auro
1161 2382 1301 2411 radiante
1325 2382 1453 2410 virentes
1475 2390 1530 2411 ex-

873 2430 999 2472 quisite,
1032 2441 1145 2461 aureae.
1195 2430 1296 2461 Virere
1321 2430 1401 2460 bene
1426 2429 1531 2459 delec-

873 2486 950 2516 tum,
966 2479 1041 2521 quia
1055 2485 1086 2510 et
1104 2479 1264 2510 frondibus
1281 2484 1312 2509 et
1326 2477 1461 2509 metallis
1476 2487 1530 2519 ap-

872 2536 949 2561 tum.
987 2528 1156 2560 Claudian.
1172 2540 1267 2559 xxxv.
1282 2529 1342 2559 291
1361 2539 1367 2557 :
1394 2527 1531 2567 Fulgen-

875 2586 915 2610 tes
926 2580 1017 2609 viridi
1034 2589 1129 2608 ramos
1143 2584 1268 2608 curvata
1284 2577 1416 2608 metallo.
1446 2577 1531 2605 Auro

874 2627 1022 2670 repetitur
1043 2626 1099 2663 sic,
1116 2632 1152 2657 ut
1169 2626 1201 2657 ii.
1219 2627 1290 2657 107.
1335 2624 1471 2656 Frondes
1495 2629 1530 2654 ut

874 2679 990 2714 vestire,
1019 2676 1063 2708 ita
1087 2681 1118 2707 et
1145 2683 1241 2718 tegere
1269 2676 1391 2707 arbores
1419 2673 1530 2705 dicun-

874 2732 936 2758 tur.
