1729 3207
378 213 1001 257 METAMORPHOSEON
1034 213 1154 255 LIB.
1188 213 1227 255 Ι.

1414 218 1497 258 121

116 332 237 379 Haec
255 332 446 386 domus,
464 331 570 377 haec
597 330 759 386 sedes,
778 330 883 376 haec
904 337 1020 376 sunt
1038 330 1314 393 penetralia
1333 333 1497 394 magni

113 408 312 456 Amnis:
332 409 381 455 in
397 408 509 462 hoc,
528 407 750 454 residens
766 406 896 454 facto
908 407 970 455 de
987 408 1216 455 cautibus
1233 416 1387 465 antro,
1402 412 1498 457 575

114 486 274 534 Undis
285 487 397 549 jura
420 486 587 541 dabat,
614 484 969 549 Nymphisque
995 485 1275 532 colentibus
1296 486 1472 534 undas.

112 563 429 611 Conveniunt
453 563 569 610 illuc
597 563 853 627 popularia
877 563 1082 610 flumina
1106 563 1336 626 primum,

116 640 301 689 Nescia
325 646 596 703 gratentur,
624 640 1007 687 consolenturne
1032 646 1307 704 parentem,

116 717 370 781 Populifer
397 717 693 782 Spercheos,
721 723 772 764 et
796 716 1092 779 irrequietus
1121 716 1358 780 Enipeus,
1406 720 1501 765 579

116 795 477 858 Apidanusque
499 811 670 851 senex,
689 793 917 856 lenisque
937 793 1268 857 AmphrySOS,
1287 801 1336 840 et
1356 793 1497 851 AEas;

116 872 343 937 Moxque
368 889 539 921 amnes
565 872 664 928 alii,
688 871 790 935 qui,
819 887 919 934 qua
942 871 1054 918 tulit
1079 871 1294 935 impetus
1320 869 1445 925 illos,

117 1057 150 1082 ut
169 1051 208 1082 ad
229 1050 442 1092 fatigationem
465 1050 584 1081 aurium
605 1061 666 1081 non
684 1049 775 1080 modo

115 1111 170 1141 per
182 1100 339 1135 viciniam,
353 1100 408 1131 sed
423 1099 517 1130 etiam
534 1099 712 1130 remotiores
727 1109 775 1129 re-

116 1149 223 1191 giones
247 1148 404 1180 audiatur.
442 1149 493 1180 Ita
511 1160 540 1179 v.
561 1148 658 1178 Trist.
681 1147 704 1178 i.
724 1148 775 1178 62.

106 1200 249 1240 fatigare
263 1209 332 1229 saxa
348 1209 426 1229 voce.

160 1248 234 1278 574.
255 1246 459 1287 Penetralia.]
484 1247 631 1282 Antrum,
653 1255 691 1276 ex
714 1255 776 1286 quo

118 1296 232 1337 fluvius
259 1296 404 1337 erumpit,
426 1295 525 1337 poetis
550 1294 663 1326 dicitur
692 1294 777 1335 regia

118 1345 214 1382 fluvii,
237 1350 269 1377 et
292 1345 383 1376 sedes
405 1345 634 1387 Nympharum.
679 1344 718 1374 In
741 1355 778 1375 eo

120 1406 206 1437 porro
230 1400 317 1426 antro
345 1394 467 1436 fingunt
491 1394 657 1430 thalamos,
683 1404 775 1436 pene-

121 1443 221 1481 tralia,
250 1450 281 1475 et
309 1443 446 1485 reliquas
478 1443 631 1484 regiarum
659 1448 776 1484 partes.

118 1494 180 1526 Sed
209 1493 306 1524 Penei
330 1493 420 1524 sedes
442 1493 482 1524 ad
513 1494 659 1533 dejectum
687 1492 777 1522 illum

119 1544 298 1575 collocatur.
342 1543 406 1574 Cur
427 1548 531 1573 autem
549 1547 642 1584 poeta
660 1541 710 1572 hic
733 1548 778 1572 tot

119 1593 250 1624 vocabb.
266 1591 482 1628 cumulaverit,
497 1596 591 1633 atque
611 1590 689 1621 adeo
705 1601 779 1621 ana-

120 1641 216 1684 phora
241 1642 356 1672 abusus
376 1639 428 1676 sit,
444 1651 505 1671 non
526 1639 656 1682 reperio.
694 1640 780 1670 Num

121 1691 259 1728 miratur,
275 1691 370 1723 talem
394 1690 551 1732 dejectum
570 1690 693 1732 placere
714 1700 779 1720 ma-

122 1750 182 1781 gno
210 1739 330 1770 Amni'!
357 1739 480 1782 Magni,
510 1738 594 1781 μέγα
619 1740 725 1780 χεῦμα
752 1737 781 1768 ei

121 1789 228 1820 tribuit
247 1789 433 1820 Callimach.
450 1789 481 1819 h.
498 1788 570 1819 Del.
589 1789 659 1818 110.
679 1793 710 1818 et
731 1788 778 1819 in-

122 1838 243 1870 terdum
259 1838 326 1870 κατ’
349 1838 468 1880 ἐξοχὴν
482 1838 729 1879 (ὶὶοἰωῑβιιυίηε.

165 1889 242 1919 576.
264 1888 345 1918 Jura
367 1889 452 1924 dare,
474 1887 635 1928 imperare.
683 1887 778 1927 Nym-

121 1938 198 1978 phis,
214 1937 311 1968 Penei
326 1937 458 1967 filiabus.
496 1936 547 1967 Cf.
562 1935 718 1966 Theocrit.
733 1935 782 1966 Id.

123 1988 144 2018 i.
160 1988 219 2026 663
243 1987 431 2019 Callimach.
447 1986 480 2017 d.
497 1986 519 2017 l.
534 1996 598 2016 ver.
618 1986 688 2016 109.
735 1986 782 2016 Ex

125 2037 173 2067 his
185 2036 392 2068 memorabilis
404 2036 539 2078 Cyrene,
547 2034 660 2076 virgil.
668 2035 784 2076 Georg.

127 2086 168 2118 iv.
185 2087 260 2117 321.

167 2137 242 2168 577.
268 2136 463 2176 Popularia]
498 2136 578 2172 Quae
605 2140 678 2166 sunt
703 2134 784 2176 ejus-

125 2187 196 2218 dem
217 2193 316 2222 terrae,
333 2197 442 2228 nempe
462 2184 661 2216 Thessalicae.
708 2184 784 2215 Con-

129 2238 264 2267 veniunt.
307 2236 349 2267 Is.
365 2235 508 2271 Vossius,
522 2234 562 2265 ad
578 2235 690 2276 Pomp.
705 2233 785 2264 Mel.

126 2285 158 2317 ii.
183 2287 202 2316 3
228 2290 306 2316 extr.
332 2284 447 2327 accipit
470 2295 535 2326 pro,
560 2283 786 2325 ingrediuntur,

126 2334 258 2377 ideoque
282 2333 482 2376 reprehendit
505 2339 639 2375 poetam,
659 2332 734 2374 quia
756 2337 787 2363 et

127 2385 306 2426 Spercheos,
323 2389 354 2415 et
369 2383 572 2424 Amphrysos,
587 2387 618 2413 et
634 2383 711 2413 AExas
726 2381 786 2412 alio

128 2439 343 2465 exonerentur.
389 2432 451 2463 Sed
473 2434 630 2463 convenire
652 2431 702 2462 hic
725 2441 786 2461 non

128 2493 194 2514 esse
216 2483 354 2520 influere,
369 2482 515 2518 ostendit,
532 2481 615 2523 quod
631 2480 783 2522 sequitur,

134 2533 256 2573 Moxque
281 2544 378 2564 amnes
402 2534 467 2564 olii.
506 2532 574 2562 Imo
599 2531 788 2562 conveniunt

130 2581 195 2617 Dii,
211 2581 357 2624 praesides
375 2580 547 2618 fluviorum,
565 2581 598 2611 in
621 2586 709 2610 antro
727 2580 787 2611 Pe-

131 2631 179 2661 nei
214 2631 263 2661 vel
299 2630 488 2672 gratulandi,
520 2631 569 2661 vel
607 2629 786 2661 consolandi

131 2689 238 2710 causa.

173 2730 246 2761 579.
269 2729 453 2769 Spercheos]
481 2729 531 2758 Ita
546 2727 648 2759 dictus
661 2738 679 2758 a
691 2726 787 2769 σπέρ-

133 2790 212 2818 χειν,
230 2778 384 2810 festinare.
421 2778 548 2808 Fluvius
564 2776 788 2819 rapidissimus,

843 1049 898 1090 qui
922 1049 1028 1079 subter
1053 1049 1160 1079 OEtam
1185 1052 1322 1077 montem
1347 1046 1379 1076 in
1405 1045 1505 1076 sinum

844 1098 1017 1128 Maliacum
1043 1101 1238 1132 exoneratur,
1263 1101 1294 1126 et
1320 1095 1408 1136 cujus
1431 1094 1507 1136 ripae

842 1149 957 1187 populis
978 1147 1106 1177 consitae
1132 1146 1225 1176 fuisse
1250 1144 1404 1180 videntur,
1427 1144 1508 1175 sicut

848 1196 942 1227 Penei
952 1196 1058 1227 lauris.
1088 1195 1221 1235 Enipeus
1233 1205 1270 1225 ex
1287 1199 1391 1224 monte
1405 1194 1506 1235 Othry

842 1246 1010 1277 Thessaliae
1026 1245 1162 1287 profluit.
1207 1243 1319 1285 Virgil.
1336 1244 1450 1285 Georg.
1466 1243 1508 1275 iv.

844 1296 918 1326 368.
936 1301 1063 1326 vocatur
1074 1295 1155 1324 altus
1172 1294 1315 1333 Enipeus.

887 1346 960 1376 580.
985 1346 1153 1384 Apidanus,
1172 1349 1301 1384 accepto
1319 1342 1357 1373 ad
1373 1342 1506 1373 Pharsa-

844 1395 890 1425 los
904 1394 1036 1436 Enipeo,
1054 1393 1086 1423 in
1098 1393 1238 1423 Peneum
1253 1392 1404 1422 illabitur.
1442 1392 1504 1423 Vo-

845 1449 933 1474 catur
951 1454 1036 1474 sener
1060 1442 1163 1484 (Infra
1187 1442 1220 1472 ii.
1239 1442 1313 1477 243,
1335 1441 1442 1471 Peneos
1467 1452 1509 1471 se-

844 1494 928 1532 ven)
945 1492 1029 1534 quod
1050 1492 1126 1522 Intt.
1143 1490 1304 1533 accipiunt
1325 1501 1379 1532 pro
1400 1490 1511 1521 leniter

844 1543 976 1581 fluente;
1000 1552 1099 1583 eaque
1114 1541 1274 1582 interpret.
1290 1539 1385 1571 etiam
1402 1540 1434 1570 in
1448 1551 1510 1571 uno

845 1592 950 1624 Vatic.
966 1591 1044 1622 Cod.
1060 1590 1194 1632 ascripta
1219 1596 1276 1620 est.
1315 1589 1366 1620 Sic
1395 1590 1508 1620 Senec.

846 1641 936 1672 Med.
957 1642 1030 1671 314.
1043 1651 1127 1670 senes:
1146 1640 1259 1675 Bootes,
1275 1638 1329 1680 qui
1346 1638 1432 1669 tarde
1447 1649 1511 1669 mo—

847 1697 948 1722 vetur.
977 1690 1037 1721 Sed
1054 1689 1106 1720 ubi
1122 1689 1288 1731 Apidanus
1310 1688 1511 1729 irrequietum

849 1739 1003 1781 Enipeum
1025 1738 1157 1780 accepit,
1173 1738 1247 1768 satis
1270 1737 1377 1779 rapide
1396 1736 1508 1767 currit:

847 1790 965 1820 Lucan.
986 1789 1029 1820 vi.
1056 1789 1129 1819 372.
1175 1788 1289 1818 Malim
1315 1797 1386 1828 ergo
1415 1798 1510 1817 senem

846 1849 928 1869 nunc
944 1844 1112 1874 vetustum,
1123 1836 1286 1878 antiquum
1301 1835 1510 1878 interpretari,

847 1889 867 1921 i.
883 1900 913 1920 e.
931 1888 1154 1930 antiquissimis
1177 1886 1368 1928 temporibus
1392 1892 1511 1923 notum,

848 1945 879 1971 et
891 1939 1015 1970 nomine
1026 1938 1223 1980 insignitum.
1254 1937 1385 1978 Dionys.
1399 1936 1514 1978 Geogr.

850 1990 925 2020 417.
958 1988 1099 2031 ὠγύγιος
1130 1986 1258 2022 Λάδων,
1284 1986 1338 2017 ubi
1368 1985 1514 2017 Eustath.

851 2037 994 2080 ὠγύγιον
1008 2037 1039 2068 δὲ
1055 2036 1152 2079 λέγει,
1171 2035 1223 2067 διὰ
1245 2036 1308 2074 τὴν
1326 2036 1399 2077 περὶ
1413 2035 1513 2067 αὐτοῦ

850 2087 1103 2131 ἀρχαιολογίαν.
1145 2086 1271 2118 Callim.
1299 2085 1331 2116 h.
1354 2086 1425 2117 Jov.
1452 2086 1512 2116 40:

853 2136 1080 2168 παλαιότατον
1116 2134 1211 2177 ὕδωρ,
1241 2140 1273 2165 et
1298 2134 1329 2165 h.
1359 2134 1431 2165 Del.
1463 2135 1515 2166 71.

852 2186 955 2229 γέρων
971 2185 1118 2223 Φεναιός.
1165 2184 1310 2221 Accedit,
1323 2184 1406 2226 quod
1420 2184 1514 2215 Vete—

853 2247 900 2268 res
914 2237 1025 2267 fluvios
1044 2247 1106 2266 non
1122 2234 1224 2265 minus
1238 2244 1333 2276 quam
1350 2234 1514 2264 Oceanum

853 2286 911 2317 sub
926 2288 1002 2316 senis
1012 2284 1113 2326 effigie
1125 2283 1402 2325 repraesentabant.
1432 2282 1515 2313 Hinc

854 2345 926 2366 mox
941 2336 1017 2366 645.
1033 2336 1130 2365 senior
1147 2332 1291 2364 Inachus.
1338 2333 1516 2374 Amphrysos

853 2396 922 2416 eam
933 2384 1102 2414 Thessaliae
1118 2388 1237 2425 partem
1249 2382 1432 2424 perfluebat,
1445 2393 1515 2424 quae

855 2433 1011 2465 Phthiotis
1033 2433 1206 2463 dicebatur.
1248 2432 1331 2467 AEas,
1347 2432 1400 2472 qui
1414 2431 1518 2462 Plinio

856 2484 897 2513 H.
919 2484 963 2513 N.
984 2482 1029 2513 iii.
1058 2483 1112 2512 23.
1143 2482 1222 2511 Aous
1251 2480 1376 2515 dicitur,
1404 2480 1517 2511 fluvius

855 2542 969 2573 pansus
990 2537 1020 2562 et
1041 2530 1233 2573 purissimus,
1249 2535 1280 2560 et
1295 2529 1388 2571 Epiro
1404 2530 1517 2570 proflu-

856 2592 922 2618 ens,
934 2587 965 2612 et
980 2592 1034 2622 per
1045 2580 1238 2611 Thessaliam
1250 2578 1283 2608 in
1295 2577 1416 2609 Ionium
1433 2589 1517 2609 mare

857 2641 889 2661 se
904 2630 1088 2664 iininittenS.

899 2680 971 2710 531.
997 2679 1139 2717 Impetus,
1154 2677 1212 2713 vis,
1231 2676 1392 2718 rapiditas,
1408 2676 1517 2706 tribui-

856 2736 904 2760 tur
937 2727 1127 2763 fluminibus,
1159 2727 1247 2763 mari,
1277 2725 1385 2761 ventis,
1415 2727 1495 2757 coelo
1511 2739 1516 2756 ι

857 2778 927 2809 vide
944 2779 1052 2808 Burm.
1067 2777 1106 2808 ad
1124 2776 1247 2807 Phaedr.
1261 2776 1306 2807 iii.
1322 2774 1400 2817 prol.
1417 2776 1471 2806 59.
