1763 3181
423 184 1043 228 METAMORPHOSEON
1076 184 1195 226 LIB.
1230 184 1294 226 II.

168 301 402 366 Suspicit,
428 301 673 364 indigenae
702 301 941 348 Sidonida
966 300 1165 348 nomine
1191 300 1381 355 dicunt,

1467 186 1553 228 209

1454 305 1550 349 840

167 379 310 426 Hanc
352 386 495 443 pete;
552 379 790 442 quodque
834 379 1005 442 procul
1052 385 1286 425 montano
1329 379 1550 441 gramine

164 456 458 504 Armentum
483 457 648 518 regale
671 455 826 510 vides,
855 456 916 502 ad
941 455 1085 502 litora
1107 454 1294 503 verte.’'

1389 456 1549 520 [pasci

166 534 334 591 Dixit;
375 541 426 582 et
449 534 646 598 expulsi
665 533 960 596 jamdudum
987 539 1154 579 monte
1174 532 1373 595 juvenci

168 611 333 659 Litora
350 613 492 675 jussa
516 618 709 675 petunt,
738 610 822 657 ubi
848 610 1018 672 magni,
1039 609 1139 656 filia
1163 609 1293 671 regis

168 689 374 745 Ludere,
403 689 673 751 virginibus
699 688 861 752 Tyriis
887 687 1136 741 comitata,
1166 686 1371 733 solebat.

1458 689 1552 734 845

167 766 282 813 Non
306 767 434 813 bene
459 766 776 821 conveniunt,
804 782 895 813 nec
922 766 971 812 in
997 781 1097 812 una
1121 765 1239 812 sede
1266 771 1521 811 morantur

167 842 408 906 Majestas
434 849 486 889 et
510 859 647 890 amor
668 859 678 890 ς
719 843 901 906 sceptri
927 842 1167 905 gravitate
1192 841 1381 898 relicta,

166 920 258 968 Ille
283 928 424 984 pater
448 927 710 984 rectorque
738 921 917 976 Deum,
944 920 1024 967 cui
1050 921 1227 967 dextra
1250 919 1466 965 trisulcis

166 997 375 1060 Ignibus
401 1004 588 1045 armata
607 1004 698 1054 est,
727 998 811 1060 qui
837 1004 959 1044 nutu
985 997 1208 1044 concutit
1232 997 1420 1052 orbem,

167 1074 395 1121 Induitur
418 1074 597 1122 faciem
621 1076 765 1131 tauri,
786 1075 1075 1139 mixtusque
1093 1074 1322 1137 juvencis

1458 1076 1554 1120 850

166 1151 347 1215 Mugst,
375 1159 426 1200 et
446 1152 495 1199 in
519 1153 700 1200 teneris
726 1153 968 1201 formosus
995 1152 1284 1200 obambulat
1308 1150 1504 1207 herbis3

166 1228 365 1293 Quippe
386 1230 522 1276 color
546 1229 669 1277 nivis
696 1238 789 1287 est,
817 1246 967 1294 quam
994 1246 1085 1277 nec
1110 1228 1322 1291 vestigia
1345 1228 1453 1274 duri

163 1363 295 1393 Sensus:
321 1362 423 1399 tellus,
439 1373 509 1404 quae
526 1362 703 1394 extenditur
717 1374 823 1394 versus

167 1411 328 1447 Pleiadas,
343 1423 397 1443 seu
412 1411 584 1443 meridiem.
612 1413 709 1449 Verte,
722 1413 824 1454 abige.

164 1460 278 1502 Virgil.
294 1461 424 1493 AEneid.
439 1462 461 1492 i.
477 1463 538 1493 528
553 1474 559 1491 ι
585 1464 624 1493 ad
647 1464 736 1492 litora
758 1473 822 1493 ver-

165 1517 225 1542 tere
238 1513 363 1551 proedas.

208 1561 282 1591 843.
307 1559 505 1596 Jamdudum,
534 1560 691 1596 continuo,
720 1567 754 1591 ut
780 1560 823 1590 xi.

165 1610 238 1641 482.
271 1610 409 1649 Εωρυίεἱ,
427 1609 540 1640 abacti.
556 1609 750 1644 ἐξελαύνειν.
773 1610 824 1640 Sic

164 1659 281 1700 Virgil.
305 1660 374 1690 Ecl.
391 1659 412 1690 i.
426 1660 479 1690 22.
503 1660 660 1699 depellere.
685 1659 757 1690 Cul.
773 1660 824 1689 44.

162 1710 335 1749 propellere.
396 1708 505 1749 Magni
534 1710 622 1749 regis,
653 1708 823 1749 Agenoris:

163 1770 291 1800 magnus
313 1759 444 1799 Agenor,
464 1758 594 1793 Seneca,
610 1757 717 1798 OEdip.
744 1759 825 1796 7153

164 1808 291 1839 Homer.
306 1807 346 1838 11.
369 1808 410 1841 Ξ.
427 1808 510 1844 321;
534 1812 575 1842 et,
601 1813 634 1837 ut
659 1817 696 1836 ex
721 1806 826 1837 Schol.

164 1857 205 1888 ad
219 1857 260 1888 Il.
276 1861 324 1888 M.
341 1857 416 1887 397.
433 1859 573 1898 apparet,
587 1855 681 1886 etiam
698 1855 827 1886 Hesiod.

163 1912 195 1937 et
210 1906 361 1949 Bacchyl.
384 1904 546 1936 Phoenicis
562 1905 657 1935 filiam
674 1904 824 1935 fecerunt.

167 1957 265 1997 Tyrus
288 1962 355 1987 tum
378 1955 515 1986 nondum
538 1954 681 1993 condita3
706 1953 760 1985 sed
777 1966 824 1985 so—

164 2007 255 2038 lenne
270 2011 317 2037 est
335 2006 438 2047 Tyrios
453 2005 556 2036 dicere
575 2005 758 2036 Phoenicios:
782 2004 825 2034 iii.

165 2057 217 2088 35.
245 2056 338 2096 Tyria
363 2057 399 2086 de
423 2061 512 2096 gente
535 2054 675 2096 profecti.
722 2053 825 2084 Etiam

165 2105 248 2148 apud
263 2105 371 2147 Eurip.
386 2104 502 2135 Phoen.
519 2104 593 2134 642.
607 2103 748 2135 Cadmus
763 2102 824 2134 Τύ-

163 2168 241 2197 ριος,
256 2155 310 2186 ubi
326 2154 432 2186 Schol.
450 2159 564 2190 monet,
580 2153 753 2184 Phoenicen
770 2163 825 2183 an-

164 2210 217 2236 tea
242 2205 359 2246 Tyrum
383 2203 512 2234 dictam.
539 2202 656 2233 Contra
681 2202 727 2232 iii.
755 2203 826 2233 129.

166 2254 305 2286 Cadmus
317 2255 458 2285 Sidonius
471 2254 577 2292 hospes,
589 2258 620 2283 et
634 2252 678 2282 iv.
690 2252 763 2283 571.
779 2253 826 2282 Si-

165 2306 239 2334 done
249 2303 412 2345 profectus.
438 2301 530 2332 Adde
539 2301 658 2342 Hygin.
671 2301 735 2331 fab.
752 2302 822 2332 178.

209 2353 284 2382 846.
302 2352 372 2382 Νοη
394 2353 462 2381 bene
481 2362 531 2381 con
539 2350 689 2390 veniunt]
707 2349 823 2380 Miram

163 2401 465 2432 transformationem
481 2405 656 2430 narraturus
671 2405 701 2430 et
715 2399 825 2441 ampli-

165 2451 324 2486 ficaturus,
338 2449 498 2492 praemittit
510 2448 705 2480 sententiam.
729 2449 824 2485 Sedes,

165 2510 307 2542 persona,
328 2499 513 2541 subjectum.
561 2499 635 2529 Her.
657 2498 719 2528 xix.
743 2499 821 2529 173:

170 2550 253 2580 Male
280 2560 325 2579 res
339 2551 470 2589 jumne,
495 2549 576 2579 calm·
603 2555 631 2578 et
657 2550 823 2578 reverentia

163 2604 315 2640 pugnant.
353 2597 485 2635 Quintil.
501 2597 593 2628 Decl.
612 2598 649 2628 12
664 2609 669 2626 :
696 2609 754 2627 non
770 2598 823 2627 Ιια-

167 2649 265 2678 bizant
289 2659 351 2677 una
378 2649 475 2686 pudor
503 2653 531 2676 et
550 2646 662 2688 fames.
717 2646 824 2687 Atque

166 2697 264 2728 etiam
278 2698 400 2732 morari,
416 2696 447 2727 id
469 2701 526 2732 est,
543 2695 693 2726 habitare.
730 2696 824 2725 Mun-

168 2748 230 2778 ker.
261 2746 300 2777 ad
329 2746 447 2787 Hygin.
478 2746 539 2776 sab.
564 2744 609 2777 lii.
659 2745 827 2786 Sequentia

891 1363 1016 1394 brevius
1042 1373 1189 1405 expressa
1214 1362 1252 1392 ab
1280 1361 1376 1392 Auct.
1406 1360 1497 1402 Eleg.
1525 1360 1555 1391 in

892 1413 1023 1444 Obitum
1041 1413 1137 1443 Maec.
1154 1414 1194 1443 88
1208 1424 1213 1441 :
1243 1412 1422 1441 Dominator
1435 1410 1557 1451 Olympi

894 1462 1023 1492 Dicitur
1045 1464 1076 1492 in
1096 1463 1228 1492 nitidum
1246 1461 1435 1500 procubuisse
1450 1461 1558 1490 bovem.

893 1512 1094 1553 Majestatem
1123 1510 1212 1543 Jovis
1242 1509 1292 1540 hic
1323 1509 1472 1552 praeclare
1501 1508 1556 1539 de-

894 1560 1011 1591 scribit.

937 1611 1010 1642 848.
1036 1609 1093 1640 Ille
1108 1609 1187 1639 bene
1202 1608 1331 1639 inservit
1348 1606 1556 1649 magnitudini

891 1658 1100 1690 declarandae.
1124 1657 1236 1699 Virgil.
1249 1656 1377 1687 Aineid.
1393 1656 1448 1687 vii.
1468 1657 1528 1686 110
1546 1669 1552 1686 :

890 1713 931 1740 sic
957 1710 1080 1749 Jupiter
1108 1709 1159 1738 ille
1182 1708 1330 1738 monebat.
1375 1707 1466 1737 Forte
1488 1706 1553 1736 No⁴

891 1764 952 1789 stro
969 1758 1035 1788 haec
1047 1755 1193 1788 scribenti
1208 1756 1240 1787 in
1256 1756 1357 1786 animo
1373 1755 1555 1786 versabatur

891 1808 1016 1838 Terent.
1039 1808 1121 1838 Eun.
1144 1806 1208 1837 ΠΙ.
1228 1817 1258 1836 ν.
1280 1807 1332 1837 42.
1357 1805 1396 1836 de
1421 1806 1500 1836 Jove
1523 1805 1556 1836 in

892 1856 1031 1899 pluviam
1059 1867 1184 1888 auream
1210 1866 1378 1886 converso:
1405 1856 1447 1885 At
1473 1866 1557 1895 quem

893 1907 1015 1937 Deum?
1035 1908 1085 1946 qui
1109 1906 1216 1945 templa
1236 1906 1302 1936 coeli
1322 1915 1435 1935 summa
1456 1906 1556 1934 sonitu.

892 1958 1039 1986 concutit.

935 2006 1009 2037 850.
1035 2004 1314 2046 Induiturfizciem
1339 2002 1450 2043 tauri]
1477 2002 1557 2032 Tau-

894 2067 961 2085 rum
990 2055 1078 2086 illum
1108 2064 1288 2095 expressum
1316 2052 1403 2083 vides
1427 2053 1459 2082 in
1484 2052 1557 2094 Lip-

892 2103 971 2146 perti
995 2103 1124 2145 Dactyl.
1148 2103 1175 2133 Ι.
1201 2102 1291 2133 xxix.
1314 2103 1366 2132 30.
1403 2100 1555 2132 Formosi-

893 2159 989 2183 tatem
1023 2153 1089 2194 ejus
1122 2153 1187 2193 jam
1214 2151 1387 2182 describere
1422 2149 1558 2191 incipit3

893 2209 977 2233 recte
1004 2202 1098 2243 igitur
1121 2201 1258 2243 sequitur
1285 2201 1410 2239 Quippe.
1459 2199 1557 2233 Quam

895 2264 958 2289 uec,
985 2258 1046 2282 etc.
1070 2251 1172 2293 qualis
1197 2256 1255 2286 est,
1282 2260 1378 2291 quum
1403 2248 1494 2279 modo
1516 2248 1556 2279 de

891 2303 973 2333 coelo
985 2301 1114 2343 delapsa
1125 2300 1314 2342 conspicitur
1327 2312 1332 2329 :
1352 2299 1398 2329 II.
1408 2309 1444 2329 ex
1462 2298 1555 2328 Pont.

892 2364 921 2382 v.
952 2353 1000 2382 18.
1032 2363 1089 2381 non
1126 2352 1243 2380 calcata
1277 2350 1454 2379 candidiora
1478 2349 1556 2377 nire.

894 2402 977 2431 Duri
1024 2405 1165 2442 respectu
1212 2397 1418 2429 mollitudinis
1465 2396 1555 2427 nivis.

896 2450 1019 2480 Phaedr.
1036 2450 1064 2480 Ι.
1082 2449 1144 2479 sab.
1158 2460 1230 2479 xxx.
1245 2449 1295 2478 10.
1311 2447 1348 2478 de
1365 2452 1470 2477 tauro:
1485 2457 1556 2485 pro-

893 2501 1026 2530 culcatas
1041 2500 1148 2529 obteret
1160 2500 1235 2529 duro
1250 2499 1333 2537 pede.
1362 2497 1490 2536 l'estigia
1503 2506 1552 2534 pe-

892 2551 949 2584 dis,
967 2549 1031 2591 ipse
1048 2559 1113 2590 pes.
1149 2549 1260 2578 Auster
1273 2545 1394 2588 pluvias
1405 2544 1555 2580 concitat,

892 2597 975 2628 unde
1001 2599 1167 2637 aquaticus,
1199 2596 1384 2626 vocabulum
1419 2594 1458 2624 ab
1488 2593 1555 2634 ipso

893 2646 1007 2678 Ovidio
1028 2657 1149 2677 cusum.
1190 2644 1336 2676 Occurrit
1355 2649 1385 2674 et
1408 2642 1498 2678 infra,
1514 2641 1557 2673 ix.

893 2697 966 2727 342.
983 2696 1036 2726 ubi
1051 2697 1191 2736 aquatica
1208 2696 1288 2730 lotos,
1302 2704 1372 2735 quae
1390 2698 1475 2723 amat
1486 2692 1556 2722 loca

895 2755 1022 2786 aquosa.
