1763 3181
404 191 1023 235 METAMORPHOSEON
1056 190 1175 231 LIB.
1209 190 1272 231 ΙΙ.
1428 192 1509 231 165

128 309 323 356 Dissilit
343 325 488 356 omne
509 309 667 356 solum
685 327 694 364 ;
725 314 1054 371 penetratque
1081 306 1130 352 in
1149 305 1352 353 Tartara
1372 306 1506 352 rimis

127 385 330 442 Lumen,
354 393 404 433 et
429 386 672 433 infernum
697 392 848 432 terret
873 400 986 431 cum
1013 384 1226 446 conjuge
1252 382 1462 444 Regem.

126 462 192 510 Et
214 479 347 511 mare
368 463 671 510 contrahitur
690 481 700 519 ;
730 462 976 525 siccaeque
1002 467 1079 508 est
1097 477 1302 523 campus
1329 475 1505 514 arenae,

126 538 271 593 Quod
295 540 441 587 modo
473 547 654 603 pontus
689 546 821 594 erat3
864 554 1092 601 quosque
1124 538 1279 584 altum
1317 542 1511 584 texerat

320 632 504 679 aequor,
560 676 563 678 .

125 691 364 740 Existunt
387 700 597 749 monteS,
624 701 675 740 et
698 708 894 756 sparsas
922 691 1174 755 Cycladas
1198 697 1398 752 augent.

125 769 232 817 Ima
249 777 427 833 petunt
444 770 607 834 pisces
625 788 636 827 ;
666 786 757 817 nec
778 786 831 817 se
850 785 999 832 super
1019 784 1219 832 aequora
1234 766 1369 814 curvi
1410 768 1506 812 265

121 846 315 894 Tollere
340 854 605 894 consuetas
631 847 816 894 audent
839 845 1100 909 delphines
1126 845 1175 890 in
1201 860 1360 892 auraS.

125 922 346 986 Corpora
369 925 640 987 phocarum
665 939 857 970 summo
882 922 1114 986 resupino
1142 920 1387 984 profundo

124 1000 420 1049 Exanimata
437 1003 634 1064 jacent:
664 1001 827 1064 ipsum
850 1016 1052 1063 quoque
1077 999 1242 1045 Nerea
1265 997 1398 1044 fama
1416 1003 1507 1050 est,

126 1077 431 1142 Doridaque,
459 1087 510 1126 et
535 1087 694 1135 natas,
720 1078 906 1142 tepidis
932 1076 1139 1123 latuisse
1166 1076 1261 1122 sub
1288 1074 1457 1121 antris.

124 1154 220 1201 Ter
244 1155 510 1219 Neptunus
536 1156 679 1219 aquis
701 1172 813 1203 cum
839 1162 976 1201 torvo
1002 1152 1205 1199 brachia
1228 1151 1365 1197 vultu
1412 1153 1509 1196 270

125 1230 342 1280 Exerere
367 1249 516 1280 ausus
542 1240 673 1280 erat:
714 1240 790 1280 ter
814 1247 911 1278 non
936 1230 1050 1277 tulit
1074 1228 1200 1276 aeris
1227 1234 1394 1274 aestus.

164 1412 238 1443 260.
262 1412 463 1454 Penetratque
478 1415 510 1443 in
525 1413 654 1443 Tartara
669 1412 778 1452 rimis]

121 1460 351 1492 Adumbratum
376 1462 434 1493 hoc
458 1473 496 1493 ex
520 1461 632 1503 virgil.
655 1461 782 1492 AEneid.

123 1509 188 1540 viii.
217 1511 400 1542 243—246.
428 1511 482 1542 ubi
512 1511 677 1542 dehiscens
703 1517 783 1541 terra

122 1559 254 1590 recludit
280 1570 375 1601 regna
406 1560 540 1602 pallida,
572 1562 784 1600 trepidantque

123 1610 247 1639 immisso
272 1610 384 1640 lumine
409 1610 525 1641 .Maues.
557 1610 648 1641 Idem
670 1610 784 1640 Noster

124 1658 236 1699 repetit
256 1670 286 1690 v.
306 1659 380 1690 356.
403 1659 453 1691 Cf.
476 1660 604 1690 Homer.
625 1659 665 1689 Il.
693 1662 725 1694 Υ,
742 1659 781 1689 61

123 1717 192 1749 sqq.
240 1709 413 1752 Conjugem,
445 1709 674 1751 Proserpinam,
705 1709 785 1739 infra

125 1756 250 1788 demum
265 1758 378 1800 rapiet.

166 1808 240 1838 264.
257 1807 426 1848 Existunt]
451 1807 489 1837 In
501 1812 702 1848 conspectum
714 1817 782 1848 pro-

125 1856 232 1892 deunt,
260 1862 421 1900 apparent,
450 1856 574 1898 propria
608 1855 638 1886 vi
676 1856 782 1895 verbi;

127 1905 195 1937 vide
224 1906 362 1937 Gronov.
388 1905 428 1936 ad
458 1905 524 1936 Liv.
548 1916 622 1935 xxv.
648 1906 700 1935 21.
746 1905 784 1935 In

124 1955 222 1986 fundo
236 1955 329 1986 maris
349 1954 439 1985 multi
459 1960 579 1986 montes
597 1961 737 1995 surgunt,
753 1961 784 1985 et

124 2004 231 2035 insulae
254 2005 298 2035 nil
321 2004 406 2035 aliud
430 2010 514 2040 sunt,
537 2003 597 2035 nisi
620 2004 784 2034 cacumina

125 2053 288 2085 montium.
316 2053 430 2085 Manil.
445 2053 476 2084 d.
492 2054 513 2084 l.
531 2053 683 2084 Emersere
687 2053 786 2095 fretis

127 2110 246 2139 montes,
283 2104 415 2144 orbisque
444 2113 498 2143 per
531 2105 630 2133 undas
667 2103 786 2133 Esiliit.

127 2152 240 2192 Sparsa>
255 2153 287 2184 h.
299 2152 321 2184 l.
339 2153 495 2194 Cyclades,
511 2162 693 2194 quanquam
714 2152 784 2192 Spo-

127 2205 222 2239 rades,
244 2202 265 2234 i.
276 2213 304 2234 e.
325 2212 438 2244 sparsae
461 2201 582 2237 insulae‚
605 2202 644 2232 ab
669 2201 716 2232 his
739 2201 785 2232 di—

126 2262 233 2282 versae.

169 2302 243 2332 265.
266 2301 330 2332 Nec
345 2312 374 2332 se
390 2312 477 2341 super
492 2312 620 2341 (equora,
634 2300 713 2340 etc.]
760 2300 787 2330 E

127 2350 269 2381 monstris
305 2350 431 2381 marinis
468 2356 567 2392 poetae
604 2350 787 2391 plerumque

126 2401 232 2439 plumas
246 2406 278 2431 et
291 2401 442 2440 delphinos
457 2404 710 2430 commemorant.
738 2399 788 2429 De

126 2450 286 2489 phocarum
301 2450 470 2489 corporibus
483 2449 619 2480 diximus
632 2448 672 2479 ad
682 2449 703 2478 i.
716 2449 789 2479 300.

131 2498 255 2539 Delphis
268 2499 421 2530 Veterum
443 2497 561 2529 Linneo
581 2497 696 2529 dicitur
715 2498 789 2527 Del-

128 2550 239 2588 phinus
255 2549 391 2588 Delphis,
407 2548 530 2579 Nostris
549 2550 602 2579 der
625 2547 788 2577 Tummler.

132 2598 237 2634 Curvi,
259 2598 298 2629 ob
323 2597 448 2628 dorsum
471 2597 654 2639 repandum.
675 2596 790 2627 Anacr.

131 2647 192 2678 Od.
207 2647 243 2678 li.
257 2649 296 2678 27
310 2659 317 2684 ;
332 2648 431 2688 χορὸς
444 2646 569 2689 ἰχθύων
581 2646 706 2687 κυρτός.
739 2647 794 2676 So-

130 2698 195 2728 lent
212 2702 318 2728 autem
333 2696 474 2739 delphini
494 2697 600 2727 crebro
617 2707 634 2726 e
650 2695 725 2726 mari
741 2706 795 2726 ex·

131 2746 211 2782 ilire,
240 2752 334 2787 atque
361 2752 505 2777 natantes
532 2745 683 2777 exultare.
714 2744 796 2775 unde

180 2796 279 2826 VOL.
304 2796 369 2826 III.

851 1418 1001 1459 χορευταὶ
1016 1422 1047 1447 et
1063 1416 1225 1447 saltatores
1240 1414 1395 1445 dicuntur.
1408 1413 1458 1444 Cf.
1470 1412 1514 1442 iii.

850 1467 913 1498 670
935 1477 1024 1508 sqq.;
1054 1465 1118 1496 vid.
1142 1465 1225 1496 Plin.
1247 1465 1289 1495 H.
1304 1465 1348 1494 N.
1370 1463 1412 1494 ix.
1428 1464 1458 1493 8.
1484 1468 1514 1492 et

850 1516 1005 1547 Mullerus
1021 1515 1060 1546 ad
1076 1514 1188 1545 Linnei
1203 1514 1346 1555 Systema
1360 1513 1438 1543 Nat.
1453 1518 1475 1542 t.
1491 1510 1512 1540 i.

848 1572 883 1607 p.
897 1567 970 1597 505.
994 1564 1101 1595 Jacere
1117 1563 1263 1594 dicuntur
1280 1562 1433 1593 cadavera
1448 1560 1514 1591 sine

851 1614 1013 1657 sepultura
1042 1614 1179 1655 abjecta,
1210 1618 1246 1643 ut
1273 1616 1377 1642 monet
1407 1611 1515 1641 Burm-

852 1664 941 1694 Idem
957 1669 1058 1705 putat,
1076 1668 1176 1692 totum
1193 1671 1277 1691 mare
1293 1659 1468 1694 evanuisse,
1485 1665 1516 1688 et

851 1724 995 1743 summum
1017 1712 1205 1753 prafundum
1228 1710 1367 1751 explicat
1389 1719 1516 1740 arenam

852 1773 914 1793 non
926 1762 1014 1804 aquis
1027 1767 1154 1797 tectam,
1167 1760 1222 1791 sed
1233 1760 1360 1790 siccam.
1374 1758 1515 1789 Fallitur.

850 1813 941 1843 Mare
957 1816 1151 1841 contractum
1171 1809 1263 1840 modo
1279 1817 1355 1844 erat,
1371 1814 1403 1838 et
1417 1807 1449 1837 in
1464 1818 1514 1838 su—

849 1860 975 1904 perficie
992 1870 1081 1901 aquae
1089 1860 1237 1899 jacebant
1249 1860 1419 1889 exanimata
1431 1869 1513 1887 resu—

848 1913 934 1951 pina,
945 1917 981 1940 ut
995 1909 1096 1940 solent
1111 1918 1239 1950 corpora
1252 1913 1371 1938 mortua
1386 1907 1418 1937 in
1434 1917 1516 1948 aqua

852 1966 970 1991 natare.

894 2009 966 2040 269.
993 2007 1138 2047 Dorida]
1188 2006 1309 2037 Oceani
1329 2011 1360 2036 et
1382 2004 1518 2046 Tethyos

852 2059 960 2094 filiam,
983 2056 1079 2088 Nerei
1104 2066 1242 2091 uxorem,
1265 2061 1396 2085 matrem
1417 2055 1518 2095 Nym-

853 2107 984 2149 pharum
1000 2105 1236 2136 maritimarum.
1275 2104 1336 2134 Sub
1347 2106 1455 2134 antris.
1479 2103 1518 2133 In

854 2155 961 2188 antris.
974 2155 1056 2187 Vide
1073 2154 1113 2185 ad
1129 2153 1150 2184 i.
1168 2154 1243 2184 689.
1288 2153 1326 2183 In
1346 2153 1441 2183 fundo
1463 2163 1518 2182 au-

854 2213 917 2237 tem
938 2205 1033 2235 maris
1055 2211 1145 2234 antra
1166 2203 1337 2243 finguntur,
1356 2201 1388 2232 in
1407 2201 1520 2243 quibus

855 2255 909 2285 Dii
925 2254 1036 2285 marini
1058 2252 1213 2283 habitant.
1258 2251 1382 2281 Primus
1400 2250 1517 2290 Neptu-

857 2315 911 2334 nus
933 2313 1059 2334 causam
1077 2301 1186 2332 mundi
1208 2310 1298 2341 agere
1320 2299 1428 2335 voluit,
1446 2299 1520 2340 quia

856 2354 950 2383 frater
965 2351 1063 2384 Jovis.
1113 2350 1223 2380 Torvus
1240 2348 1344 2379 vultus
1359 2348 1475 2390 passim
1491 2349 1520 2378 ei

859 2413 876 2432 a
891 2401 991 2443 poetis
1007 2399 1151 2429 tribuitur
1173 2404 1296 2440 propter
1316 2397 1409 2427 maris
1430 2404 1521 2427 natu-

858 2461 936 2481 ram.
984 2449 1076 2479 Nunc
1093 2448 1187 2478 etiam
1203 2447 1291 2478 dolor
1307 2457 1343 2476 ex
1361 2453 1439 2476 aestu
1452 2446 1520 2476 vul-

858 2506 923 2530 tum
940 2498 1127 2529 obducebat.

902 2548 975 2578 271.
1012 2546 1143 2576 Brachia
1192 2544 1336 2585 eierare]
1400 2544 1522 2585 Nempe

861 2596 970 2627 orandi
987 2606 1096 2626 causa.
1129 2594 1254 2625 Etenim
1270 2592 1442 2623 oratoribus
1457 2593 1522 2622 Ro-

862 2646 963 2677 manis
984 2645 1023 2675 ad
1045 2643 1213 2675 dicendum
1232 2641 1456 2684 prodeuntibus
1476 2652 1524 2672 so-

863 2697 954 2726 lenne
981 2700 1048 2725 erat
1074 2694 1226 2724 brachium
1246 2699 1327 2723 extra
1354 2698 1450 2733 togam
1476 2702 1523 2721 e]-

865 2756 955 2775 erere.
979 2745 1090 2774 Senec.
1108 2742 1215 2773 Contr.
1229 2753 1257 2771 v.
1271 2742 1301 2771 6.
1321 2741 1430 2778 Quint.
1442 2740 1483 2771 xi.
1495 2741 1526 2771 3.

996 2794 1021 2823 l)
