1763 3181
171 186 256 228 488
562 184 614 226 P.
644 183 857 225 OVIDII
891 183 1172 225 NASONIS

178 300 384 348 Scilicet
407 299 614 346 invictos
639 299 786 346 ambo
811 298 1081 346 certamine
1101 313 1277 345 cursus

178 376 305 424 Esse
327 376 466 424 Deus
491 375 673 432 voluit3
715 375 756 422 si
782 374 894 438 quis
922 375 1060 422 Deus
1087 374 1226 422 affuit
1250 373 1363 421 illis.

177 452 458 509 Hactenus;
480 459 530 499 et
544 451 716 499 tacuit.
747 450 967 498 “Jaculo
984 450 1118 514 quod
1134 451 1322 498 crimen
1336 450 1387 497 in
1402 449 1569 513 ipso?'’

177 528 378 575 Phocus
405 528 501 576 ait:
535 526 691 590 jaculi
717 527 787 574 sic
813 527 1020 574 crimina
1044 527 1261 574 reddidit
1283 527 1394 573 ille:
1473 529 1568 573 795

176 604 373 652 Gaudia
391 604 692 669 principium
715 605 871 651 nostri
888 611 1020 660 sunt,
1039 603 1227 660 Phoce,
1245 604 1443 651 doloris.

178 679 272 728 Illa
296 681 432 745 prius
457 680 693 728 referam:
729 682 869 743 juvat
890 680 945 727 o!
984 680 1272 727 meminisse
1295 679 1431 727 beati

179 759 458 821 Temporis,
479 758 702 814 AEacida,
731 774 831 820 quo
855 758 1041 821 primos
1067 757 1159 804 rite
1184 773 1273 820 per
1297 772 1453 803 annos

181 836 411 898 Conjuge
437 851 572 882 eram
597 834 743 882 felix!
782 834 902 881 felix
922 841 1029 882 erat
1053 834 1137 881 illa
1157 833 1359 880 marito!

180 912 363 960 Mutua
382 928 500 959 cura
524 912 666 968 duos,
694 919 745 959 et
765 927 902 959 amor
927 911 1123 958 socialis
1149 910 1384 957 habebat.

180 989 290 1037 Nec
314 988 344 1035 J
350 989 452 1036 ovis
478 989 562 1036 illa
586 1005 698 1036 meo
724 989 970 1035 thalamos
995 987 1253 1051 praeferret
1276 987 1458 1034 amori:

181 1066 291 1114 Nec
316 1081 396 1112 me
422 1081 534 1129 quae
559 1073 778 1130 caperet,
805 1081 904 1112 non
931 1065 972 1112 si
997 1064 1168 1112 Venus
1193 1064 1303 1127 ipsa
1322 1063 1528 1120 veniret,

182 1142 299 1190 Ulla
323 1149 456 1190 erat:
497 1143 717 1206 aequales
743 1143 956 1189 urebant
980 1148 1186 1205 pectora
1209 1141 1438 1188 flammae.

183 1219 302 1267 Sole
326 1219 428 1267 fere
452 1220 602 1267 radiis
623 1219 830 1267 feriente
855 1218 1118 1266 cacumina
1142 1217 1332 1282 primis,

180 1296 432 1344 Venatum
457 1296 507 1343 in
533 1296 679 1343 silvas
698 1295 988 1359 juveniliter
1011 1296 1081 1342 ire
1102 1295 1352 1343 solebam:
1456 1296 1576 1341 ‘805

185 1373 296 1422 Nec
317 1389 514 1420 mecum
535 1373 763 1429 famulos,
787 1389 878 1420 nec
899 1389 1073 1435 equos,
1098 1388 1190 1420 nec
1213 1372 1414 1420 naribus
1440 1387 1579 1419 acres

183 1450 264 1498 Ire
289 1467 455 1506 canes,
483 1466 575 1497 nec
601 1450 702 1497 lina
727 1451 870 1513 sequi
896 1451 1086 1497 nodosa
1111 1450 1366 1497 sinebam:

183 1527 343 1575 Tutus
369 1543 504 1575 eram
523 1528 721 1590 jaculo:
763 1528 851 1575 sed
877 1543 1033 1591 quum
1059 1527 1237 1575 satiata
1260 1527 1428 1575 ferinae

184 1604 410 1651 Dextera
432 1604 583 1651 caedis
609 1611 742 1661 erat3
771 1605 1061 1667 repetebam
1085 1604 1240 1667 frigus
1266 1612 1317 1652 et
1340 1605 1558 1660 umbras,

185 1680 267 1738 Et,
296 1697 407 1743 quae
434 1681 497 1727 de
522 1681 701 1743 gelidis
726 1682 930 1729 halabat
953 1682 1182 1738 vallibuS,
1210 1698 1396 1730 auram.
1482 1685 1578 1730 810

184 1757 322 1805 Aura
339 1759 604 1822 petebatur
628 1758 793 1806 medio
818 1759 937 1805 mihi
962 1759 1086 1807 lenis
1112 1759 1162 1806 in
1189 1766 1342 1817 aestu3

186 1835 374 1884 Auram
395 1836 755 1900 expectabam:
796 1836 996 1900 requies
1022 1843 1128 1884 erat
1150 1836 1234 1884 illa
1256 1836 1430 1884 labori.

1479 913 1576 957 800

230 1990 304 2021 792.
329 1989 460 2020 Invictos
487 1991 589 2027 ambo,·
615 1989 710 2031 Regii
739 1990 848 2025 nostri,

187 2040 293 2069 ambos.
319 2039 465 2080 Hyginus
479 2051 485 2068 :
502 2039 625 2078 Jupiter
638 2041 764 2076 nescius,
779 2042 850 2080 quid

177 2088 312 2129 faceret,
328 2094 362 2117 ut
379 2088 457 2118 Ister
479 2090 536 2123 ait,
554 2095 692 2128 utrosque
711 2095 746 2119 ut
773 2090 850 2128 tapi-

186 2138 236 2167 des
265 2139 425 2167 convertit.
472 2137 562 2167 Nihil
593 2137 702 2168 definit
731 2138 849 2169 Pausa-

190 2185 267 2221 nias,
283 2196 315 2227 p.
332 2186 405 2216 746.

232 2235 307 2265 794.
325 2235 411 2269 Quod
432 2237 571 2272 crimen5
595 2234 713 2276 respice
729 2234 769 2265 ad
784 2245 850 2265 ver.

191 2284 254 2314 690
269 2295 339 2325 sqq.

234 2333 310 2363 796.
329 2332 453 2363 Gaudia
467 2334 650 2372 prinprium
664 2334 793 2370 doloris,·
811 2333 855 2363 ita

192 2381 263 2412 Diis
300 2381 451 2422 placitum
488 2388 522 2412 ut
552 2381 706 2423 voluptati
742 2392 854 2413 moeror

192 2440 295 2460 comes
321 2435 541 2472 consequatur.
587 2430 638 2461 Sic
665 2431 798 2462 Plautus
821 2431 853 2461 in

917 1991 973 2022 sed
1001 1993 1187 2022 narrationis
1215 1996 1406 2032 sequeretur.
1452 1990 1505 2021 Ad
1531 2002 1580 2022 or-

918 2040 1024 2071 dinem
1053 2040 1240 2071 narrationis
1266 2040 1370 2081 potius
1406 2041 1461 2071 illa
1494 2043 1581 2080 prius

918 2089 1049 2130 referam
1063 2090 1233 2131 pertinent.
1281 2090 1393 2130 Itaque
1408 2096 1478 2120 sunt
1494 2100 1582 2120 revo-

919 2138 999 2169 cavi.
1047 2139 1130 2173 Ιίἱιε,
1154 2144 1189 2168 ut
1218 2138 1321 2169 decet.
1368 2139 1467 2170 Felix.
1497 2139 1579 2171 vide

919 2187 959 2217 ad
975 2197 1097 2217 versum
1116 2187 1190 2217 698.

963 2236 1035 2266 800.
1063 2235 1145 2265 Cura
1173 2241 1204 2266 et
1225 2234 1264 2265 de
1286 2245 1389 2266 amore
1413 2237 1581 2278 conjugum

923 2284 1301 2325 consanguineorumque,
1335 2291 1367 2314 ct
1403 2284 1442 2315 de
1479 2285 1584 2316 studio

921 2333 1068 2375 placendi
1085 2333 1211 2364 (licitur.
1257 2334 1352 2370 Duos,
1368 2335 1487 2365 ambos.
1530 2335 1582 2365 So-

922 2384 1018 2419 cialis,
1035 2382 1220 2424 conjugaliS.
1253 2383 1413 2424 Conjuges
1427 2385 1497 2415 socii
1515 2387 1584 2415 tori.

922 2431 1002 2462 Inde
1031 2437 1062 2461 et
1090 2434 1184 2462 socius
1221 2437 1315 2472 atque
1346 2433 1463 2463 socialis
1491 2444 1583 2464 arnor.

193 2479 433 2521 Amphyffione,
465 2486 497 2510 et
526 2490 619 2521 supra
649 2491 736 2512 versu
769 2481 852 2511 454:

193 2528 379 2568 Sollicitique
417 2529 534 2568 aliquid
571 2530 644 2558 latis
681 2530 854 2559 intervenit.

191 2576 298 2608 Tertia
320 2577 392 2608 inde
416 2587 488 2618 pars
511 2577 637 2614 fabulae,
654 2578 685 2607 in
702 2588 764 2618 qua
784 2584 858 2608 nota

194 2626 328 2657 affectus
347 2626 454 2658 animi.
498 2625 658 2662 Heinsius,
673 2637 690 2657 e
707 2626 857 2657 Cantabr.

195 2674 304 2706 Noric.
325 2681 356 2705 et
372 2674 494 2706 duobus
514 2675 593 2711 aliis,
608 2678 666 2706 sint
683 2675 855 2706 invexerat.

195 2723 234 2755 Id
261 2724 455 2766 probandum
478 2730 569 2762 esset,
595 2725 619 2756 si
650 2734 711 2755 non
737 2725 856 2759 doloris.

922 2480 973 2511 De
995 2481 1129 2516 habebat,
1154 2479 1224 2510 vide
1249 2480 1289 2510 ad
1312 2481 1386 2511 667.
1430 2482 1582 2521 AEquales,

924 2540 1033 2570 aequae.
1079 2529 1192 2559 Confer
1207 2528 1248 2560 iv.
1264 2529 1317 2559 62.

967 2579 1041 2609 804.
1072 2578 1137 2608 Sole
1158 2578 1242 2618 fere,
1272 2578 1351 2618 etc.]
1392 2578 1487 2609 Conf.
1514 2580 1583 2610 Art.

924 2628 1035 2658 Amat.
1059 2627 1104 2657 iii.
1127 2627 1309 2658 695-746.
1331 2627 1383 2658 ubi
1408 2627 1520 2658 eadem
1537 2637 1585 2659 res

925 2683 1063 2707 narrata.
1112 2676 1261 2707 Feriente.
1287 2676 1368 2707 Vide
1390 2676 1431 2707 ad
1450 2677 1494 2707 iii.
1513 2678 1584 2708 181.

925 2724 1123 2761 Juvenilitem
1142 2725 1245 2756 studio
1268 2725 1411 2766 juvenili.
1452 2726 1585 2756 Naribus
