1763 3181
429 169 1049 214 METAMORPHOSEON
1082 169 1200 210 LIB.
1235 168 1290 209 V.
1460 168 1545 209 343

163 297 193 315 “
219 289 439 344 Vincis‚”
474 288 556 343 ait,
601 293 630 311 “
659 287 876 343 Perseu;
933 301 1127 332 remove
1170 284 1272 331 fera
1307 289 1541 339 monstra,

358 373 557 429 tuaeque
1447 363 1543 407 216

165 444 407 491 Saxificos
431 443 613 497 vultUS,
641 456 954 504 quaecunque
980 456 1054 497 ea,
1082 440 1199 487 tolle
1225 439 1467 486 Medusae.

163 521 303 568 Tolle
329 536 504 585 precor
526 538 536 577 3
576 536 675 566 non
700 535 788 566 nos
812 518 997 573 odium,
1026 518 1225 579 regnive
1249 516 1432 580 cupido

166 597 422 661 Compulit
446 597 508 643 ad
532 596 746 643 bellum:
776 611 864 658 pro
890 595 1101 658 conjuge
1126 594 1367 640 movimus
1394 609 1545 641 arma.

166 675 334 722 Causa
347 674 441 721 fuit
461 673 646 721 meritis
666 673 838 721 melior
860 680 959 727 tua,
982 660 1207 735 tempore
1226 678 1422 718 nostra:
1451 675 1548 717 220

166 753 280 799 Non
306 751 518 799 cessisse
541 751 706 814 piget3
747 751 884 807 nihil,
912 766 940 797 o
964 749 1247 804 fortissime,
1275 756 1454 812 praeter

165 828 309 876 Hanc
335 828 549 876 animam
574 829 793 876 concede
818 827 967 876 mihi:
1007 834 1093 874 tua
1111 833 1280 874 cetera
1305 825 1499 872 sunto.''

165 906 306 954 Talia
329 907 531 962 dicenti,
557 923 722 969 neque
746 923 876 962 eum,
905 920 1056 968 quem
1079 920 1200 951 voce
1226 904 1448 965 rogabat,

168 983 440 1048 Respicere
481 984 700 1040 audenti,
752 990 783 1008 “
812 983 1008 1038 Quod,”
1051 983 1135 1039 ait,
1186 988 1216 1005 “
1240 979 1553 1028 timidissime

366 1060 576 1118 Phineu,
1455 1059 1552 1103 224

169 1137 237 1185 Et
260 1155 464 1202 possum
487 1139 736 1194 tribuisse,
761 1145 811 1186 et
835 1153 1073 1200 magnum
1097 1152 1276 1182 munus
1297 1134 1440 1182 inerti
1459 1139 1551 1190 est,

167 1215 307 1263 Pone
332 1224 539 1272 metum,
565 1216 806 1263 tribuam:
847 1215 980 1261 nullo
1004 1213 1252 1260 violabere
1275 1212 1418 1259 ferro.

170 1292 303 1347 Quin
328 1294 475 1341 etiam
500 1309 732 1340 mansura
756 1292 886 1339 dabo
911 1297 1234 1338 monumenta
1257 1305 1345 1353 per
1370 1305 1551 1345 aevum3

169 1369 331 1433 Inque
356 1370 502 1417 domo
528 1370 686 1418 soceri
711 1385 906 1433 semper
930 1369 1225 1433 spectabere
1251 1366 1421 1422 nostri,

172 1447 244 1494 Ut
266 1463 378 1495 mea
402 1464 455 1495 se
481 1448 650 1511 sponsi
672 1448 856 1495 soletur
881 1447 1097 1509 imagine
1122 1444 1356 1508 conjux.”
1459 1445 1555 1490 229

172 1525 342 1573 Dixit:
382 1533 432 1573 et
455 1526 504 1572 in
529 1533 720 1590 partem
746 1525 1068 1589 Phorcynida
1092 1522 1344 1570 transtulit
1368 1522 1519 1577 illam,

171 1601 251 1649 Ad
277 1619 427 1666 quam
453 1619 506 1650 se
529 1603 722 1666 trepido
749 1602 971 1649 Phineus
998 1602 1279 1648 obverterat
1302 1615 1401 1646 ore.

171 1679 312 1726 Tunc
339 1696 540 1743 quoque
565 1679 764 1726 conanti
790 1695 881 1726 sua
904 1679 1103 1726 flectere
1129 1677 1332 1732 lumina,
1359 1676 1526 1723 cervix

175 1757 408 1820 Diriguit,
427 1773 650 1821 saxoque
670 1758 924 1804 oculorum
939 1756 1159 1803 induruit
1177 1756 1368 1801 humor.
1398 1754 1555 1817 [plex,

174 1834 277 1882 Sed
299 1842 468 1882 tamen
487 1851 541 1882 os
562 1834 806 1890 timidum,
829 1834 1093 1896 vultusque
1114 1833 1163 1879 in
1183 1847 1424 1879 marmore
1443 1847 1558 1894 sup-

176 1911 551 1975 Submissaeque
576 1929 767 1969 manus,
795 1912 1050 1976 faciesque
1071 1910 1287 1959 obnoxia
1310 1908 1511 1956 mansit.

175 2105 271 2136 quum
291 2096 523 2138 obstupefactus
546 2096 657 2138 pedem
680 2102 760 2128 retro
775 2096 833 2128 ser-

174 2149 230 2180 ret,
253 2145 448 2187 vultumque,
472 2156 511 2176 ne
538 2151 721 2182 mutaretur,
747 2157 833 2177 aver-

173 2198 263 2224 teret.
309 2194 389 2224 Fero.
412 2201 554 2230 monstra,
575 2196 699 2236 κεφαλὴ
721 2194 834 2226 δεινοῖο

175 2243 338 2284 πελώρου,
366 2244 405 2274 ΙΙ.
433 2248 469 2275 Ε.
496 2245 570 2274 741.
616 2245 774 2284 διηίῄειιε,
803 2245 836 2276 in

175 2301 284 2322 saxum
304 2299 486 2323 convertens
500 2305 508 2331 ;
531 2304 589 2323 vox
607 2294 646 2324 ab
661 2294 786 2330 Ovidio,
802 2300 837 2325 ut

174 2341 308 2378 videtur,
317 2342 401 2373 facta
410 2343 449 2373 ad
461 2343 590 2373 formam
599 2345 656 2374 τοῦ
667 2345 838 2384 vulnificus.

219 2392 293 2422 221.
319 2391 386 2422 Non
410 2394 522 2423 cessisse
542 2392 657 2434 piget]
706 2394 772 2426 Me.
792 2393 837 2424 in-

177 2440 244 2481 quit
265 2441 414 2478 Phineus,
430 2442 565 2484 poenitet
587 2442 643 2472 tibi
666 2442 831 2473 Androme-

176 2488 248 2519 dam
275 2500 337 2520 non
362 2490 546 2532 permisisse.
605 2491 692 2521 Nihil
718 2497 836 2530 praeter,

177 2544 237 2570 etc.
273 2540 349 2570 AEu.
373 2539 430 2570 xii.
456 2543 520 2571 sine
548 2541 626 2570 hanc
652 2542 782 2570 animum
810 2547 837 2570 et

175 2590 312 2619 miserere
324 2591 485 2629 precantis.

218 2640 294 2670 225.
318 2639 360 2669 Et
368 2651 483 2679 possum
496 2641 644 2676 tribuisse,
657 2640 734 2680 etc]
753 2641 835 2670 Leu-

177 2689 241 2719 zius
256 2688 448 2730 interpungit
461 2695 530 2731 post
542 2700 657 2729 possum
670 2701 679 2726 ‚·
701 2690 837 2719 tribuisse

179 2743 281 2768 autem
303 2738 465 2779 conjungit
488 2748 559 2769 cum
574 2748 640 2779 seq.
655 2748 835 2779 quanquam

901 2108 963 2128 non
991 2102 1096 2137 negat,
1127 2096 1262 2126 tribuisse
1291 2104 1381 2136 posse
1409 2093 1478 2136 capi
1509 2104 1564 2135 pro

903 2147 1044 2177 tribuere.
1095 2145 1164 2175 Hoc
1194 2144 1272 2174 forte
1301 2143 1423 2174 melius.
1454 2143 1565 2173 Horat.

903 2195 996 2226 A.P.
1018 2200 1132 2234 poteras
1157 2195 1272 2228 (luisse,
1299 2191 1412 2222 dicere.
1458 2192 1497 2221 Et
1520 2190 1565 2222 ita

903 2243 1031 2286 passim.
1083 2243 1124 2272 Ut
1144 2253 1206 2272 mea
1228 2253 1255 2271 se
1277 2242 1382 2281 sponsi,
1397 2245 1460 2270 etc.
1505 2240 1565 2270 Te-

904 2303 988 2322 mere
1017 2292 1076 2322 hoc
1107 2290 1269 2328 additum3
1299 2289 1414 2320 etenim
1439 2288 1563 2319 Andro-

905 2342 997 2372 meda
1027 2351 1096 2370 mox
1127 2340 1325 2381 relinquebat
1352 2349 1423 2369 cum
1454 2339 1566 2369 Perseo

905 2397 1067 2432 paternam
1084 2389 1223 2420 domum.

948 2441 1022 2471 230.
1047 2438 1259 2478 Phor-citima]
1298 2437 1480 2478 Phorcynis,
1496 2437 1567 2467 Me-

905 2489 984 2519 dusa
999 2488 1110 2519 Phorci
1127 2487 1201 2518 filia.

948 2539 1022 2569 235.
1046 2538 1208 2572 Submissoe,
1233 2536 1399 2577 supplices.
1445 2533 1566 2570 Cicero,

905 2599 959 2629 pro
974 2588 1085 2618 Planc.
1104 2589 1142 2618 10
1157 2600 1163 2617 2
1190 2586 1325 2616 tribubus
1340 2596 1384 2615 me
1400 2585 1517 2614 submisi
1541 2590 1569 2613 et

905 2639 1083 2678 supplicari.
1145 2636 1293 2666 obnoxius
1323 2644 1405 2664 nunc
1437 2632 1571 2675 proprie,

905 2687 957 2729 qui
971 2687 1115 2717 conscius
1128 2685 1186 2716 sibi
1201 2684 1292 2715 malae
1305 2683 1348 2714 rei
1361 2682 1445 2714 cedit
1459 2681 1548 2713 alteri
1561 2702 1568 2720 ·.

906 2736 971 2767 vid.
988 2734 1077 2766 Parei
1094 2734 1201 2765 Lexic.
1220 2732 1288 2764 crit.
1304 2732 1373 2763 hoc.
1388 2743 1418 2762 v.
