1763 3181
396 179 1019 222 METAMORPHOSEON
1053 179 1173 220 LIB.
1197 179 1260 220 II.

140 294 315 352 Haesit,
340 302 390 343 et
413 296 606 360 accepti
631 296 827 344 caluere
853 295 946 342 sub
972 293 1168 341 ossibus
1191 295 1348 357 ignes.

1434 181 1519 222 177

1420 298 1518 342 410

141 372 256 419 Non
280 380 385 420 erat
406 373 553 436 hujus
579 389 703 437 opus
728 373 893 420 lanam
918 371 1109 419 mollire
1132 371 1375 419 trahendo
1398 390 1409 428 ;

140 448 188 495 N
193 465 249 496 ec
273 449 439 514 positu
463 451 650 498 variare
675 465 871 497 comas:
911 448 996 495 ubi
1021 448 1176 496 fibula
1198 456 1407 504 vestem,

140 525 279 574 Vitta
301 534 590 575 coercuerat
613 528 868 590 neglectos
895 526 1009 574 alba
1032 526 1256 589 capillos,

1368 528 1521 588 [cum‚

145 601 212 650 Et
235 604 381 651 modo
402 604 522 652 laeve
546 620 695 651 manu
713 605 953 667 jaculum,
970 603 1119 664 modo
1144 611 1425 667 sumpserat
1449 619 1522 651 ar-

143 679 292 728 Miles
318 689 425 729 erat
448 681 693 738 Phoebes3
723 697 816 728 nec
837 680 1088 728 Maenalon
1108 680 1274 743 attigit
1293 681 1393 728 ulla
1427 684 1524 728 415

144 756 344 805 Gratior
367 759 459 806 hac
485 758 687 807 Triviae:
716 759 805 806 sed
830 758 965 805 nulla
987 757 1213 822 potentia
1235 759 1385 821 longa
1409 766 1501 806 est.

144 834 363 882 Ulterius
383 836 547 883 medio
569 836 782 900 spatium
808 835 881 883 sol
906 836 1038 883 altus
1063 836 1308 893 habebat3

143 909 310 965 Quum
335 913 469 960 subit
488 913 573 962 illa
596 930 788 970 nemus,
808 913 943 977 quod
959 914 1096 961 nulla
1115 913 1366 961 ceciderat
1384 920 1521 961 aetas.

142 1104 242 1136 fecere
256 1105 418 1143 Eumelus,
434 1107 563 1139 Hesiod.
581 1107 717 1138 Pausan.
731 1107 798 1148 Hy-

140 1153 205 1195 gin.
235 1159 267 1185 et
293 1162 400 1187 auctor
421 1167 566 1187 versuum
595 1158 798 1194 ereticorum,

142 1213 220 1244 quos
243 1203 297 1235 ille
326 1204 447 1236 laudat.
496 1205 562 1236 Alii
593 1206 699 1237 aliter:
728 1205 800 1237 vide

143 1251 294 1294 Apollod.

186 1303 260 1333 410.
283 1304 406 1344 Accepti
436 1315 499 1335 non
530 1310 577 1336 est
606 1305 801 1337 mutandum.

144 1351 258 1392 virgil.
274 1353 404 1384 AEneid.
417 1353 483 1384 viii.
499 1355 562 1386 389
578 1367 583 1385 :
610 1355 662 1385 ille
685 1362 803 1395 repente

145 1401 266 1441 Accepit
281 1403 572 1445 solitamflammam.
618 1405 690 1441 Sub,
707 1405 749 1436 in.

187 1452 369 1484 411—416.
399 1453 469 1484 Non
498 1460 563 1484 erat
599 1455 690 1494 hujus
721 1467 802 1496 opus,

143 1500 221 1541 etc.]
253 1501 403 1543 Apollod.
431 1502 594 1545 σύνθηρος
619 1503 804 1547 Ἀρτέμιδος

143 1551 209 1589 τήν
237 1551 344 1591 αὐτὴν
367 1552 468 1595 ἐκείνῃ
497 1554 623 1592 στολὴν
650 1556 803 1596 φοροῦσα.

143 1600 213 1631 Hoc
238 1601 358 1633 ornavit
379 1602 507 1639 Noster,
523 1603 618 1634 etiam
638 1614 694 1645 per
716 1614 802 1635 com-

143 1650 335 1692 parationem
369 1663 440 1684 eum
467 1652 596 1684 aliarum
626 1654 803 1695 puellarum

144 1699 269 1731 studiis.
306 1701 359 1734 Cf.
376 1701 439 1733 xiv.
454 1703 517 1733 264
533 1713 602 1744 sqq.
630 1702 743 1734 Verbis
759 1704 803 1733 la-

144 1761 215 1780 nam
232 1751 348 1782 mollire
371 1752 516 1782 trahendo
536 1751 721 1782 describitur
737 1762 804 1783 car-

143 1799 284 1831 minafio.
328 1801 487 1843 Manipuli
519 1801 600 1831 lanae
636 1800 721 1832 rudis
749 1812 806 1843 per

144 1848 385 1881 instrumentum
411 1850 568 1891 quoddam
591 1850 726 1881 ferreum
742 1855 804 1881 tra-

145 1897 272 1935 huntur,
299 1904 335 1929 ut
361 1909 381 1930 a
410 1899 552 1930 sordibus
578 1904 748 1941 purgentur
774 1905 806 1930 et

145 1947 346 1994 mollescant:
374 1947 445 1979 vide
466 1947 617 1990 Scaliger.
638 1948 679 1978 ad
700 1947 806 1980 Tibul.

146 1995 174 2026 I.
190 1996 234 2026 vi.
251 1998 304 2028 80.

188 2046 262 2077 412.
288 2047 393 2077 Positu
416 2047 536 2077 variare
558 2046 681 2087 comas]
708 2046 805 2078 Varia

146 2095 369 2137 compositione
384 2106 492 2127 ornare
507 2095 647 2138 capillos,
662 2096 805 2127 solebant

146 2144 304 2187 Nymphae
319 2145 415 2177 amori
429 2145 640 2187 indulgentes.
681 2145 804 2177 Medic.

147 2195 223 2225 Fac.
247 2195 304 2225 19:
343 2195 441 2226 Vultis
471 2197 605 2226 odoratos
626 2196 726 2234 positu.
752 2207 804 2226 va-

146 2245 229 2274 riare
253 2244 384 2284 capillos.
428 2244 480 2274 De
497 2244 588 2275 verbo
606 2255 726 2284 ponere,
741 2243 805 2275 vid.

148 2291 189 2323 ad
204 2291 226 2322 i.
240 2293 315 2324 477.
356 2293 519 2334 Ubifilmza
535 2299 650 2329 vestem,
667 2298 730 2324 etc.
766 2293 805 2324 In

148 2340 255 2372 multis
269 2341 488 2384 manuscriptis
509 2342 596 2373 locus
615 2341 738 2373 auctius
760 2341 805 2372 sic

149 2389 281 2431 legitur:
306 2393 357 2422 ubi
369 2391 473 2432 fibula
491 2397 598 2422 vestem
618 2392 804 2427 strinxerat,

149 2441 276 2470 eminuit
295 2451 401 2481 corpus
415 2442 557 2481 juvenile
582 2442 750 2482 decorque,·
774 2440 807 2471 in

149 2488 263 2530 quibus
272 2499 398 2521 manum
407 2490 542 2522 alienam
553 2489 646 2521 facile
655 2490 808 2531 agnoscis.

193 2539 266 2570 413.
290 2539 480 2577 coercuerat,
493 2540 673 2582 collegerat.
697 2539 809 2570 Fibula¹

150 2588 318 2630 constringi
343 2589 464 2621 solebat
496 2592 594 2626 vestis,
623 2601 686 2631 qua
721 2589 809 2620 brevi

151 2638 318 2669 utebantur
346 2644 506 2675 venantes,
532 2639 584 2670 vel
613 2639 645 2669 in
674 2638 810 2669 humeris

151 2686 202 2718 vel
223 2686 307 2719 circa
327 2694 451 2729 pectus.
496 2688 548 2719 De
569 2690 652 2719 vittis
669 2688 740 2718 vide
767 2687 807 2719 ad

150 2736 171 2767 i.
200 2736 273 2769 477.
326 2737 491 2779 Neglectns,
519 2737 746 2780 incompositos,
775 2737 807 2768 in

868 1107 983 1138 nodum
1009 1106 1203 1148 negligenter
1222 1106 1380 1142 collectos,
1403 1117 1441 1137 ne
1466 1106 1529 1138 dis-

867 1156 948 1198 persi
966 1156 1112 1198 jacerent
1132 1156 1165 1186 in
1190 1155 1338 1187 humeris.
1383 1156 1480 1192 Loeve,
1497 1163 1531 1187 ut

868 1204 944 1236 alibi
961 1207 1067 1236 {echitis
1083 1216 1182 1236 arcus.
1213 1204 1390 1237 Cf.aute1n.
1416 1206 1530 1247 virgil.

868 1255 998 1286 :Eneirh
1017 1256 1037 1286 i.
1051 1255 1113 1286 318
1130 1265 1201 1297 sqq.
1219 1267 1225 1285 :
1253 1255 1389 1296 Namque
1402 1256 1531 1287 humeris

869 1307 905 1337 de
934 1317 1010 1336 more
1040 1306 1166 1336 habilem
1194 1307 1387 1345 suspenderat
1415 1317 1531 1343 arcum,

870 1360 932 1386 etc.
971 1356 1062 1386 Miles
1079 1355 1210 1391 Phffibes,
1228 1355 1368 1386 venatrix
1383 1361 1414 1386 et
1430 1366 1534 1387 comes

871 1404 994 1441 Dianae‚
1011 1411 1045 1436 ut
1066 1404 1180 1435 Peneis
1202 1403 1225 1434 i.
1246 1405 1308 1435 475
1331 1415 1401 1446 sqq.
1424 1410 1456 1435 et
1475 1406 1532 1446 Sy-

871 1454 952 1490 rinx,
975 1465 1041 1485 ver.
1066 1455 1129 1485 694
1156 1464 1226 1495 sqq.
1270 1455 1400 1496 Propter
1424 1453 1532 1484 simili-

871 1503 1012 1534 tudinem
1036 1502 1112 1533 belli
1136 1508 1168 1532 et
1195 1508 1339 1538 venatus,
1364 1502 1478 1533 milites
1503 1508 1533 1533 et

871 1559 1034 1583 venatores
1062 1551 1143 1582 inter
1175 1561 1208 1582 se
1241 1557 1472 1592 comparantur,
1503 1557 1534 1583 et

870 1601 1020 1643 pleraque
1036 1600 1191 1631 vocabula
1206 1600 1345 1641 utrisque
1361 1606 1434 1630 sunt
1449 1610 1532 1630 com-

871 1651 990 1682 munia.
1035 1650 1146 1681 Horat.
1160 1649 1187 1680 Ι.
1204 1651 1263 1692 Ep.
1277 1649 1312 1680 ii.
1329 1650 1382 1680 67.
1402 1652 1534 1680 militare

872 1699 910 1731 de
926 1710 1003 1730 cane
1019 1699 1175 1730 venatico.

915 1751 989 1780 416.
1016 1749 1152 1789 Triviam]
1172 1748 1279 1779 Diana
1297 1747 1535 1790 T1·i1·ia‚praeses

872 1798 1043 1835 triviorum,
1069 1808 1140 1840 quae
1161 1796 1269 1828 venari
1294 1797 1416 1828 solebat
1439 1797 1534 1828 etiam

871 1846 904 1878 in
921 1848 1064 1884 Maenalo,
1081 1847 1119 1878 de
1136 1858 1198 1888 quo
1210 1846 1250 1877 ad
1265 1845 1286 1876 i.
1297 1847 1371 1877 216.
1397 1846 1534 1878 Gratim·-

872 1897 990 1939 Hygin.
1006 1897 1043 1928 P.
1059 1897 1099 1927 A.
1113 1896 1146 1927 d.
1163 1896 1187 1927 l.
1211 1906 1249 1927 ex
1272 1895 1422 1931 Hesiodo,
1438 1908 1454 1926 a
1475 1907 1535 1936 qua

874 1958 931 1977 non
954 1949 1144 1978 mediocriter
1169 1956 1226 1976 esse
1251 1946 1390 1976 dilectam
1414 1952 1536 1985 propter

872 1999 1030 2037 utriusque
1038 1996 1216 2027 consimilem
1229 2002 1387 2031 naturum3
1397 1995 1442 2025 II.
1452 1995 1536 2025 Fast.

876 2046 949 2076 157.
996 2045 1104 2077 Diana
1134 2055 1216 2081 eam,
1244 2050 1409 2086 postquam
1431 2044 1537 2085 jurata

873 2101 1054 2137 perpetuam
1091 2093 1302 2136 virginitatem
1344 2093 1535 2135 promiserat,

873 2144 1045 2186 principem
1076 2143 1154 2175 facit
1181 2144 1342 2174 comitum.
1391 2143 1537 2185 Sequitur

874 2193 1030 2225 sententia
1046 2204 1131 2229 vera,
1146 2192 1230 2223 unde
1244 2192 1342 2223 lector
1356 2191 1476 2223 exitum
1491 2192 1535 2223 rei

874 2242 1014 2274 divinare
1039 2247 1155 2285 potest.
1196 2241 1254 2272 Est
1275 2247 1380 2272 autem
1398 2243 1535 2281 potentia

873 2292 984 2335 gratia,
1000 2303 1063 2334 qua
1077 2292 1219 2322 valemus
1234 2290 1318 2333 apud
1334 2290 1423 2321 alios.

919 2343 994 2373 417.
1025 2342 1160 2372 Ulterius
1175 2342 1270 2371 medio
1284 2342 1412 2380 spatium
1425 2341 1466 2371 sol
1482 2341 1535 2371 ha-

874 2393 980 2429 belum·
1014 2391 1081 2433 jam
1109 2389 1272 2422 meridiem
1299 2389 1534 2431 pertransierat.

876 2441 996 2472 Habere
1017 2442 1157 2480 spatium,
1179 2439 1260 2470 illud
1286 2450 1446 2471 emensum
1468 2450 1535 2470 esse

876 2501 989 2529 cursu;
1012 2490 1060 2520 Π.
1087 2490 1174 2520 Fast.
1200 2489 1278 2519 164:
1307 2490 1371 2519 Aut
1393 2490 1463 2529 plus
1481 2496 1535 2519 aut

875 2542 1006 2571 medium
1022 2541 1082 2571 sole
1097 2546 1214 2570 tenente
1229 2541 1318 2570 diem.
1344 2539 1461 2569 Bmm.
1497 2539 1536 2570 In

875 2589 972 2620 sacris
993 2588 1170 2620 nemoribus
1187 2594 1218 2619 et
1233 2587 1364 2618 vetustis
1382 2597 1443 2617 non
1458 2587 1535 2618 lice-

876 2638 932 2668 bat
948 2638 1072 2668 arbores
1087 2637 1217 2668 caedere.
1256 2636 1308 2667 Cf.
1326 2635 1370 2665 iii.
1384 2637 1425 2667 28
1439 2648 1448 2675 ς
1470 2635 1535 2668 viii.

875 2688 937 2718 329
952 2699 960 2726 3
982 2687 1044 2718 IV.
1063 2688 1148 2718 Fast.
1166 2688 1241 2718 649.
1276 2685 1354 2716 Tale
1370 2685 1465 2726 igitur
1480 2696 1534 2717 ne-

874 2747 943 2768 mus
959 2736 1088 2767 densum
1105 2742 1149 2767 est
1164 2742 1195 2766 et
1207 2736 1395 2766 umbrosum.
