1763 3181
429 174 1049 217 METAMORPHOSEON
1082 175 1202 217 LIB.
1234 175 1291 217 V.

1453 176 1536 217 351

161 290 326 338 Pallas
345 289 441 347 ait;
470 291 784 354 nemorisque
804 289 898 337 levi
917 290 1143 338 consedit
1157 290 1207 337 in
1227 292 1416 338 umbra.
1443 294 1540 338 336

162 366 312 415 Musa
336 367 510 416 refert:
542 367 787 415 Dedimus
814 384 1057 415 summam
1082 368 1364 416 certaminis
1385 368 1519 415 uni.’'

162 443 346 506 Surgit,
373 451 423 492 et
446 444 693 492 immissos
718 445 903 492 hedera
923 445 1134 493 collecta
1157 445 1362 509 capillos

162 520 388 584 Calliope
410 522 641 584 querulas
666 528 931 585 praetentat
954 522 1135 585 pollice
1160 522 1368 569 chordas
1387 541 1398 580 ;

157 596 327 660 Atque
351 598 457 644 haec
482 598 730 662 percussis
756 598 1013 663 subjungit
1036 598 1257 646 carmina
1281 598 1442 646 nervis
1462 615 1472 646 :

225 673 395 721 Prima
416 674 570 723 Ceres
594 691 721 722 unco
747 675 918 737 glebas
942 674 1150 724 dimovit
1172 681 1354 732 aratro3

1445 677 1537 721 341

161 749 330 798 Prima
352 750 491 798 dedit
514 750 696 814 fruges,
724 751 1062 814 alimentaque
1086 751 1225 798 mitia
1247 751 1418 808 terris3

159 827 328 875 Prima
351 828 488 876 dedit
511 829 648 891 leges
666 845 676 877 ε

719 829 916 877 Cereris
942 843 1112 875 sumus
1138 828 1303 875 omnia
1326 845 1537 885 munus;

158 904 254 952 Illa
273 906 497 953 canenda
514 906 633 953 mihi
652 913 755 953 est:
784 906 974 953 utinam
989 906 1135 953 modo
1154 906 1319 954 dicere
1340 922 1540 970 possem

161 983 394 1031 Carmina
411 983 562 1046 digna
583 983 726 1031 Deae!
753 991 887 1032 certe
904 983 1014 1031 Dea
1033 984 1250 1033 carmine
1269 983 1421 1046 digna
1445 990 1537 1031 est.

158 1150 246 1180 bant.
279 1150 412 1187 Plinius,
424 1151 469 1182 ΙΙ.
479 1150 581 1193 Epist.
598 1151 642 1183 iii.
658 1152 689 1182 2.
703 1153 815 1193 surgit,

161 1201 315 1230 amicitur.
346 1200 493 1231 Similiter
511 1206 543 1231 et
567 1211 650 1231 nunc
674 1201 816 1243 Calliope

159 1247 279 1280 decoris
298 1259 405 1285 causa,
419 1250 540 1289 capillos
556 1249 652 1290 (quos
671 1249 817 1280 mulieres

158 1296 242 1328 domi
256 1297 401 1328 sedentes
418 1299 556 1328 immissos
571 1297 603 1328 in
619 1298 744 1334 faciem,
762 1304 817 1329 aut

155 1356 278 1388 sparsos
291 1357 346 1388 per
360 1346 503 1378 humeros
523 1353 554 1378 et
573 1347 746 1378 defluentes
760 1347 816 1378 ha-

157 1395 285 1433 bebant,
300 1396 341 1428 vi.
359 1398 418 1428 168
431 1409 440 1436 ;
463 1403 494 1428 et
518 1397 610 1428 Trist.
630 1397 657 1428 Ι.
675 1397 722 1429 iii.
739 1398 813 1438 43.)

157 1447 286 1488 colligit,
313 1457 374 1477 non
404 1447 483 1477 nodo
513 1453 566 1478 aut
594 1446 736 1484 reticulo,
761 1448 816 1479 sed

157 1495 277 1532 hedera,
300 1495 462 1527 doctarum
482 1495 631 1527 frontium
653 1507 816 1528 ornamen-

157 1550 200 1581 to,
211 1555 272 1586 quo
287 1551 320 1576 et
332 1551 432 1587 poetae
448 1545 586 1576 coronari
599 1546 711 1577 solent.
734 1546 816 1577 Con-

158 1594 204 1625 fer
228 1594 340 1625 Horat.
366 1595 394 1626 Ι.
418 1594 481 1626 Od.
505 1594 529 1625 i.
550 1596 602 1626 29.
648 1595 817 1626 Praetentat

157 1644 290 1680 chordas,
329 1649 401 1675 ante
439 1649 567 1676 cantum
608 1643 668 1674 oris
702 1645 817 1686 pulsat,

157 1693 315 1734 praeludit‚
337 1693 563 1735 ἀνακρούεται,
578 1692 816 1734 ἀναβάλλεται,

156 1752 240 1774 more
252 1742 508 1774 citharoedorum.
547 1743 712 1774 Retentare
727 1743 814 1774 chor-

158 1791 225 1828 das,
262 1803 355 1834 supra
386 1793 458 1824 117.
514 1793 656 1827 Querulae
693 1798 817 1834 propter

156 1840 282 1872 mollem
305 1852 426 1873 sonum.
473 1841 610 1876 Querula
636 1842 720 1878 tibia,
748 1842 816 1872 Ho-

156 1895 214 1922 rat.
227 1890 292 1922 ΙΙΙ.
305 1891 368 1924 Od.
383 1891 436 1922 vii.
453 1891 504 1921 30.

200 1941 275 1972 341.
299 1941 440 1982 Hymnus
462 1941 558 1971 Musae
584 1940 719 1972 Cererem
742 1941 815 1971 cele-

157 1991 246 2021 brans
273 1990 409 2031 pertinet
437 1989 478 2020 ad
503 1999 626 2020 versum
652 1989 734 2027 6613
761 1989 817 2020 sed

156 2049 228 2081 pars
248 2039 315 2081 ejus
329 2038 511 2080 gravissima
526 2039 644 2078 Raptus
661 2038 817 2078 Proserpi-

157 2099 213 2123 nae,
229 2087 279 2118 cui
298 2093 430 2128 quatuor
445 2087 707 2129 metamorphoses
722 2086 818 2118 inser-

157 2143 209 2172 tae,
236 2136 275 2168 ad
301 2147 425 2167 versum
447 2137 520 2167 571.
564 2137 642 2167 Haec
668 2135 776 2168 fabula
800 2146 819 2167 a

156 2185 309 2228 plurimis,
322 2185 374 2216 sed
390 2195 505 2227 magna
515 2185 675 2221 varietate,
686 2190 820 2216 tractata

156 2241 216 2266 est.
261 2236 359 2266 Juxta
369 2236 508 2265 Marmor
521 2234 643 2266 Arund.
654 2234 677 2265 i.
691 2235 741 2265 14.
752 2234 819 2276 jam

158 2285 216 2314 sub
238 2284 412 2315 Erechtheo
438 2283 564 2325 aliquis,
592 2283 681 2325 cujus
705 2293 819 2314 nomen

157 2333 295 2364 deletum
320 2338 378 2369 est,
401 2343 526 2364 carmen
551 2332 591 2363 de
625 2343 662 2364 ea
695 2343 818 2374 compo-

156 2382 230 2414 suit.
276 2383 365 2414 Idem
390 2383 518 2417 fecerat,
541 2387 576 2413 ut
599 2392 616 2413 e
638 2383 776 2413 Pausan.
798 2382 819 2412 i.

158 2433 210 2463 39.
222 2437 362 2474 apparet,
373 2431 544 2473 Pamphus.
590 2431 708 2462 Ordine
718 2431 817 2461 relata

156 2487 203 2512 est
226 2480 259 2511 in
272 2480 399 2513 Homeri
423 2480 538 2521 hymno
561 2479 592 2510 in
613 2480 769 2515 Cererem,
786 2485 818 2510 et

157 2529 311 2571 copiosius
328 2530 423 2561 etiam
441 2530 552 2560 seriore
573 2534 666 2560 aetate
687 2539 706 2559 a
720 2529 816 2560 Clau-

158 2578 251 2610 diano
278 2578 431 2620 peculiari
465 2577 504 2609 de
534 2578 642 2620 Raptu
671 2578 816 2619 Proserp-

158 2628 316 2660 carmine.
350 2628 494 2659 Breviter
504 2638 574 2658 eam
587 2627 745 2668 attingunt
758 2627 817 2657 Or-

160 2678 259 2732 pheus
279 2676 311 2707 in
326 2676 444 2718 Argon.
462 2678 544 2707 1189
559 2687 629 2718 sqq.
645 2676 771 2707 callim.
786 2675 818 2706 h.

159 2727 192 2758 in
215 2726 319 2758 Cerer.
333 2727 452 2757 5—17.
470 2726 519 2758 Cf.
535 2732 566 2757 et
588 2725 736 2768 Apollod.
752 2725 772 2756 i.
788 2727 818 2755 5

884 1151 938 1193 qui
967 1152 1030 1183 fere
1060 1152 1167 1194 hymn.
1196 1150 1354 1182 Homeric.
1383 1149 1544 1192 sequitur;

884 1201 1004 1243 Hygin.
1021 1202 1084 1232 fab.
1098 1202 1178 1240 1463
1198 1201 1316 1231 Arnob.
1329 1199 1400 1231 adv.
1412 1200 1544 1235 Gentes,

883 1262 913 1281 v.
936 1261 967 1292 p.
995 1251 1053 1281 173
1080 1261 1149 1291 sqq.
1186 1251 1299 1281 Denuo
1330 1249 1447 1279 Nost'er
1475 1258 1545 1279 eam

885 1299 1040 1335 tractavit,
1051 1300 1136 1331 Fast.
1147 1299 1189 1330 iv.
1201 1299 1264 1330 339
1279 1309 1348 1340 sqq.
1393 1299 1548 1339 Expressa

884 1348 1021 1390 denique
1043 1355 1110 1379 erat
1130 1348 1162 1379 in
1182 1347 1289 1378 multis
1311 1347 1445 1378 nummis
1464 1346 1548 1377 aliis-

885 1408 945 1438 que
965 1396 1184 1428 monumentis.
1229 1396 1399 1439 Spanhem.
1416 1396 1457 1427 ad
1473 1396 1546 1427 Cal-

883 1445 1064 1482 limachum,
1094 1448 1126 1477 9.
1179 1446 1285 1476 Prima
1316 1445 1413 1481 Ceres,
1443 1449 1505 1475 etc.
1530 1454 1547 1475 e

884 1494 999 1536 virgil.
1025 1495 1142 1536 Georg.
1165 1495 1187 1525 i.
1214 1495 1295 1524 147:
1331 1493 1438 1525 Prima
1461 1494 1548 1524 Ceres

873 1543 966 1585 ferro
981 1545 1118 1574 mortales
1134 1550 1248 1574 vertere
1263 1549 1376 1573 terram
1391 1542 1546 1573 Instituit.

885 1593 976 1624 Conf.
992 1593 1106 1623 Noster
1126 1592 1235 1623 Amor.
1252 1592 1297 1623 iii.
1319 1593 1376 1630 10;
1399 1592 1485 1623 Fast.
1505 1591 1548 1624 iv.

885 1643 958 1673 401.
1006 1642 1150 1678 Dimovit,
1161 1641 1331 1678 dimovere,
1342 1640 1374 1671 id
1389 1647 1447 1677 est,
1460 1651 1547 1672 arare

884 1691 1027 1722 instituit.
1085 1692 1243 1721 Dinzovere
1287 1697 1399 1721 terram
1440 1690 1547 1727 etiam,

885 1740 1001 1781 Georg.
1023 1739 1055 1770 ii.
1080 1741 1154 1770 513.
1202 1739 1308 1775 Mitia,
1333 1740 1429 1775 culta,
1450 1750 1548 1781 quum

885 1795 978 1820 antea
996 1789 1163 1831 glandibus
1179 1794 1378 1820 vescerentur
1396 1788 1548 1820 homines.

885 1839 975 1874 Mite,
1005 1838 1127 1882 proprie
1157 1838 1196 1869 de
1223 1838 1366 1879 frugibus
1393 1837 1486 1868 cultis
1515 1843 1548 1868 et

883 1888 1093 1919 maturitatem
1106 1887 1317 1928 consequutis.
1362 1887 1480 1923 Sumus,
1493 1897 1548 1928 pro

884 1937 1004 1979 vulgari
1018 1944 1102 1973 sunt,
1115 1948 1154 1968 ex
1170 1936 1422 1978 Berneggeriano
1439 1942 1470 1967 et
1482 1947 1545 1968 uno

883 1986 1126 2028 Hamburgensi,
1143 1986 1196 2028 qui
1211 1997 1266 2027 pro
1280 1986 1403 2016 diversa
1413 1986 1546 2017 lectione

883 2036 989 2073 habet,
1014 2036 1130 2078 recepit
1151 2042 1183 2066 et
1207 2035 1375 2066 illustravit
1398 2033 1547 2065 Heinsius

885 2086 938 2128 qui
960 2085 1070 2116 laudat
1093 2087 1186 2116 Pont.
1202 2085 1229 2115 Ι.
1244 2085 1293 2115 El.
1314 2084 1335 2115 i.
1350 2094 1474 2124 quorum
1496 2094 1546 2113 su-

884 2147 949 2166 mus
964 2138 1073 2171 omnia,
1090 2140 1122 2165 et
1143 2134 1224 2165 infra
1239 2146 1270 2165 x.
1284 2135 1336 2165 32.
1351 2135 1449 2163 omnia
1464 2133 1547 2162 debe-

884 2196 955 2215 mur
974 2186 1062 2221 vobis,
1075 2184 1130 2215 ubi
1150 2184 1221 2214 vide
1240 2189 1341 2214 notas.
1385 2182 1447 2212 Sed
1470 2192 1545 2222 quo-

886 2234 970 2265 niam
985 2246 1039 2265 nos
1055 2234 1113 2275 ipsi
1129 2233 1186 2263 hoc
1202 2233 1270 2264 loco
1286 2242 1348 2262 non
1362 2231 1394 2261 in
1409 2229 1471 2260 illis
1486 2242 1543 2260 om-

886 2286 972 2314 nibus
983 2294 1100 2317 sumus,
1108 2287 1270 2324 propterea
1279 2280 1452 2322 praeserrem
1463 2286 1547 2314 sunt,

886 2332 946 2362 nisi
965 2332 1063 2362 altera
1081 2330 1175 2361 lectio
1198 2329 1317 2360 doctior
1338 2333 1430 2363 esset,
1451 2338 1547 2368 quam

886 2388 921 2411 ut
933 2392 948 2411 a
962 2380 1086 2411 librario
1098 2379 1250 2422 proficisci
1263 2378 1407 2421 potuerit.
1437 2377 1545 2408 Codex

886 2430 1006 2471 Regius
1024 2430 1055 2460 A
1074 2429 1169 2459 habet
1190 2434 1284 2466 snnt3
1306 2427 1413 2459 Codex
1438 2427 1478 2461 B,
1496 2437 1546 2456 sn-

884 2490 959 2509 mus.
1006 2479 1144 2515 Mzmus‚·
1175 2477 1249 2508 hinc
1278 2477 1421 2517 munifica
1450 2475 1550 2508 dieta.

885 2529 925 2558 Et
940 2528 1087 2569 quoniam
1106 2526 1296 2567 agricultura
1310 2532 1356 2556 est
1370 2524 1466 2555 veluti
1482 2534 1548 2554 ma-

884 2584 930 2608 ter
960 2579 1057 2618 legum
1087 2575 1237 2610 civilium,
1261 2581 1424 2616 propterea
1452 2573 1548 2604 Ceres

886 2627 981 2657 etiam
999 2625 1137 2666 legifera,
1150 2623 1353 2665 θεσμοφόρος.

928 2675 1002 2705 345.
1027 2674 1126 2714 Deae.]
1155 2672 1303 2703 Heinsius
1325 2670 1445 2702 monuit
1466 2670 1547 2700 hant:

888 2735 994 2756 vocem
1017 2734 1104 2766 posse
1127 2722 1230 2753 referri
1253 2721 1292 2753 ad
1307 2724 1425 2757 dicere,·
1449 2719 1547 2751 idem-
