1763 3181
241 170 327 212 402
645 173 695 214 Ρ.
728 173 941 217 OVIDII
975 173 1254 217 NASONIS

243 288 467 345 Restitit,
494 296 545 337 et
569 289 766 353 pavido,
796 290 984 338 Faveas
1009 290 1146 348 mihi,
1167 307 1416 339 murmure
1439 292 1566 339 dixit

245 366 363 414 Dux
389 383 556 423 meus;
598 374 649 415 et
673 368 836 423 simili,
866 368 1069 424 Faveas,
1091 385 1184 432 ego
1210 385 1460 417 murmure
1484 369 1606 417 dixi.

242 444 510 500 Naiadum,
539 444 762 492 Faunine
786 444 911 492 foret
934 453 1101 493 tamen
1123 462 1206 493 ara
1232 447 1483 509 rogabam,

242 521 564 585 Indigenaene
581 522 674 569 Dei
694 541 704 579 ;
735 539 888 586 quum
915 523 1036 570 talia
1059 523 1277 571 reddidit
1294 524 1476 588 hospes
1496 540 1505 570 :
1534 526 1631 570 330

241 607 272 625 “
302 600 417 647 Non
441 601 551 657 hac,
572 617 601 648 o
621 602 834 663 juveniS,
853 608 1141 648 montanum
1162 617 1346 649 numen
1367 601 1416 647 in
1437 616 1520 648 ara
1535 608 1628 648 est.

240 678 335 725 Illa
359 695 499 726 suam
523 686 668 726 vocat
685 679 830 735 hanc,
857 679 937 726 cui
963 679 1216 743 quondam
1240 679 1375 741 regia
1398 677 1427 724 J
1433 694 1530 725 uno

239 756 429 804 Orbem
454 757 737 814 interdixit3
778 773 928 820 quam
952 758 1037 804 vix
1061 757 1271 805 erratica
1297 756 1450 803 Delos

239 834 482 882 Orantem
507 834 718 898 accepit,
744 840 851 881 turn
876 850 1031 897 quum
1059 833 1180 881 levis
1206 833 1367 880 insula
1390 833 1560 880 nabat.

236 911 362 967 Illic,
390 913 683 959 incumbens
708 927 821 959 cum
849 911 1069 958 Palladis
1094 911 1268 958 arbore
1293 910 1487 973 palmae,
1531 913 1627 957 335

238 988 411 1037 Edidit
434 989 588 1036 invita
613 989 838 1052 geminos
866 987 1056 1036 Latona
1080 1003 1308 1035 noverca.

236 1066 369 1114 Hinc
396 1083 598 1131 quoque
622 1066 651 1113 J
657 1082 871 1113 unonem
894 1065 1082 1128 fugisse
1106 1080 1351 1128 puerpera
1371 1063 1540 1119 fertur,

235 1144 398 1208 Inque
423 1162 512 1192 suo
536 1145 766 1208 portasse
786 1144 911 1200 sinu,
938 1144 1037 1191 duo
1058 1143 1276 1198 numina,
1297 1150 1468 1190 natos:

233 1222 451 1285 Jamque
469 1221 839 1277 Chimaeriferae,
861 1237 1015 1285 quum
1034 1221 1107 1268 sol
1134 1221 1294 1283 gravis
1310 1226 1476 1267 ureret
1495 1235 1624 1275 arva,

236 1300 441 1347 Finibus
467 1300 517 1346 in
543 1299 726 1363 Lyciae,
753 1300 900 1362 longo
927 1299 1038 1348 Dea
1059 1299 1192 1348 fessa
1215 1299 1381 1346 labore

235 1460 304 1486 tant
316 1454 412 1491 venti,
428 1460 463 1485 ut
478 1454 511 1485 ii.
527 1456 601 1486 875.
621 1456 754 1486 tremulae
768 1457 896 1486 sinuan-

235 1505 424 1546 turflamine
441 1511 538 1536 vestes.

279 1555 354 1585 327.
380 1554 541 1591 Resistere,
570 1553 749 1590 consistere,
780 1555 896 1585 subsis-

232 1609 309 1634 tere.
361 1603 445 1634 Vide
481 1603 691 1634 Schwarzium
725 1603 765 1634 ad
801 1604 896 1634 Plinii

234 1654 354 1694 Paneg.
377 1665 410 1683 x.
438 1654 470 1683 4.
519 1653 646 1689 Pavido,
673 1653 896 1684 convenienter

235 1703 356 1734 dictum
370 1702 512 1743 religioni
528 1713 734 1744 paganorum,
745 1703 799 1744 qui
816 1710 895 1734 metu

233 1758 266 1784 et
283 1763 393 1792 pavore
419 1752 505 1783 Deos
529 1752 688 1783 colebant.
734 1753 784 1783 De
810 1764 894 1783 mur-

232 1814 331 1838 mure,
352 1802 423 1832 vide
450 1801 492 1832 ad
511 1812 634 1832 versum
659 1803 734 1832 203.
781 1802 895 1833 Faveas

232 1858 265 1884 et
283 1854 431 1892 propitius
450 1854 488 1882 sis
505 1851 646 1881 sormulae
666 1851 810 1882 solennes
825 1863 894 1894 pre·

234 1902 377 1934 cationis.

277 1952 351 1982 330.
368 1951 530 1992 Indigena.
547 1950 691 1991 χθόνιος,
714 1949 806 1980 homo
826 1951 893 1992 ejus

234 2007 323 2032 terrae
345 2007 467 2043 propter
483 2000 594 2031 merita
614 2001 694 2031 inter
712 2000 797 2030 Deos
812 2001 892 2031 rela-

232 2057 293 2087 tus,
318 2051 470 2092 Deusque
496 2057 584 2081 terrae
609 2049 751 2080 tutelaris
781 2050 892 2080 factus.

234 2100 268 2131 Is
288 2102 464 2141 indigetari,
479 2098 618 2130 invocari
637 2109 691 2140 pro
711 2098 819 2140 patriae
842 2109 891 2129 sa-

231 2149 309 2186 lute,
325 2149 500 2179 dicebatur.
549 2148 706 2183 Reddidit,
724 2147 892 2189 respondit,

233 2205 267 2230 ut
282 2208 386 2240 supra.
433 2198 613 2228 Montanum
637 2209 767 2234 numen‚·
791 2197 893 2238 qualis

233 2254 280 2280 est
296 2249 434 2279 Faunus.

277 2297 352 2328 333.
388 2297 494 2327 Orbem
531 2295 674 2326 revocavi
708 2295 891 2326 auctoritate

231 2346 434 2389 plurimorum
458 2346 548 2376 MSS.
565 2352 596 2376 et
615 2345 718 2376 Schol.
733 2345 804 2376 MS.
837 2346 891 2376 Se-

232 2406 300 2427 nec.
316 2395 356 2426 ad
372 2395 485 2435 Agam.
501 2395 560 2425 371
578 2407 584 2424 :
611 2405 744 2435 namque
765 2396 891 2425 interdi-

231 2456 297 2477 cere
325 2451 356 2475 et
380 2445 592 2475 accusativum
623 2444 806 2485 adjunctum
833 2444 891 2474 sibi

233 2494 340 2525 habet.
388 2493 531 2524 Erratiea
550 2494 659 2530 Del‹1s,·
685 2493 755 2524 vide
771 2493 811 2523 ad
824 2504 891 2524 ver-

231 2554 300 2575 sum
321 2543 389 2573 190.
435 2542 550 2573 Confer
571 2542 697 2573 Callim.
712 2541 743 2572 h.
759 2542 834 2573 Del.
849 2544 891 2573 36

230 2603 303 2634 sqq.
336 2592 479 2623 Orantem
490 2599 592 2634 potest
607 2591 757 2634 explicari
773 2602 810 2622 ex
825 2592 890 2623 110-

230 2641 308 2672 meri
330 2641 446 2683 hymno
475 2641 514 2671 ad
538 2640 645 2682 Apoll.
665 2642 701 2672 51
730 2651 799 2682 sqq.
850 2642 891 2672 Et

230 2690 353 2722 videtur
369 2690 398 2721 h.
413 2690 434 2720 l.
449 2700 515 2722 esse
530 2690 766 2732 significantius.
802 2690 890 2721 Schi-

229 2738 353 2771 rachius
382 2744 487 2770 tamen
511 2749 582 2770 cum
611 2739 755 2770 Pontano
782 2739 890 2770 mallet

1529 1300 1625 1344 340

964 1463 1128 1492 errantem,
1141 1466 1224 1487 more
1236 1454 1405 1486 Ovidiano.
1429 1455 1531 1485 Etiam
1546 1455 1624 1486 Lac—

964 1505 1093 1541 tantius,
1113 1506 1145 1536 in
1169 1506 1369 1547 ArgumeutO,
1391 1511 1539 1535 errantem
1558 1515 1624 1536 me-

964 1561 1085 1593 morat;
1107 1561 1137 1585 et
1162 1555 1201 1585 ab
1227 1556 1378 1585 erroribus
1400 1560 1476 1585 nota
1497 1554 1624 1586 Latona.

964 1604 1079 1636 Confer
1098 1606 1169 1635 190.

1006 1655 1081 1685 335.
1099 1655 1235 1684 Palmam
1251 1653 1349 1684 solam
1369 1659 1543 1684 memorant
1557 1653 1622 1684 Ho-

963 1714 1076 1740 merus,
1099 1703 1213 1744 hymno
1237 1702 1343 1744 Apoll.
1367 1703 1450 1741 117;
1473 1702 1623 1734 Callima-

962 1752 1051 1788 chus,
1078 1753 1109 1783 h.
1135 1752 1209 1783 Del.
1225 1753 1308 1782 210:
1334 1752 1389 1782 sed
1412 1752 1519 1794 Eurip.
1540 1752 1622 1784 Hec.

963 1804 1037 1834 458.
1054 1802 1155 1833 oleam
1169 1803 1327 1843 (Palladis
1342 1802 1491 1841 arborem)
1508 1807 1539 1832 et
1553 1803 1620 1833 lau-

961 1863 1046 1883 ream
1075 1852 1176 1882 addit.
1223 1852 1304 1883 Cum
1327 1852 1441 1882 Nostro
1467 1851 1622 1883 consentit

960 1902 1067 1933 Sobel:
1090 1902 1182 1932 Hom.
1200 1901 1240 1932 ad
1259 1901 1300 1931 Il.
1323 1905 1363 1932 A.
1378 1902 1409 1931 9.
1433 1901 1622 1932 Plutarchus

961 1961 1044 1986 vero,
1070 1951 1102 1981 in
1125 1950 1233 1992 Pelop.
1256 1961 1287 1991 p.
1308 1950 1384 1980 286.
1411 1949 1516 1985 tradit,
1541 1950 1620 1981 duos

960 1999 1061 2031 sontes
1075 2010 1142 2031 esse
1158 2000 1190 2030 in
1213 1999 1315 2037 Delo;
1339 2010 1470 2040 quorum
1488 2000 1620 2030 alterum

960 2049 1115 2084 Palmam,
1132 2049 1263 2080 alterum
1285 2049 1397 2079 oleam
1419 2048 1548 2087 dicant;
1572 2048 1619 2080 in-

960 2105 1006 2130 ter
1029 2099 1095 2135 hos,
1120 2109 1181 2129 non
1205 2098 1286 2129 inter
1311 2099 1447 2135 arbores,
1463 2099 1619 2141 peperisse

960 2149 1125 2179 Latonam.

1004 2198 1078 2228 339.
1110 2198 1248 2227 Chimaeri
1265 2196 1317 2227 ’era
1347 2202 1474 2227 vocatur
1509 2196 1618 2237 Lycia,

961 2246 1036 2287 quia
1058 2246 1101 2276 ibi
1119 2246 1275 2281 Chimzfru,
1296 2256 1384 2275 mous
1408 2245 1619 2276 indesinenter

960 2294 1062 2335 ignem
1079 2305 1217 2325 vomens.
1251 2294 1334 2325 Plin.
1349 2294 1381 2324 ii.
1400 2293 1471 2325 106.
1515 2293 1576 2324 Sed
1599 2304 1618 2324 a

959 2342 1058 2383 poetis
1086 2341 1271 2372 describitur
1303 2346 1337 2371 ut
1368 2349 1536 2374 monstrum
1563 2343 1617 2374 tri·

960 2391 1067 2427 forme,
1097 2397 1193 2433 caput
1221 2390 1330 2426 leonis,
1360 2401 1470 2433 corpus
1498 2402 1614 2434 caprae,

959 2441 1094 2472 caudam
1120 2440 1264 2472 draconis
1294 2440 1422 2476 habens,
1452 2447 1484 2471 et
1511 2441 1614 2483 ignem

959 2489 1102 2521 faucibus
1129 2500 1294 2521 evomens:
1326 2491 1452 2521 Lucret.
1477 2501 1509 2521 v.
1540 2492 1617 2523 902.

958 2539 988 2570 A
1020 2540 1165 2570 Chimaera
1194 2546 1297 2571 autem
1327 2540 1425 2581 Lycia
1449 2540 1482 2570 in
1508 2541 1615 2582 primis

958 2588 1032 2619 olim
1061 2588 1282 2625 memorabilis,
1313 2595 1347 2619 ut
1374 2599 1391 2620 e
1420 2589 1614 2632 Geograpbis

959 2645 1097 2680 apparet.
1131 2638 1180 2668 Sol
1193 2640 1305 2681 gravis,
1321 2638 1360 2668 de
1375 2645 1462 2669 aestu.
1500 2639 1612 2674 Siccus,

957 2688 1072 2723 aridus,
1086 2693 1118 2718 et
1133 2686 1282 2724 αὐαλέος,
1299 2687 1338 2718 de
1352 2686 1486 2718 sitiente.
1519 2688 1612 2718 coui-

954 2747 1024 2777 gere
1039 2738 1128 2774 sitim,
1144 2742 1178 2768 ut
1190 2747 1219 2768 v.
1235 2737 1311 2768 446.
