1729 3207
278 214 366 255 DE
399 213 615 255 OPERE
648 213 1301 257 METAMORPHOSEON.
1379 220 1483 260 xxix

98 327 298 369 euntibus
320 327 534 383 leguntur,
555 343 661 383 quas
687 328 869 382 primum
894 328 1080 383 singulas
1105 331 1304 380 ostendit,
1327 331 1483 373 deinde

99 421 242 448 omnes
263 407 472 448 communi
495 405 826 461 metamorphosi
851 406 1157 461 complectitur.
1221 408 1333 455 Quae
1354 409 1483 463 paulo

97 491 195 526 ante
228 485 281 526 de
309 485 422 526 saxis
451 485 554 534 dixi,
583 500 634 527 ea
665 491 708 526 et
737 485 792 526 de
820 500 932 539 aqua
951 485 1106 527 valent,
1169 486 1257 528 Sed
1282 488 1324 528 in
1354 487 1484 542 hujus

96 578 266 619 quoque
301 564 554 606 uniformem
589 572 785 606 naturam
818 566 1075 606 mutationes
1109 566 1292 607 suaviter
1325 574 1481 606 narrat.

102 642 261 698 Cyane,
283 659 321 684 v.
343 643 427 685 428
442 660 451 684 :

355 754 528 800 Quarum
548 755 674 792 fuerat
692 768 871 805 magnum
890 754 1000 792 modo
1018 768 1174 799 numen,
1193 756 1234 792 in
1254 754 1338 793 illas

251 817 500 856 Extenuatur
519 832 657 869 aquas:
688 818 827 856 molliri
846 819 1016 856 membra
1034 818 1196 863 videres,

249 881 347 919 Ossa
364 882 445 932 pati
466 881 601 926 flexus,
621 895 768 932 ungues
786 881 954 932 posuisse
972 881 1156 931 rigorem:

249 943 452 994 Primaque
471 943 518 981 de
537 951 618 982 tota
635 943 859 982 tenuissima
877 957 1036 994 quaeque
1055 943 1284 994 liquescunt,

249 1007 413 1046 Caerulei
426 1007 560 1052 crines,
576 1007 775 1058 digitique,
796 1014 834 1045 et
854 1020 974 1051 crura,
988 1006 1182 1057 pedesque
1197 1022 1208 1051 3

248 1069 353 1108 Nam
371 1071 496 1109 brevis
514 1071 554 1107 in
573 1070 717 1121 gelidas
737 1070 916 1108 membris
936 1070 1098 1108 exilibus
1117 1070 1239 1107 undas

249 1132 450 1172 Transitus
469 1142 548 1172 est:
576 1140 660 1185 post
679 1135 759 1172 haec
778 1141 1018 1185 tergumque,
1038 1134 1275 1184 humerique,
1296 1134 1483 1185 latusque,

249 1195 482 1247 Pectoraque
500 1198 541 1234 in
559 1205 695 1236 tenues
714 1198 856 1236 abeunt
874 1197 1034 1236 evanida
1051 1197 1160 1236 rivos.

246 1259 425 1310 Denique
443 1273 510 1311 pro
529 1261 615 1298 vivo
633 1261 787 1300 vitiatas
806 1262 990 1312 sanguine
1009 1274 1123 1299 venas

245 1322 423 1373 Lympha
441 1323 555 1368 subit,
576 1330 770 1375 restatque
790 1324 899 1370 nihil,
920 1324 1021 1375 quod
1041 1323 1227 1374 prendere
1245 1325 1374 1375 possis.

92 1433 217 1477 Tolle
246 1436 378 1478 verba
409 1436 525 1477 Nam
561 1437 986 1479 brevis—Transitus
1020 1445 1095 1487 est,
1129 1439 1285 1493 quibus
1317 1439 1483 1479 minime

91 1530 198 1570 opus
219 1522 325 1565 erat,
347 1514 573 1570 etreliqua
592 1516 797 1571 praeclare
820 1532 863 1558 se
885 1517 1061 1558 habent.
1115 1517 1299 1566 Rursus,
1322 1533 1359 1557 v.
1384 1518 1480 1558 632.

91 1593 305 1635 Arethusa
325 1595 379 1636 de
401 1609 468 1635 se:

245 1699 419 1751 Occupat
438 1701 603 1738 obsessos
623 1701 735 1739 sudor
754 1701 847 1738 mihi
866 1701 1030 1752 frigidus
1049 1709 1166 1746 artus,

244 1763 500 1814 Caeruleaeque
518 1764 659 1802 cadunt
678 1772 758 1803 toto
777 1765 824 1803 de
844 1779 994 1815 corpore
1013 1772 1133 1815 guttae
1147 1780 1159 1810 3

247 1826 410 1877 Quaque
428 1827 563 1877 pedem
582 1827 695 1872 movi,
715 1834 844 1865 manat
863 1827 979 1872 locus,
1000 1841 1096 1878 eque
1116 1827 1262 1878 capillis

247 1889 325 1927 Ros
345 1889 459 1927 cadit.

87 1991 308 2033 Interdum
335 1991 538 2033 nonnulla
566 1991 676 2032 fiunt
704 1992 814 2032 inter
838 1993 1129 2042 mutationem,
1155 1998 1230 2032 aut
1259 1991 1481 2047 proferun-

88 2077 158 2112 tur
177 2071 232 2111 ab
258 2071 322 2121 iis,
344 2086 450 2126 quos
477 2070 611 2112 fatum
637 2070 745 2112 illud
772 2073 989 2127 opprimit,
1011 2079 1059 2113 ut
1082 2072 1134 2112 iv.
1159 2072 1242 2112 575
1263 2086 1354 2126 sqq.
1379 2072 1480 2112 dum

90 2150 276 2192 Cadmus
303 2157 346 2192 et
370 2150 606 2191 Harmonia
630 2156 850 2205 serpentes
876 2150 1007 2201 fiunt3
1040 2157 1082 2191 et
1103 2151 1160 2190 ix.
1179 2150 1278 2199 355,
1303 2149 1480 2203 Dryope

88 2230 227 2272 arbor.
281 2230 390 2272 Sunt
414 2231 541 2271 etiam
561 2229 734 2279 fabulae,
756 2231 799 2271 in
821 2231 976 2285 quibus
996 2231 1200 2271 transitus
1220 2230 1311 2284 ipse
1332 2230 1479 2284 paucis

88 2317 358 2361 memoratur,
381 2311 457 2352 sed
478 2310 776 2366 descriptionis
796 2309 890 2352 loco
907 2309 1168 2364 comparatio
1189 2309 1374 2350 additur.
1428 2308 1477 2348 Id

88 2388 212 2443 quale
233 2390 301 2440 sit,
322 2404 377 2430 ex
396 2390 454 2430 ix.
477 2389 652 2439 &zm-25,
674 2397 719 2431 et
738 2390 837 2440 266,
859 2388 1133 2443 intelligitur:

243 2528 375 2579 thue
393 2541 511 2566 novus
528 2540 696 2578 serpenS‚
715 2528 837 2579 posita
856 2541 943 2565 cum
961 2527 1062 2578 pelle
1081 2534 1243 2571 senecta,

242 2591 457 2630 Luxuriare
475 2591 583 2636 solet,
604 2605 834 2642 squamaque
852 2591 974 2628 virere
993 2589 1137 2628 recenti
1152 2605 1164 2635 ,-

245 2653 309 2692 Sic
327 2654 394 2693 ubi
411 2654 588 2692 mortales
608 2653 838 2705 Tirynthius
857 2652 964 2691 exuit
984 2659 1102 2696 artus,

243 2716 359 2755 Parte
377 2717 435 2755 sui
453 2716 607 2755 meliore
624 2717 742 2767 viget,
762 2715 955 2766 majorque
974 2714 1095 2752 videri

244 2779 386 2831 Coepit,
404 2787 444 2818 et
463 2787 624 2831 augusta
642 2780 725 2818 fieri
743 2779 931 2830 gravitate
949 2777 1147 2816 verendus.
