1763 3181
387 195 1010 238 METAMORPHOSEON
1042 194 1162 236 LIB.
1187 195 1279 236 III.
1439 197 1525 239 225

140 310 246 358 Hos
263 326 463 374 quoque
473 312 577 374 jam
592 311 824 373 juvenes:
850 310 955 365 sed,
975 310 1183 366 scilicet,
1201 310 1375 357 ultima
1395 327 1522 358 sem-

138 387 468 451 Expectanda
487 387 594 435 dies
609 387 797 434 homini
817 407 828 446 ;
852 388 1052 451 dicique
1068 389 1247 435 beatus
1299 389 1410 452 [per
1431 391 1521 436 135

137 464 271 512 Ante
295 466 484 513 obitum
509 482 654 513 nemo
673 481 1006 529 supremaque
1031 465 1206 513 funera
1228 465 1396 513 debet.

139 542 308 589 Prima
331 558 486 606 nepos
512 542 639 590 inter
663 549 738 589 tot
762 558 840 589 res
864 542 970 598 tibi,
1002 542 1209 599 Cadme,
1237 543 1484 589 secundas

140 619 308 666 Causa
331 619 423 666 fuit
446 620 637 677 luctus;
679 619 941 682 alienaque
967 635 1153 666 cornua
1177 619 1325 666 fronti

139 695 339 752 Addita,
365 712 555 759 vosque
580 712 729 743 canes
756 695 948 743 satiatae
975 696 1214 758 sanguine
1239 696 1398 743 herili.
1433 698 1524 743 140

140 773 211 819 At
235 774 362 821 bene
388 773 428 820 si
449 789 672 836 quaeras;
703 773 932 821 Fortunae
959 773 1145 821 crimen
1172 773 1221 820 in
1247 774 1346 829 illo,
1386 774 1528 835 [batC‘

142 849 258 897 Non
280 851 441 898 scelus
461 851 681 899 invenies
700 869 710 908 3
740 852 875 914 quod
892 852 1024 898 enim
1045 852 1207 899 scelus
1229 867 1360 898 error
1376 851 1526 898 habe-

208 926 356 974 Mons
382 935 502 985 erat,
528 928 740 976 infectus
765 928 1007 975 variarum
1033 929 1170 975 caede
1195 927 1435 975 ferarum:

140 1002 357 1067 Jamque
381 1005 488 1053 dies
513 1022 677 1053 rerum
701 1005 890 1053 medias
917 1012 1235 1052 contraxerat
1260 1005 1488 1061 umbras;

143 1080 209 1129 Et
235 1081 321 1129 Sol
347 1098 410 1129 ex
435 1099 578 1146 aequo
603 1090 738 1130 meta
761 1082 981 1129 distabat
1005 1091 1218 1145 utraque
1241 1100 1251 1139 ;
1436 1084 1526 1128 145

143 1157 310 1212 Quum
328 1159 526 1221 juvenis
550 1159 747 1223 placido
773 1175 861 1222 per
886 1158 1029 1206 devia
1052 1159 1209 1205 lustra
1232 1164 1472 1220 vagantes

143 1234 421 1301 Participes
446 1253 652 1301 operum
678 1236 949 1300 compellat
976 1235 1225 1299 Hyantius
1246 1250 1328 1282 ore
1352 1252 1362 1283 :

138 1368 254 1401 Troad.
275 1370 433 1400 ver.5lO:
463 1373 531 1401 τῶν
554 1369 579 1401 δ’
602 1368 801 1412 εὐδαιμόνων

142 1416 278 1456 Μηδένα
304 1418 440 1461 νομίζετ’
463 1419 626 1461 εὐτυχεῖν,
652 1420 735 1461 πρὶν
758 1420 802 1452 ἂν

141 1466 235 1509 Θάνῃ.
281 1467 331 1499 Cf.
352 1466 503 1499 Androm.
526 1479 590 1499 ver.
609 1470 669 1500 100
682 1481 690 1507 ;
714 1468 801 1511 Iphi-

140 1527 213 1557 gen.
248 1516 359 1548 Aulid.
388 1518 462 1548 161.
500 1518 626 1549 Laudat
663 1525 801 1549 nostrum

141 1565 245 1596 locum
261 1566 408 1598 Lactant.
425 1567 477 1598 Ira
490 1567 564 1603 Dei,
576 1578 628 1599 xx.
642 1569 673 1598 2.
697 1569 803 1604 Quum

132 1615 238 1655 funus
261 1627 430 1656 supremum
453 1627 536 1658 saepe
560 1622 713 1653 occurrat,
733 1617 803 1648 vide

143 1664 328 1705 Heinsium;
352 1677 614 1710 supervacaneam
632 1672 708 1708 puto
732 1667 804 1698 Lin-

141 1714 251 1745 denbr.
273 1715 484 1757 conjecturam
507 1726 644 1755 suprema
668 1727 804 1753 munera,

143 1774 323 1805 quanquam
345 1774 415 1794 eam
438 1769 470 1795 et
491 1764 648 1795 Brouckh.
667 1764 707 1795 ad
730 1765 804 1796 Por-

141 1805 220 1855 per't.
235 1814 262 1844 Ι.
277 1813 352 1846 xvii.
366 1815 421 1845 23.
436 1815 558 1856 probat.

190 1863 262 1894 138.
279 1864 416 1904 Prima.]
444 1864 558 1894 Postea
579 1863 684 1906 plures
699 1874 805 1895 acces-

143 1923 223 1949 sere,
238 1912 310 1943 hinc
325 1913 367 1944 iv.
384 1914 457 1944 563.
474 1912 588 1944 dicitur
609 1914 695 1944 luctu
715 1916 803 1944 serie-

143 1973 199 2003 que
213 1963 360 1993 malorum
380 1964 489 1993 victus.
527 1963 647 1998 Aliena,
664 1973 733 2004 quae
748 1964 803 1994 ab·

145 2011 270 2043 horrent
293 2022 313 2043 a
341 2013 439 2042 forma
464 2012 622 2051 humana3
653 2012 804 2043 Heroidd.

146 2061 209 2093 xiv.
223 2062 276 2092 90.
296 2072 357 2092 non
373 2062 475 2092 minus
490 2061 660 2102 eleganter,
677 2074 735 2092 non
751 2074 805 2092 sua

147 2122 273 2148 cornua,
285 2116 320 2142 ut
334 2111 414 2142 infra
428 2122 493 2142 ver.
507 2112 583 2143 203.
599 2122 650 2141 ora
666 2123 725 2142 non
739 2122 805 2143 sua.

148 2160 271 2191 Satiatae
293 2163 451 2202 sanguine,
466 2159 591 2201 gravius
612 2170 717 2201 quam,
734 2171 804 2202 quae

148 2208 293 2240 hausistis
303 2208 498 2250 sanguinem.
514 2208 710 2240 Femininum
723 2220 805 2252 saepe

146 2257 307 2300 praefertur
322 2268 341 2288 a
355 2257 475 2289 Graecis
491 2263 522 2288 et
542 2258 693 2288 Romanis
709 2269 805 2300 quum

147 2307 187 2338 de
203 2307 414 2338 animantibus
426 2318 524 2339 sermo
536 2312 583 2338 est
598 2319 606 2346 3
623 2307 694 2339 vide
706 2308 804 2339 Hein-

148 2366 240 2387 s1um.

196 2406 267 2436 141.
282 2406 323 2436 At
338 2407 408 2437 bene
422 2408 446 2437 .ςὶ
462 2406 603 2447 quaeras]
629 2405 673 2437 At
694 2405 718 2436 si
743 2417 807 2437 rem

149 2460 306 2491 accurate,
330 2460 362 2485 et
386 2455 451 2486 sine
474 2454 686 2498 praejudicatis
708 2455 807 2497 opini-

148 2504 261 2535 onibus
269 2505 446 2535 examinare
456 2505 544 2535 velis.
562 2506 693 2541 Crimen,
705 2506 809 2547 culpa.

148 2556 316 2586 Fortunam
330 2555 467 2585 habebat
487 2555 669 2596 malignam.
716 2556 809 2586 Com-

150 2603 240 2635 mode
268 2614 287 2634 a
310 2605 490 2635 Burmanno
516 2605 630 2635 allatus
655 2610 701 2635 est
723 2605 810 2635 locus

147 2653 366 2691 Quinctiliani,
375 2654 477 2685 lib.vi.
490 2655 567 2685 Inst.
575 2656 631 2686 Or.
641 2655 808 2696 prooemio:

153 2704 282 2734 Frustra
302 2705 381 2734 mala
401 2707 499 2735 omnia
519 2707 558 2735 ad
583 2705 726 2735 Fortunae
749 2707 809 2735 cri—

151 2763 217 2783 men
224 2754 400 2795 relegamus.
423 2754 548 2784 Phaedr.
558 2754 602 2784 ΙΙ.
611 2753 733 2796 Epilog.
746 2753 808 2784 xix:

870 1370 972 1400 Donec
1001 1369 1168 1399 Fortunam
1188 1370 1323 1399 criminis
1340 1369 1453 1407 pudeat
1476 1370 1534 1399 sui.

870 1419 977 1455 Error,
1000 1429 1062 1459 quo
1083 1417 1238 1448 deductus
1265 1422 1332 1448 erat
1357 1417 1397 1447 ad
1420 1417 1532 1447 Dianae

868 1469 1038 1500 lavacrum.
1061 1467 1127 1497 Alii
1143 1472 1248 1497 tamen
1264 1477 1328 1497 rem
1339 1466 1382 1497 sic
1394 1472 1531 1503 narrant,

869 1523 903 1549 ut
916 1518 1010 1559 culpa
1026 1527 1087 1548 non
1100 1515 1264 1547 vacaverit
1277 1516 1376 1546 bonus
1388 1516 1533 1547 Actaeon.

917 1569 988 1598 143.
1006 1568 1094 1597 Mons
1114 1566 1206 1605 erat]
1231 1565 1423 1606 Intelligitur
1445 1576 1534 1596 mons

872 1616 1042 1648 Cithaeron.
1068 1614 1175 1656 Eurip.
1200 1614 1318 1644 Bacch.
1338 1624 1401 1645 ver.
1431 1615 1534 1653 12903

871 1665 1058 1707 Apollod.d.
1071 1664 1091 1695 l.
1108 1663 1159 1694 Sic
1171 1674 1235 1694 ver.
1252 1664 1321 1694 155.
1338 1664 1432 1693 Vallis
1445 1670 1532 1701 erat,-

872 1716 893 1746 i.
904 1716 978 1746 568.
1001 1716 1053 1745 Est
1068 1725 1191 1751 nemum·
1207 1713 1333 1744 iv.432.
1354 1714 1408 1743 Est
1422 1715 1468 1743 via
1483 1716 1534 1744 cle-

871 1766 967 1796 clivis.
1027 1765 1066 1794 Et
1094 1765 1138 1794 ita
1167 1763 1352 1793 creberrime
1380 1762 1535 1804 incipiunt

872 1813 1095 1856 descriptiones
1117 1813 1266 1843 locorum.
1298 1811 1380 1842 Plin.
1397 1812 1458 1842 IX.
1475 1812 1537 1854 Ep.

872 1864 980 1895 xxxiii.
995 1865 1015 1893 2
1029 1875 1035 1892 z
1056 1862 1110 1892 Est
1122 1865 1154 1893 in
1171 1862 1280 1903 Africa
1295 1862 1423 1891 colonia.
1449 1861 1535 1892 Coede

861 1916 1018 1956 ferarum,
1034 1912 1184 1954 sanguine
1200 1921 1350 1942 caesarum
1366 1912 1512 1942 ferarum.

916 1964 988 1994 144.
1003 1964 1075 1993 Dies
1086 1961 1210 2004 ponitur
1220 1972 1274 2002 pro
1288 1961 1369 1995 Sole,
1383 1960 1435 2001 qui
1449 1959 1533 1990 diem

872 2014 958 2049 facit,
984 2018 1015 2043 et
1031 2011 1165 2042 vicissim
1191 2010 1240 2040 Sol
1261 2014 1315 2040 aut
1334 2010 1459 2040 Plznwbus
1480 2020 1535 2050 pro

873 2063 936 2094 die.
984 2062 1101 2092 Medias
1129 2061 1249 2090 umbras
1280 2058 1400 2089 doctius
1429 2069 1535 2099 quarn,

873 2111 899 2142 si
914 2113 1027 2142 medius
1039 2112 1100 2141 dies
1112 2108 1254 2139 dixisset.
1279 2108 1393 2138 Manil.
1404 2107 1438 2138 ii.
1452 2108 1532 2138 7962

874 2163 1076 2201 Declinatque
1091 2161 1179 2194 diem,
1195 2159 1361 2198 mediasque
1384 2159 1535 2187 eluminat

871 2213 1001 2242 umbras.
1039 2211 1149 2240 Posset
1168 2213 1274 2238 tamen
1296 2213 1327 2237 et
1349 2208 1463 2237 medius
1481 2207 1535 2238 de-

873 2260 958 2291 fendi
972 2271 1011 2291 ex
1028 2258 1091 2289 HI.
1107 2257 1176 2288 Art.
1191 2258 1264 2287 723.
1296 2256 1379 2286 Meta
1396 2262 1536 2296 utraque,

874 2321 893 2341 a
916 2315 1003 2352 parte
1025 2306 1157 2338 finitoria
1176 2305 1320 2336 orientali
1344 2310 1374 2335 et
1390 2305 1535 2336 occiden-

875 2359 930 2390 tali
945 2371 951 2389 ε
974 2357 1037 2388 vid.
1054 2356 1093 2387 ad
1107 2355 1141 2386 ii.
1157 2356 1230 2385 142.

921 2409 993 2438 147.
1026 2407 1194 2446 Hyantius,
1220 2405 1371 2442 Boeotus3
1394 2402 1465 2433 vide
1495 2402 1536 2432 ad

875 2469 938 2489 ver.
959 2459 994 2495 13
1014 2455 1096 2486 unde
1119 2460 1150 2485 et
1173 2459 1314 2495 apparet,
1330 2452 1442 2483 melius
1462 2462 1535 2492 poe-

876 2513 940 2537 tam
966 2506 1121 2536 dicturum
1144 2503 1250 2537 fuisse,
1272 2504 1386 2532 Aonius
1400 2503 1538 2541 juvenis.

877 2556 918 2586 Et
941 2564 1024 2595 saepe
1048 2554 1162 2583 Aonius
1182 2562 1238 2593 pro
1257 2552 1370 2581 Boeoto
1388 2549 1512 2591 ponitur
1528 2562 1534 2579 :

877 2604 949 2636 vide
967 2602 1103 2633 Valken.
1127 2601 1167 2632 ad
1189 2600 1297 2641 Eurip.
1325 2600 1438 2629 Phoen.
1464 2599 1538 2629 645.

877 2653 939 2684 Sed
962 2657 1060 2694 poetae
1078 2656 1174 2682 terras
1197 2651 1235 2680 ab
1251 2648 1476 2690 antiquissimis
1491 2648 1538 2678 in-

878 2702 954 2734 colis
976 2700 1150 2732 nominant.
1189 2700 1331 2739 Operum,
1346 2705 1488 2734 venatus,
1505 2703 1539 2729 ut

878 2763 948 2782 mox
964 2752 1143 2790 propositum
1165 2759 1249 2788 opus.
1289 2748 1415 2778 Venatu
1431 2746 1537 2777 delec-
