1763 3181
384 176 1006 220 METAMORPHOSEON
1039 176 1159 217 LIB.
1182 176 1274 217 III.

1437 177 1522 218 217

142 294 303 349 Quem
321 300 588 358 postquam
607 291 758 355 Tyria
778 292 947 338 lucum
971 291 1033 338 de
1059 298 1206 353 gente
1230 290 1438 355 profecti
1462 294 1524 338 35

140 370 362 418 Infausto
387 369 595 432 tetigere
620 368 802 430 gradu3
842 368 1159 431 demissaque
1184 367 1234 414 in
1259 367 1417 414 undas

143 447 280 494 Urna
303 446 441 494 dedit
465 445 708 502 sonitum3
749 445 950 507 longum
975 451 1127 508 caput
1147 444 1327 492 extulit
1352 450 1493 491 antro

143 523 403 570 Caeruleus
425 538 646 586 serpens,
672 521 1018 584 horrendaque
1045 520 1191 568 sibila
1213 520 1364 568 misit.

144 599 395 647 Effluxere
419 615 553 646 urnae
577 597 807 645 manibus
825 616 835 655 3

877 597 1179 663 sanguisque
1204 597 1442 661 relinquit

145 676 356 741 Corpus,
375 683 425 723 et
443 674 679 723 attonitos
706 674 900 721 subitus
927 681 1111 722 tremor
1135 682 1346 739 occupat
1372 681 1526 722 artus.

145 753 238 801 Ille
261 753 560 801 volubilibus
586 767 879 814 squamosos
905 751 1116 799 nexibus
1142 752 1285 799 orbes
1467 754 1527 798 41

144 830 381 893 Torquet,
409 836 458 877 et
482 829 750 875 immensos
777 828 905 875 saltu
931 828 1152 876 sinuatur
1176 830 1226 876 in
1252 845 1424 886 arcus3

144 906 219 954 Ac
238 906 403 954 media
427 907 538 970 plus
564 912 703 969 parte
729 905 862 952 leves
888 912 1084 953 erectus
1110 905 1160 952 in
1186 922 1328 953 auras

147 983 374 1047 Despicit
384 999 529 1029 omne
540 997 713 1029 nemus
726 1000 736 1039 3
756 988 996 1046 tantoque
1008 989 1085 1030 est
1095 999 1315 1047 corpore,
1330 989 1530 1046 quanto,

148 1060 202 1107 Si
227 1067 384 1107 totum
410 1067 622 1124 spectes,
650 1059 871 1121 geminas
891 1059 977 1123 qui
1002 1066 1201 1124 separat
1224 1059 1423 1107 Arctos.
1468 1062 1532 1107 45

150 1137 259 1185 Nec
283 1152 447 1194 mora3
489 1135 769 1191 Phoenicas,
797 1136 899 1184 sive
924 1136 992 1183 illi
1017 1137 1116 1184 tela
1140 1137 1398 1201 parabant,

148 1309 266 1339 vibrare
278 1307 432 1349 syllabam
445 1306 590 1338 Catullus
600 1317 726 1349 quoque
742 1317 807 1338 cor-

147 1356 233 1399 ripit.
283 1357 406 1388 Vibrare
429 1362 460 1387 et
481 1359 591 1388 micare
611 1356 750 1387 solennia
769 1356 809 1387 de

149 1406 243 1438 celeri
257 1411 344 1437 motu
358 1406 473 1448 linguae
489 1411 679 1447 serpentum.
716 1405 811 1436 Silius

149 1456 181 1488 d.
194 1456 219 1487 l.
259 1456 372 1498 Trzfido
387 1458 504 1487 vibrata
517 1467 571 1496 per
584 1467 674 1486 auras
687 1456 812 1497 Lingua

148 1508 240 1537 micat
267 1512 358 1536 motu.
416 1504 540 1547 Lingua
566 1504 622 1535 illa
655 1505 813 1547 duplicem

149 1553 246 1585 habet
268 1553 442 1596 cuspidem,
461 1553 504 1584 iv.
520 1555 595 1585 585.
610 1553 665 1584 sed
689 1553 811 1584 vibrata

149 1603 274 1645 triplex,
299 1603 428 1634 trisulca
455 1613 521 1633 esse
550 1602 683 1633 videtur.
728 1603 813 1634 Plin.

150 1653 193 1683 H.
206 1653 250 1683 N.
264 1652 306 1684 xi.
323 1653 363 1683 37
378 1665 384 1683 x
409 1652 534 1694 Lingua
555 1654 727 1683 tenuissima
750 1663 811 1682 ser-

147 1703 297 1742 pentibus,
319 1703 459 1738 trisulca,
482 1703 611 1737 vibrans,
636 1707 698 1732 etc.
744 1701 812 1731 Tri-

151 1753 218 1791 pleae
231 1751 372 1783 dentium
388 1753 458 1782 ordo
473 1751 564 1781 fictus
578 1756 635 1781 est.

196 1802 248 1832 37.
271 1801 410 1843 Longum
437 1800 536 1831 multo
559 1799 661 1841 aptius
688 1798 815 1830 consilio

153 1849 226 1887 loci,
253 1861 348 1892 quam
371 1849 501 1891 vulgata
529 1850 629 1890 longo,
657 1859 754 1890 quum
782 1849 815 1879 in

154 1899 246 1940 longo
261 1904 348 1930 antro
362 1909 493 1940 parvum
508 1903 603 1939 caput
616 1907 683 1928 esse
697 1897 814 1939 potuis-

154 1954 220 1979 set:
233 1948 346 1991 φόνιον
355 1947 457 1990 κρᾶτα
467 1947 496 1978 ei
507 1947 615 1978 tribuit
624 1946 735 1988 Eurip.
754 1947 815 1978 Cae-

155 1998 259 2028 ‘ruleus
268 2008 351 2028 nunc
361 2003 408 2028 est
419 1996 521 2038 niger:
538 1996 609 2027 vide
622 2007 676 2026 nos
686 1995 725 2026 ad
734 1995 818 2026 Plin.

156 2047 252 2079 VIII.
261 2048 320 2089 Ep.
330 2058 383 2077 xx.
395 2047 426 2078 4.
444 2045 654 2077 Anaer.xxix.
664 2047 678 2075 l
688 2046 713 2076 l.
722 2046 819 2087 ὀφρῦς

156 2094 344 2138 κυανωτέρη
356 2095 555 2137 δρακόντων.
585 2095 668 2125 Hinc
678 2105 709 2124 v.
720 2095 773 2124 63.
786 2107 818 2124 α-

160 2152 210 2177 tra
218 2147 318 2186 pellis.
341 2146 467 2176 Mittere
477 2146 575 2181 sibila,
583 2149 618 2175 ut
629 2143 702 2174 alibi
712 2155 818 2174 vocem.

202 2196 256 2226 41.
289 2195 506 2235 Ille—arcus]
539 2194 700 2235 Torquens
726 2204 819 2235 squa-

159 2255 281 2275 mosum
297 2249 329 2275 et
343 2243 482 2274 volubile
500 2253 621 2285 corpus,
638 2242 714 2273 facit
730 2243 820 2273 orbes

159 2301 193 2324 et
215 2293 314 2324 saltus
334 2293 511 2323 immensos.
555 2291 659 2322 Nimis
684 2291 746 2322 fere
766 2300 820 2321 cu-

159 2342 291 2374 mulavit
299 2343 394 2374 verba
408 2348 527 2373 naturae
543 2347 574 2372 et
587 2340 685 2372 motui
696 2351 819 2382 serpen-

160 2396 228 2423 tum
250 2391 384 2433 propria.
427 2390 607 2432 Simplicius
632 2390 723 2431 Virg.
746 2390 821 2421 AEn.

160 2440 217 2472 lib.
233 2440 266 2471 ii.
275 2441 338 2471 208
352 2453 358 2470 :
384 2442 565 2480 sinuantque
579 2441 719 2470 immensa
735 2440 820 2469 volu-

161 2492 241 2520 mine
265 2496 363 2531 terga.
411 2489 513 2520 Nesus
534 2489 674 2520 similiter
693 2489 731 2519 de
752 2488 819 2519 luc-

165 2537 315 2575 tantibus,
343 2538 388 2568 ix.
418 2539 472 2570 58.
519 2537 676 2568 Caeterum
704 2536 820 2568 talibus

163 2587 298 2617 arcubus
325 2598 389 2618 non
418 2597 495 2629 opus
524 2592 591 2618 erat
619 2586 651 2617 in
683 2585 822 2616 homines

163 2646 259 2678 prope
278 2635 380 2678 ipsum
404 2647 530 2679 specum
556 2641 684 2666 stantes.
730 2635 822 2665 Nexi-

166 2686 230 2720 bus,
248 2684 355 2724 nodis3
377 2691 409 2717 et
433 2687 522 2721 orbes,
538 2684 636 2727 spiras
661 2694 739 2726 quas
760 2694 822 2715 ser-

164 2739 273 2776 pentes
287 2734 390 2765 cauda
403 2733 552 2765 efficiunt.

918 1310 973 1341 43.
999 1309 1100 1345 Lenes,
1112 1314 1233 1339 tantum
1248 1313 1345 1344 ornat,
1359 1312 1391 1338 et
1405 1307 1538 1350 petitum

878 1370 897 1390 a
917 1364 1029 1390 natura
1051 1358 1140 1390 aeris.
1184 1359 1235 1389 Ita
1258 1363 1363 1388 autem
1385 1368 1416 1388 se
1438 1357 1540 1388 solent

877 1414 1035 1450 serpentes
1063 1407 1191 1449 erigere.
1236 1407 1321 1438 Plin.
1343 1406 1410 1437 viii.
1434 1417 1463 1437 c.
1487 1408 1539 1437 33.

878 1457 917 1488 de
933 1457 1094 1493 basilisco,
1112 1459 1205 1488 celsus
1221 1464 1250 1488 et
1271 1463 1385 1488 erectus
1407 1469 1425 1486 a
1446 1458 1541 1487 medio

878 1509 1025 1539 incedens.
1070 1507 1220 1538 Nostrum
1239 1506 1391 1549 expressit
1405 1507 1537 1543 Seneca,

880 1557 912 1587 in
935 1557 1066 1598 Thyest.
1083 1567 1148 1587 ver.
1165 1556 1245 1587 655:
1271 1568 1359 1596 quam
1379 1557 1539 1595 superemi-

878 1618 950 1638 nens
975 1607 1135 1646 Despectat
1157 1607 1217 1636 alte
1241 1617 1368 1646 quercus
1394 1612 1421 1636 et
1446 1607 1540 1635 vincit

878 1668 990 1687 nemus.
1019 1656 1082 1687 Sed
1098 1656 1191 1687 Ovid.
1206 1666 1315 1698 parum
1328 1654 1386 1686 sibi
1402 1660 1540 1694 constat3

879 1705 994 1736 etenim
1022 1716 1083 1736 ver.
1108 1706 1147 1736 91
1177 1716 1225 1746 sq.
1274 1703 1414 1735 Cadmus
1441 1708 1540 1734 totum

881 1754 1049 1785 draconem
1072 1754 1140 1795 figit
1161 1753 1194 1783 in
1215 1763 1344 1795 quercu.
1392 1752 1543 1792 Tantoque

881 1810 922 1834 est
937 1814 1065 1843 corpore.
1110 1802 1216 1843 Magis
1231 1802 1325 1832 etiam
1348 1799 1396 1831 sui
1415 1800 1543 1830 monstri

883 1851 1129 1893 magnitudinem
1152 1850 1239 1882 auxit
1264 1849 1357 1880 Silius
1377 1859 1439 1880 ver.
1460 1850 1540 1880 185:

884 1901 944 1931 Sub
963 1908 1046 1932 astra
1069 1912 1223 1932 coruscum
1244 1900 1364 1930 Extulit
1387 1909 1543 1939 assurgens

884 1957 985 1990 caput,
999 1957 1087 1991 atque
1102 1952 1134 1980 z'n
1149 1950 1254 1980 nubila
1273 1951 1399 1988 primam
1418 1948 1541 1986 Disper-

885 2002 923 2030 εῖτ
954 2001 1065 2030 saniem
1094 2006 1123 2030 et
1150 2000 1256 2030 coelum
1282 1998 1415 2037 foedavit
1444 1996 1542 2028 hiatu.

886 2049 965 2087 Quae
990 2049 1128 2090 sequitur
1148 2047 1329 2083 similitudo,
1345 2052 1466 2086 quanto,
1484 2051 1544 2076 etc.

886 2098 1055 2130 luxurianti
1068 2097 1194 2139 ingenio
1205 2096 1370 2127 tribuenda
1383 2100 1440 2126 est.
1471 2094 1546 2125 Pla-

887 2147 952 2179 cuit
967 2154 1071 2178 tamen
1085 2147 1172 2183 Silio,
1183 2146 1237 2187 qui
1249 2156 1317 2176 eam
1333 2144 1376 2174 sic
1390 2143 1543 2174 reddidit:

890 2197 1029 2232 Quantus
1052 2208 1110 2227 non
1131 2206 1225 2236 a’quas
1242 2194 1545 2234 perlustratfleJiIms

887 2248 1003 2282 Arctos,
1028 2246 1069 2277 Et
1092 2248 1244 2287 geminum
1274 2245 1358 2283 lapsu
1381 2244 1462 2273 sidus
1483 2245 1543 2272 cir-

887 2297 1033 2337 cumligat
1055 2296 1177 2336 anguis.
1223 2294 1273 2323 De
1294 2291 1348 2321 illo
1365 2297 1468 2321 autem
1483 2301 1544 2322 ser-

887 2351 979 2386 pente
991 2343 1112 2374 coelesti
1125 2341 1260 2373 diximus
1275 2340 1315 2371 ad
1330 2340 1362 2371 ii.
1375 2341 1448 2370 173.
1493 2339 1546 2370 Ab

888 2394 987 2424 Arato
1013 2392 1123 2423 Phaen.
1139 2402 1229 2421 versu
1247 2391 1299 2421 45.
1314 2395 1443 2420 vocatur
1462 2387 1546 2430 μέγα

887 2441 1011 2482 θαῦμα,
1023 2446 1055 2472 et
1072 2451 1090 2471 a
1100 2439 1190 2481 Virg.
1205 2439 1320 2480 Georg.
1334 2437 1356 2468 i.
1367 2439 1441 2468 244.
1452 2439 1546 2468 masi-

889 2501 963 2521 ”1th-

932 2539 984 2570 46.
1001 2537 1185 2577 Phoenicas.]
1204 2535 1352 2578 Apollod.
1364 2536 1441 2572 τοὺς
1455 2533 1546 2566 πλεί-

888 2600 963 2625 ονος
1006 2590 1073 2619 τῶν
1115 2585 1327 2628 πεμφθέντων
1367 2583 1546 2626 διέφθειρεν.

890 2638 1002 2668 Noster
1030 2647 1147 2672 omnes,
1171 2635 1285 2677 quibus
1309 2639 1468 2676 serpentes
1493 2644 1547 2664 ne-

891 2696 961 2717 care
971 2690 1110 2727 possunt,
1126 2684 1234 2715 modos
1249 2688 1418 2714 enumerat.
1465 2682 1550 2712 Com-

891 2730 1023 2768 plexibus
1046 2727 1212 2759 suffocavit
1234 2737 1296 2758 eos.
1339 2725 1433 2768 Apud
1459 2725 1548 2765 Virg.
