1763 3181
182 181 265 221 464

571 176 620 216 Ρ.
659 173 770 215 OVI
779 172 873 214 DII
907 171 1189 214 NASONIS

187 293 347 356 Regia
367 311 377 349 ;
419 305 510 337 nec
538 295 642 337 tota
665 287 819 335 tristis
844 287 985 334 locus
1011 286 1141 333 ullus
1167 285 1216 332 in
1242 285 1363 332 urbe
1387 291 1480 332 est.

250 368 370 415 VII.
412 365 521 414 Nec
553 374 737 421 tamen,
763 365 947 427 (usque
972 363 1098 411 adeo
1123 362 1245 410 nulli
1273 362 1467 409 sincera
1488 377 1571 408 vo-

382 446 564 507 luptas,

1475 440 1571 484 453

186 521 499 583 Sollicitique
523 519 713 582 aliquid
737 519 865 566 laetis
889 517 1154 564 intervenit
1169 515 1204 577 l)
1230 514 1418 577 AEgeus

186 598 384 645 Gaudia
410 597 650 661 percepit,
676 602 793 643 nato
818 611 995 643 secura
1018 600 1238 657 recepto.

779 672 864 735 qui
898 685 1187 734 quanquam
1218 668 1390 724 milite,
1418 683 1574 730 quan-

186 674 333 723 Bella
364 681 505 738 parat
541 672 738 729 Minos;

1399 593 1574 654 [quam

187 751 363 799 Classe
388 751 535 805 valet,
564 749 724 813 patria
746 756 914 796 tamen
940 756 1018 795 est
1041 746 1352 794 firmissimus
1377 745 1476 792 ira:

185 827 541 890 Androgeique
566 842 741 874 necem
759 826 910 889 justis
935 824 1192 872 ulciscitur
1216 823 1381 870 armis.

185 904 318 951 Ante
343 912 526 960 tamen,
554 904 685 951 bello
710 903 837 951 vires
864 902 1079 966 acquirit
1103 901 1317 956 amicas3

1477 823 1575 869 458

1459 899 1574 960 [rat.

186 981 400 1045 Quaque
424 989 604 1047 potens
628 981 846 1037 habitus,
872 981 1060 1027 volucri
1083 978 1208 1026 freta
1232 977 1393 1024 classe
1413 991 1577 1039 perer-

228 1104 409 1135 453—660.
435 1104 498 1135 Nec
515 1111 624 1140 tamen,
636 1104 718 1145 etc.]
742 1102 849 1134 Minos

185 1153 224 1183 ob
239 1152 338 1183 filium
354 1153 556 1194 Androgeum
568 1153 766 1184 interfectum
780 1152 848 1182 bel-

186 1203 250 1232 lum
264 1207 367 1233 movet
378 1201 634 1237 Atheniensibus,
646 1201 760 1243 quibus
772 1211 849 1232 aux·

185 1250 274 1281 ilium
296 1251 462 1292 pollicetur
482 1251 613 1286 AEacus,
638 1260 691 1280 rex
708 1249 847 1290 AEginae,

186 1299 276 1341 cujus
299 1299 393 1335 cives,
420 1309 439 1329 a
466 1304 553 1341 peste
578 1298 746 1340 absumpti,
773 1297 850 1328 miro

186 1348 324 1389 quodam
348 1348 440 1379 modo
462 1347 600 1389 suppleti
625 1353 713 1378 erant
733 1357 771 1377 ex
786 1346 847 1377 for-

185 1397 286 1428 micis.
324 1398 449 1439 Nempe
466 1397 672 1437 Myrmidones
685 1395 777 1438 prisci
792 1396 850 1426 AE-

185 1446 266 1488 ginae
290 1445 415 1482 incolae,
442 1445 495 1487 qui
518 1451 625 1488 postea
649 1444 779 1476 Peleum
802 1455 850 1475 se-

187 1495 277 1536 quuti
291 1494 485 1526 Thessaliam
505 1494 717 1524 incoluerunt.
764 1494 850 1530 Quo-

186 1544 269 1575 niam
283 1543 420 1574 formicae
434 1543 554 1575 Graecis
567 1542 731 1584 μύρμηκες
741 1541 851 1573 dicun-

187 1599 246 1629 tur,
263 1592 395 1623 Hesiod.
413 1592 467 1633 (fr.
481 1603 512 1633 p.
527 1592 601 1623 445.
617 1590 721 1633 Lips.)
745 1596 853 1621 auctor

188 1641 298 1684 coepit,
309 1641 531 1683 etymologiam
542 1650 667 1682 pervers
654 1650 686 1670 se
698 1650 851 1681 premens,

188 1691 304 1732 fingere
331 1701 383 1721 eos
408 1701 446 1721 ex
471 1689 607 1720 formicis
633 1689 743 1725 factos,
767 1688 852 1730 quod

188 1738 279 1769 multi
307 1737 455 1780 deinceps
481 1738 684 1780 repetierunt.
728 1738 768 1768 Et
798 1737 853 1768 illo

189 1787 317 1828 quidem
347 1795 472 1818 auctore
508 1787 632 1829 Jupiter
666 1786 700 1817 id
732 1786 850 1823 effecit,

189 1848 286 1879 quum
303 1837 423 1867 AEacus
438 1835 471 1867 in
487 1836 615 1877 AEgina,
632 1835 734 1866 insula
747 1835 851 1866 deser-

189 1891 232 1922 ta,
256 1886 311 1916 ubi
337 1885 488 1916 educatus
512 1891 578 1916 erat
601 1890 633 1915 et
656 1884 850 1920 adoleverat,

189 1935 274 1967 solus
297 1940 390 1967 esset.
436 1934 486 1965 Sic
510 1941 542 1966 et
557 1933 703 1976 Apollod.
720 1933 782 1964 111.
799 1933 854 1965 xii.

190 1987 222 2017 6.
236 1984 290 2015 ubi
304 1983 376 2015 vide
392 1982 573 2024 Heynium;
596 1982 652 2013 sed
668 1981 854 2018 Pausanias,

190 2035 222 2065 ii.
239 2035 292 2065 29.
314 2033 346 2064 in
367 2043 404 2063 eo
427 2032 594 2074 discrepat,
611 2031 694 2073 quod
715 2031 855 2062 homines

189 2083 261 2114 illos
282 2093 344 2113 non
359 2092 398 2112 ex
414 2081 560 2117 formicis,
577 2081 632 2112 sed
648 2091 686 2111 ex
702 2086 785 2111 terra
799 2090 853 2110 na-

189 2137 237 2163 tos
257 2130 420 2162 mentitur.
465 2131 591 2161 Pestem
608 2140 678 2160 vero
701 2135 732 2160 et
753 2128 855 2159 sormi-

191 2190 298 2212 carum
308 2178 524 2215 mutationem,
536 2189 608 2209 cum
623 2178 739 2209 Nostro
749 2177 782 2208 in
797 2177 855 2208 hac

192 2228 310 2264 sabula,
321 2227 511 2263 Strabo‚viii.
525 2238 556 2269 p.
570 2227 644 2258 576.
657 2232 688 2257 et
699 2226 856 2268 Hyginus,

192 2278 300 2310 fabula
314 2278 366 2309 52.
381 2281 636 2307 commemorant.
683 2276 854 2311 Sincerum,

193 2327 243 2358 cui
268 2325 347 2357 nihil
373 2325 479 2362 alieni,
501 2325 614 2361 vitiosi,
635 2324 706 2355 h.l.
730 2324 856 2360 doloris,

193 2375 380 2410 immixtum,
391 2375 616 2415 incorruptum.
640 2373 692 2404 Ab
704 2372 762 2404 hoc
774 2383 857 2404 nunc

194 2435 256 2455 non
270 2423 374 2454 differt
388 2434 535 2453 securum.

237 2473 313 2503 457.
341 2472 440 2502 Classe
461 2470 572 2511 2=ulet.]
612 2471 779 2501 Cretenses
803 2469 858 2501 illo

197 2527 333 2563 tempore
355 2526 421 2551 arte
437 2519 564 2551 nautica
580 2519 778 2550 excellebant
793 2530 856 2550 orn-

195 2570 286 2601 nibus
305 2569 466 2611 gentibus:
494 2569 594 2599 Minos
617 2569 734 2610 primus
757 2568 855 2610 impe-

196 2619 274 2649 iium
285 2618 378 2649 maris
390 2617 516 2655 habuit;
532 2618 694 2659 classeque
710 2618 860 2648 instructa

196 2667 342 2708 purgavit
355 2677 439 2698 mare
455 2677 474 2698 a
489 2667 596 2709 piratis
611 2680 616 2697 z
641 2666 854 2708 Thucydides

198 2716 238 2747 X.
254 2716 275 2747 i.
294 2718 311 2746 4
328 2729 334 2753 3
361 2716 548 2752 Herodotus,
565 2715 610 2746 iii.
628 2717 686 2746 122
701 2728 708 2752 ;
739 2715 857 2746 Diodo-

916 1113 968 1133 rus
995 1101 1130 1137 Siculus,
1160 1100 1203 1131 iv.
1232 1100 1284 1130 60.
1329 1098 1380 1129 De
1408 1097 1492 1128 bello
1521 1097 1578 1128 hoc

917 1150 1012 1181 etiam
1028 1149 1191 1181 Plutarch.
1204 1148 1299 1178 Thes.
1314 1148 1372 1186 15;
1396 1145 1581 1182 Pausanias,

917 1199 938 1232 i.
960 1201 1002 1231 2¹7
1017 1212 1025 1238 ;
1057 1198 1278 1241 Apollodorus,
1294 1197 1358 1228 ΙΙΙ.
1372 1207 1424 1227 xv.
1440 1197 1459 1226 8
1473 1207 1482 1234 ;
1511 1195 1580 1237 Hy·

917 1249 1019 1290 ginus,
1043 1248 1151 1279 sabula
1165 1249 1217 1278 41.
1264 1246 1487 1282 Firmissimus5
1511 1245 1581 1287 plu-

917 1298 999 1334 rimi,
1017 1298 1219 1338 fortissimus‚
1237 1306 1254 1326 e
1278 1295 1398 1326 solenni
1422 1300 1580 1336 permuta-

917 1346 1012 1377 tione.
1060 1345 1272 1380 Firmissimus,
1284 1343 1507 1379 validissimus,
1523 1353 1581 1374 sae-

916 1395 1042 1437 pissime
1062 1394 1101 1425 de
1120 1394 1196 1425 belli
1220 1393 1368 1436 potentia.
1402 1392 1484 1424 Vide
1499 1392 1580 1424 Gro-

917 1454 989 1474 nov.
1013 1443 1053 1474 ad
1078 1443 1148 1473 Liv.
1174 1442 1239 1473 xxi.
1263 1443 1327 1480 253
1361 1441 1417 1473 sed
1442 1452 1525 1472 nunc
1550 1447 1581 1472 et

908 1493 1102 1532 firmissimus
1122 1494 1183 1528 ira,
1205 1502 1298 1532 quem
1319 1491 1366 1522 ira
1386 1490 1530 1533 impellit,
1546 1497 1582 1522 ut

918 1541 1062 1572 omnibus
1081 1541 1198 1572 viribus
1221 1542 1285 1572 suis
1307 1547 1424 1572 utatur.
1473 1541 1583 1571 Patria

920 1593 978 1627 ira,
999 1602 1069 1632 quae
1095 1590 1241 1622 convenit
1263 1589 1354 1632 patri,
1377 1590 1416 1620 ob
1440 1589 1496 1620 filii
1520 1600 1581 1621 cae-

920 1639 1004 1670 dem.

963 1689 1036 1719 459.
1061 1689 1142 1718 Ante
1168 1694 1280 1723 tamen,
1310 1687 1406 1723 bel105
1442 1686 1476 1717 id
1504 1686 1581 1718 mihi

919 1736 1020 1777 magis
1043 1736 1201 1778 poeticum
1223 1735 1356 1770 videtur,
1380 1745 1474 1776 quarn
1498 1735 1582 1776 quod

920 1785 1015 1817 habet
1044 1785 1183 1827 vulgata,
1213 1785 1293 1814 Ante
1322 1791 1419 1814 tumen
1449 1785 1582 1821 bellum,-

919 1845 1015 1876 quare
1026 1835 1100 1865 bello
1113 1833 1265 1874 (dativo‚)
1277 1832 1361 1874 quod
1372 1842 1479 1863 omnes
1492 1833 1585 1864 MSS.

920 1890 1032 1925 praeter
1043 1894 1098 1914 sex
1109 1881 1454 1920 habent,revocandum
1466 1882 1585 1924 putavi.

921 1932 1084 1974 Virgilius,
1101 1933 1177 1963 [En.
1191 1931 1224 1962 ii.
1240 1932 1314 1962 315.
1335 1931 1501 1972 glomerare
1520 1942 1584 1961 ma-

922 1993 994 2012 num
1015 1983 1111 2019 bello3
1135 1981 1264 2016 ibidem,
1279 1980 1324 2010 iii.
1344 1980 1419 2010 540.
1438 1980 1512 2010 bello
1535 1991 1585 2009 ar-

921 2038 1046 2061 mantur
1075 2032 1154 2071 equi.
1215 2029 1311 2070 Regii
1345 2028 1441 2059 nostri
1470 2027 1587 2060 habent

923 2090 1047 2121 quoque
1061 2080 1147 2116 bello,
1160 2078 1246 2120 quod
1261 2077 1447 2108 servandum
1462 2087 1587 2114 censeo,

923 2128 1091 2159 dummodo
1105 2133 1174 2170 post
1190 2134 1287 2157 tamen
1302 2131 1436 2168 ponatur
1451 2136 1586 2164 comma,

921 2178 1014 2210 sicuti
1031 2178 1062 2209 in
1077 2178 1156 2209 libro
1170 2177 1191 2208 i.
1202 2179 1233 2208 5.
1244 2178 1334 2212 Ante,
1346 2187 1427 2206 mare
1441 2182 1470 2206 et
1486 2177 1587 2213 tellus,

923 2234 983 2259 etc.
1026 2227 1108 2258 Vires
1122 2237 1206 2269 saepe
1222 2225 1260 2257 de
1275 2225 1372 2267 copiis
1387 2225 1586 2256 militaribus.

924 2278 1053 2313 Amicus,
1063 2275 1241 2307 auxiliares.
1277 2274 1403 2314 Quaque
1416 2281 1516 2314 potens
1531 2275 1586 2304 ha-

924 2327 1002 2356 bitus
1014 2337 1024 2363 ,-
1049 2325 1187 2356 habebat
1202 2324 1285 2355 enim
1301 2323 1467 2365 imperium
1480 2323 1586 2354 maris.

926 2375 999 2405 Non
1028 2373 1198 2405 admodum
1233 2375 1364 2404 volucris
1395 2372 1451 2403 illa
1479 2372 1589 2403 classis

925 2424 1020 2455 fuisse
1034 2423 1167 2454 videtur.
1190 2424 1270 2454 Eam
1285 2421 1368 2453 enim
1384 2421 1495 2462 effugit
1509 2421 1586 2452 Dae-

925 2472 1027 2509 dalus,
1054 2482 1122 2502 eam
1149 2471 1249 2513 ipsam
1275 2471 1314 2501 ob
1339 2479 1478 2506 causam,
1502 2469 1587 2510 quod

926 2521 1002 2552 velis
1025 2521 1163 2556 carebat,
1184 2530 1254 2561 quae
1277 2519 1448 2554 invenerat,
1463 2523 1495 2549 et
1517 2517 1588 2560 qui-

924 2571 984 2600 bus
1006 2570 1152 2600 utebatur
1176 2567 1347 2599 Daedalus:
1375 2566 1445 2598 vide
1462 2566 1588 2607 Goguet

928 2630 982 2649 ron
1011 2618 1190 2659 Ursprunge
1214 2619 1268 2648 der
1291 2616 1421 2652 Gesetze,
1437 2622 1498 2646 etc.
1514 2621 1590 2646 tom.

926 2667 959 2697 ii.
987 2678 1017 2708 p.
1042 2668 1118 2697 276.
1166 2667 1222 2696 Est
1246 2675 1318 2706 ergo
1344 2675 1427 2696 nunc
1454 2664 1499 2695 nil
1530 2663 1588 2695 nisi

925 2715 1084 2756 epitheton
1100 2725 1223 2749 ornans,
1239 2714 1303 2745 sive
1319 2723 1492 2745 commune.
