1763 3181
227 189 312 230 294
620 188 669 228 Ρ.
703 186 913 228 OVIDII
949 185 1226 228 NASONIS

231 304 355 351 Esse
383 303 546 358 Deus;
586 318 673 349 seu
699 308 752 348 tu
780 301 917 349 Deus
942 317 1011 357 es,
1038 308 1179 365 potes
1204 317 1314 349 esse
1341 301 1566 366 Cupido;

231 380 345 427 Sive
370 396 423 426 es
448 379 683 434 mortalis,
710 378 865 441 quite
889 394 1102 440 genuere
1126 378 1276 434 beati,

231 456 297 503 Et
320 456 468 503 frater
491 455 625 510 felix,
653 462 702 502 et
725 454 974 502 fortunata
998 454 1216 518 profecto

232 533 285 579 Si
311 549 410 596 qua
433 532 522 579 tibi
548 547 682 578 soror
706 538 797 586 est,
824 537 873 578 et
897 547 1008 594 quae
1033 531 1172 578 dedit
1196 532 1348 579 ubera
1372 532 1552 579 nutrix.

233 610 334 657 Sed
360 611 504 672 longe
529 609 738 664 cunctis,
766 609 1013 671 longeque
1039 609 1282 672 potentior
1305 609 1417 665 illis,
1509 612 1605 656 325

231 687 284 734 Si
311 703 409 750 qua
433 686 522 733 tibi
548 702 729 749 sponsa
753 693 845 742 est,
873 686 913 733 si
939 702 1088 750 quam
1113 687 1381 749 dignabere
1405 686 1552 733 taeda.

230 763 352 810 Haec
377 763 465 810 tibi
493 763 593 811 sive
621 764 787 826 aliqua
811 771 903 819 est,
933 780 1042 811 mea
1067 764 1131 810 sit
1155 763 1332 811 furtiva
1354 763 1603 826 voluptas:

233 840 331 887 Seu
351 841 485 887 nulla
504 847 595 897 est,
617 857 708 903 ego
730 840 838 897 sim,
859 841 1230 903 thalamumque
1250 841 1471 887 ineamus
1487 855 1605 886 eun-

230 918 276 964 N
282 919 352 965 ais
372 917 432 965 ab
458 917 533 964 his
554 918 736 965 tacuit:
765 917 904 981 pueri
924 919 1071 965 rubor
1086 933 1171 964 ora
1191 917 1391 973 notavit,
1420 915 1606 978 [dem.''

229 995 428 1052 Nescia,
457 996 577 1059 quid
602 996 666 1043 sit
689 1011 851 1054 amor3
893 996 981 1043 sed
1006 1002 1056 1043 et
1079 994 1336 1042 erubuisse
1361 994 1587 1041 decebat.

228 1071 324 1119 Hic
349 1072 482 1119 color
507 1072 673 1135 aprica
697 1072 1030 1136 pendentibus
1055 1072 1228 1118 arbore
1253 1071 1428 1135 pomis,
1507 1073 1599 1117 331

224 1148 326 1196 Aut
350 1149 484 1197 ebori
509 1150 664 1197 tincto
689 1156 780 1206 est,
808 1156 892 1197 aut
916 1150 1007 1196 sub
1032 1149 1245 1197 candore
1271 1148 1483 1203 rubenti,

228 1225 393 1280 Quum
418 1226 597 1274 frustra
624 1234 857 1275 resonant
882 1243 978 1274 aera
1003 1226 1276 1281 auxiliaria,
1306 1225 1473 1272 Lunae.

227 1302 462 1351 Poscenti
490 1304 739 1368 Nymphae
765 1305 871 1352 sine
895 1305 992 1352 fine
1018 1304 1202 1352 sororia
1226 1303 1400 1351 saltem

1511 1304 1606 1349 334

229 1379 430 1436 Oscula,
447 1382 653 1444 jamque
678 1398 852 1429 manus
874 1382 935 1429 ad
956 1382 1173 1429 eburnea
1197 1381 1325 1428 colla
1348 1379 1540 1434 ferenti,

228 1461 258 1479 “
273 1456 475 1512 Desine,
490 1457 566 1504 vel
582 1457 732 1520 fugio,
748 1458 1065 1521 tecumque,⁷’
1078 1457 1161 1513 ait,
1181 1457 1321 1504 “ista
1335 1455 1609 1519 relinquo.''

229 1532 468 1581 Salmacis
489 1534 735 1591 extimuit,
756 1542 785 1559 ‘⁶
805 1535 1037 1598 Locaque
1051 1536 1158 1582 haec
1175 1535 1263 1581 tibi
1279 1535 1435 1582 libera
1448 1533 1606 1589 trado,

223 1666 287 1697 Sat.
302 1666 342 1696 vi.
358 1667 406 1698 18.
453 1667 638 1698 Thalamum.
663 1668 734 1698 Non
750 1668 800 1699 hic
815 1668 878 1710 agi—

223 1721 282 1751 tur,
299 1720 331 1745 ut
347 1715 544 1746 Burmannus
557 1717 699 1758 putabat,
715 1717 753 1748 de
769 1717 882 1748 furtivo

223 1763 317 1800 coitu,
333 1764 388 1795 sed
403 1765 441 1796 de
456 1765 594 1806 legitimo
618 1766 826 1802 matrimonio,
842 1766 880 1796 de

223 1824 284 1854 quo
296 1815 444 1845 thalamus
453 1820 484 1845 et
497 1817 571 1845 tarda
582 1815 677 1845 etiam
690 1826 782 1858 supra
792 1826 881 1847 versu

225 1864 276 1894 60.
289 1869 320 1894 et
334 1863 377 1894 iii.
392 1865 467 1894 267.

267 1913 340 1943 329.
365 1914 409 1942 Ab
432 1914 488 1949 his,
503 1919 572 1955 post
595 1913 674 1949 haec,
691 1920 724 1944 ut
740 1913 783 1945 iii.
799 1915 860 1945 273
874 1927 882 1952 ;

223 1960 287 1992 viii.
304 1962 379 1991 611.
422 1962 484 1992 Ora
499 1964 590 1992 ‘rubor
606 1965 720 1993 notavit
736 1963 829 1994 etiam
842 1964 882 1994 vi.

223 2010 284 2048 463
308 2010 416 2040 Amor.
432 2011 493 2041 ΙΙΙ.
508 2011 548 2042 νὶ.
566 2012 617 2041 78.
655 2012 776 2053 Nempe
792 2013 883 2043 rubor

223 2065 294 2088 nota
308 2058 434 2100 pudoris
450 2065 507 2090 est.
554 2060 667 2090 Nomi-e
681 2060 775 2101 igitur
788 2061 881 2102 signi-

223 2107 365 2138 ficantius
379 2113 436 2144 est,
453 2119 546 2149 quam
563 2109 711 2150 suffundi.
759 2110 879 2146 Nescia,

223 2158 294 2196 quid
317 2159 355 2187 sit
380 2168 482 2193 czmor;
507 2157 639 2188 Codices
659 2157 766 2193 nostri,
792 2161 883 2189 nescit

223 2207 294 2245 quid
310 2207 347 2236 sit
362 2217 456 2236 (lnior.
505 2206 666 2237 Erubuisse
681 2208 817 2238 decebat:
842 2208 881 2238 de

202 2252 205 2255 ’
225 2253 271 2283 his
286 2254 387 2284 verbis
403 2254 473 2285 vide
490 2255 529 2285 ad
544 2265 664 2286 versum
679 2256 753 2286 230.

267 2304 340 2334 331.
367 2305 426 2334 Hic
442 2305 533 2340 color,
552 2304 629 2345 etc.]
665 2305 783 2336 Eadem
798 2306 882 2336 simi-

224 2351 333 2388 litudo,
349 2351 391 2383 iii.
407 2353 481 2385 483.
530 2354 639 2389 Pomis,
657 2364 711 2395 pro
735 2364 797 2395 quo
821 2354 881 2385 Co-

223 2400 283 2431 dex
295 2400 413 2441 chius
428 2402 466 2432 B.
477 2401 571 2432 habet
585 2403 682 2433 malis.
714 2402 796 2433 Huic
810 2413 883 2434 con-

223 2448 319 2480 sentit
334 2449 490 2486 Heinsius,
507 2450 560 2491 qui
578 2461 685 2481 omnes
701 2451 882 2482 vetustiores

225 2497 339 2528 habere
356 2500 441 2529 malis
456 2499 597 2534 affirmat,
614 2505 645 2530 et
659 2499 739 2530 hanc
755 2510 882 2531 causam

223 2546 278 2578 dat
292 2553 387 2584 recte,
403 2548 486 2589 quod
503 2559 563 2578 non
578 2549 682 2580 omnia
696 2560 787 2590 poma
801 2550 883 2580 colo-

225 2601 291 2626 rata
306 2602 387 2626 sunt.
430 2597 516 2627 Eburi
533 2599 634 2628 tincto.
659 2597 785 2629 Plenius
795 2598 881 2639 Virg.

228 2645 353 2676 Aineid.
370 2646 423 2676 xii.
438 2647 478 2677 67
493 2660 498 2676 ;
527 2646 635 2677 Indum
657 2650 819 2689 sanguineo
837 2660 880 2677 re-

227 2695 286 2724 ίιιιὶ
300 2696 452 2725 violaverit
462 2702 538 2726 ostro
553 2696 584 2725 Si
599 2699 663 2735 quis
677 2698 758 2727 ebur.
782 2698 882 2732 Luna,

226 2753 320 2783 quum
349 2746 479 2775 candida
507 2745 557 2780 sit,
583 2750 718 2786 tempore
743 2745 883 2776 defectus

948 1670 1095 1704 rubescit3
1121 1668 1174 1710 qui
1196 1668 1292 1698 Lunae
1316 1668 1406 1698 rubor
1421 1666 1516 1697 etiam
1533 1666 1608 1696 Am.

948 1718 992 1749 ΙΙ.
1008 1730 1037 1749 v.
1053 1719 1105 1749 37.
1122 1717 1348 1759 comparationi
1363 1716 1501 1747 inservit.
1533 1716 1607 1746 Per·

948 1778 1072 1799 suasum
1087 1776 1192 1798 autem
1208 1773 1275 1798 erat
1289 1765 1508 1808 superstitiosae
1526 1765 1607 1796 mul-

949 1816 1086 1851 titudini,
1102 1816 1156 1846 tali
1180 1821 1317 1857 tempore
1336 1814 1500 1845 Thessalas
1515 1825 1606 1845 vene-

948 1866 1023 1896 ficas
1050 1865 1082 1895 id
1120 1875 1222 1906 agere,
1254 1871 1288 1894 ut
1322 1862 1511 1894 carminibus
1547 1862 1611 1894 suis

949 1916 1071 1945 Lunam
1090 1914 1129 1945 de
1147 1915 1228 1945 coelo
1249 1913 1418 1949 deducant,
1434 1912 1522 1943 illam
1538 1923 1608 1943 vero

948 1964 1098 1999 laborare,
1125 1965 1147 1994 i.
1171 1975 1198 1994 e.
1227 1969 1333 1994 contra
1359 1962 1427 1998 niti,
1458 1972 1608 2004 pugnare,

948 2014 1163 2054 laborantique
1171 2012 1311 2043 homines
1321 2022 1408 2054 posse
1419 2022 1609 2048 succurrere,

948 2068 979 2094 et
994 2063 1138 2092 omilim-i
1154 2066 1307 2092 concentu
1324 2059 1517 2102 strepituque
1529 2063 1607 2096 aeris,

950 2111 981 2141 h.
993 2121 1022 2141 e.
1040 2111 1192 2146 tubarum,
1208 2120 1355 2140 cornuum
1371 2115 1402 2139 et
1417 2108 1608 2140 tintinnabu-

948 2160 1047 2191 lorum
1064 2170 1230 2190 aeneorum.
1254 2159 1322 2189 Liv.
1337 2158 1420 2189 xxvi.
1432 2160 1451 2189 5
1467 2170 1474 2195 ;
1499 2159 1609 2189 Senec.

950 2209 1048 2251 Hipp.
1071 2220 1134 2240 ver.
1150 2211 1212 2240 785
1227 2220 1317 2250 sqq.:
1349 2206 1415 2238 vid.
1442 2207 1544 2239 Cerda
1569 2208 1608 2238 ad

951 2259 1038 2299 Virg.
1063 2259 1130 2290 Ecl.
1156 2258 1220 2289 viii.
1243 2260 1295 2289 69.
1340 2256 1401 2287 Sed
1426 2256 1493 2287 haec
1519 2257 1610 2288 tertia

949 2307 1118 2338 similitudo
1144 2307 1237 2350 paulo
1266 2307 1360 2338 altius
1388 2306 1519 2347 repetita
1546 2312 1604 2343 est,

948 2367 1005 2388 nec
1017 2357 1159 2398 jucunda
1175 2356 1353 2388 admodum.

993 2407 1066 2437 334.
1090 2406 1209 2436 Sor-aria
1230 2407 1330 2436 oscula
1354 2405 1448 2437 etiam
1470 2405 1513 2435 ix.
1532 2405 1607 2436 538.

950 2454 1019 2496 Ipse
1033 2454 1181 2496 explicat,
1192 2454 1226 2485 ii.
1239 2455 1312 2485 431.
1344 2453 1451 2495 Gierig
1464 2453 1604 2484 admisit:

944 2506 1046 2535 desine
1058 2511 1111 2534 unt
1114 2505 1208 2546 fugio
1219 2516 1230 2541 ,·
1254 2515 1336 2540 nam,
1350 2503 1464 2539 ajebat,
1478 2503 1606 2534 interro-

942 2553 1030 2593 'gatio
1055 2555 1182 2585 desinis?
1205 2566 1248 2584 an
1264 2553 1381 2596 fugio?
1411 2552 1607 2583 incommoda

948 2603 1022 2632 satis
1037 2607 1082 2633 est
1096 2615 1102 2632 z
1128 2609 1273 2633 caeterum
1289 2602 1338 2632 hic
1351 2612 1474 2644 quoque
1490 2601 1607 2643 simpli-

950 2649 1027 2681 citas
1050 2652 1136 2692 pueri
1163 2652 1241 2682 bene
1267 2656 1388 2689 notata;
1414 2650 1468 2681 sed
1495 2660 1532 2680 ea
1553 2660 1605 2681 ne-

950 2705 1067 2740 queant
1092 2710 1212 2730 versnm
1237 2699 1281 2730 ita
1304 2699 1532 2730 claudicantem
1555 2708 1609 2729 ex-

950 2757 1067 2778 CUSiU'e.
