1763 3181
244 188 330 231 434

637 187 687 228 Ρ.
722 186 934 229 OVIDII
968 186 1248 230 NASONIS

246 303 436 366 Magna
459 317 668 366 sequar:
698 302 897 350 titulum
923 310 1127 351 servatae
1151 303 1299 367 pubis
1321 302 1540 360 Achivae,
1566 306 1629 352 56

246 381 592 444 Notitiamque
616 380 710 428 loci
736 380 967 437 melioris,
995 388 1046 428 et
1069 379 1268 445 oppida,
1297 397 1507 444 quorum

243 457 342 505 Hie
377 473 580 522 quoque
613 457 745 505 fama
779 458 928 521 viget,
969 458 1251 521 cultusque,
1293 466 1527 522 artesque
1558 458 1628 506 vi-

445 551 608 582 rorum
628 552 638 582 :

241 611 506 675 Quemque
522 628 615 674 ego
633 627 747 659 eum
763 612 927 667 rebus,
946 627 1072 675 quas
1087 619 1221 659 totus
1238 612 1461 676 possidet
1477 612 1626 669 orbis,

244 690 534 737 AEsonidem
558 691 782 737 mutasse
806 690 982 738 velim:
1022 705 1122 752 quo
1147 690 1358 752 conjuge
1382 689 1519 745 felix,
1569 691 1634 736 60

244 765 312 813 Et
334 767 423 814 Dis
448 783 563 814 cara
586 767 729 823 ferar,
757 774 808 815 et
832 767 1014 814 vertice
1041 766 1205 815 sidera
1227 774 1446 829 tangam.

244 842 394 899 Quid,
422 844 558 906 quod
583 843 750 892 neseio
776 843 861 908 qui
888 844 1062 891 mediis
1087 860 1379 891 concurrere
1411 843 1461 891 in
1485 843 1632 890 undis

244 919 490 968 Dicuntur
514 928 726 977 montes,
753 921 1046 984 ratibusque
1072 921 1270 968 inimica
1297 920 1598 985 Charybdis,

286 1074 340 1106 56.
365 1073 490 1114 Sequar,
504 1074 555 1105 vel
570 1084 750 1116 persequar,
765 1073 816 1104 vel
831 1084 905 1105 eon-

240 1134 364 1165 sequar.
413 1123 544 1160 Titulus,
569 1123 679 1165 gloria,
709 1129 743 1154 ut
761 1123 807 1153 iv.
832 1124 906 1154 644.

244 1174 367 1209 Cultus,
403 1171 476 1203 vitae
512 1172 590 1203 ratio
623 1173 762 1204 exculta.
818 1174 907 1203 Artes

242 1233 340 1263 quum
368 1227 400 1253 et
427 1222 561 1252 inventae
588 1228 620 1253 et
653 1222 785 1253 excultae
821 1222 905 1264 apud

241 1271 369 1302 Graecos
391 1271 463 1307 sint,
479 1271 640 1302 commode
667 1271 717 1302 hic
745 1272 779 1301 fit
801 1282 905 1302 earam

240 1321 371 1352 mentio.
416 1321 506 1351 Male
521 1320 615 1362 igitur
631 1320 689 1352 hoc
703 1320 904 1356 vocabulum,

239 1376 272 1401 et
286 1380 430 1412 sequens,
441 1369 597 1400 licitatum
611 1375 669 1400 est.
714 1371 783 1400 Hoc
799 1374 904 1400 autem

240 1430 297 1451 nos
311 1419 424 1450 morari
441 1430 501 1449 non
520 1419 626 1454 debet,
644 1418 727 1461 quod
749 1419 804 1449 illo
824 1424 903 1450 tem-

240 1480 314 1512 pore
339 1476 418 1500 artes
441 1469 579 1499 nondum
605 1470 801 1499 effloruerant
825 1468 905 1500 inter

241 1520 370 1551 Graecos
382 1530 390 1556 3
412 1517 526 1548 millies
551 1517 633 1548 enim
654 1518 768 1548 Noster
783 1523 903 1559 tempo-

240 1579 308 1600 rum
321 1567 487 1598 discrimen
499 1567 649 1608 neglexit.
665 1566 819 1598 Conferii.
832 1567 905 1598 795.

283 1618 336 1648 60.
354 1616 490 1652 Mutare,
501 1621 689 1658 permutare.
714 1615 839 1646 Mutare
848 1616 904 1647 Ja-

240 1677 346 1698 sonem
371 1678 440 1697 cum
464 1667 552 1696 rebus
578 1664 774 1707 exquisitius,
797 1675 903 1706 quam,

241 1721 362 1746 mutare
376 1725 424 1746 res
445 1725 518 1745 cum
534 1715 554 1746 J
557 1725 661 1745 asone.
706 1713 802 1744 Amat
816 1714 904 1744 illam

241 1764 474 1796 conversionem
490 1764 586 1795 etiam
601 1763 759 1800 Horatius,
772 1775 802 1794 v.
815 1774 843 1795 c.
859 1764 904 1794 II.

242 1814 305 1845 Od.
320 1814 373 1845 xii.
393 1815 449 1844 13:
476 1813 559 1844 Num
581 1820 615 1844 tu
641 1813 823 1855 Mygdonias
841 1824 905 1853 opes

237 1869 411 1904 permutare
430 1864 502 1893 velis
521 1864 605 1893 crine
628 1862 802 1902 Licymniae.
826 1861 904 1893 Vid.

240 1911 414 1948 Bentleius,
436 1911 476 1942 ad
499 1911 545 1942 ΙΙ.
562 1910 627 1941 Od.
644 1910 707 1941 xvi.
727 1912 777 1942 19.
825 1910 903 1941 Con-

230 1961 399 2003 jugefelix
412 1972 423 1998 ,·
447 1966 480 1992 at
493 1961 532 1991 ab
548 1966 664 1991 eventu
679 1959 860 2002 αἰνόγαμος
875 1965 907 1991 et

239 2009 430 2051 αἰνολεχὴς,
448 2009 583 2051 conjugii
598 2008 707 2039 infelix
728 2008 850 2050 passim
866 2010 906 2040 ab

242 2059 369 2101 Orpheo
395 2059 520 2090 dicitur.
568 2059 686 2089 Vertice
712 2059 809 2089 sidera
837 2065 903 2089 tan-

236 2120 319 2151 gam.
364 2109 484 2140 Passim
505 2113 673 2139 occurrunt
694 2107 779 2149 apud
797 2114 905 2149 poetas

240 2157 308 2194 Dii,
329 2158 383 2199 qui
404 2158 449 2189 ita
473 2168 506 2189 se
533 2157 692 2193 attollunt,
716 2163 751 2187 ut
773 2157 905 2199 vestigia

239 2213 358 2250 ponant
373 2207 406 2238 in
427 2212 519 2243 terra,
535 2206 637 2248 capite
659 2211 763 2237 autem
786 2206 903 2238 coelum

241 2261 391 2298 tangant:
425 2255 470 2286 sic
494 2255 578 2297 apud
603 2254 844 2292 Callimachum,
868 2255 902 2286 h.

241 2306 350 2337 Ceret.
367 2307 419 2336 49.
432 2311 464 2336 et
479 2305 663 2346 Virgilium,
678 2305 757 2335 AEn.
775 2305 816 2335 iv.
835 2306 906 2336 176.

240 2355 325 2386 Hinc
351 2354 442 2386 fluxit
464 2354 596 2385 formula
622 2353 723 2396 poetis
747 2354 908 2386 familiaris

242 2405 374 2445 (Horat.
391 2405 418 2435 Ι.
435 2404 499 2435 od.
515 2405 539 2434 i.
554 2404 618 2442 363
641 2403 766 2440 Noster,
780 2403 802 2434 i.
818 2404 906 2435 Fast.

243 2454 338 2495 210.)
388 2454 502 2484 Vertice
520 2454 626 2484 coelum
639 2453 752 2495 ferire,
769 2458 822 2484 aut
838 2460 905 2484 tan-

239 2514 320 2545 gere,
333 2513 396 2545 qua
411 2502 543 2544 primum
559 2502 712 2532 immensa
725 2507 757 2532 et
771 2508 906 2543 augusta

242 2553 388 2594 quaedam
401 2552 542 2588 altitudo,
555 2551 667 2583 deinde
680 2551 810 2593 insignis
821 2563 906 2594 quae-

243 2602 315 2633 dam
341 2608 372 2633 et
393 2602 465 2643 plus
489 2611 584 2643 quam
607 2600 745 2632 humana
773 2600 907 2633 felicitas

242 2651 484 2694 exprimebatur.
516 2650 686 2687 Ausonius,
703 2650 752 2681 Id.
768 2650 833 2682 viii.
843 2653 884 2683 52
898 2664 904 2682 :

244 2708 308 2732 tum
324 2707 424 2741 terque
438 2706 544 2740 quater
554 2702 819 2741 quebeatus—tam
836 2707 904 2732 tan-

244 2762 312 2791 gam
327 2752 436 2780 vertice
451 2750 568 2781 coelum.

1017 1076 1071 1107 62.
1098 1076 1190 1112 Quid,
1214 1077 1290 1116 quod
1314 1076 1420 1111 nescio,
1446 1074 1525 1114 etc.]
1557 1073 1635 1105 Esse

973 1124 1100 1166 quidem
1124 1124 1265 1167 pericula
1291 1124 1441 1154 nonnulla
1469 1123 1635 1154 subeunda

973 1173 1132 1215 intelligit,
1150 1173 1205 1204 sed
1222 1173 1360 1204 animum
1376 1172 1466 1213 erigit
1485 1182 1532 1208 eo,
1549 1171 1634 1214 quod

971 1223 991 1254 J
995 1233 1119 1253 asonem
1130 1233 1221 1253 suum
1234 1221 1350 1252 habeat
1365 1220 1521 1252 comitem.
1567 1220 1635 1252 Me·

972 1274 1041 1308 diis,
1065 1279 1125 1302 etc.
1170 1271 1315 1312 Intellige
1341 1270 1488 1312 Cyaneae,
1511 1269 1634 1306 insulae,

971 1332 1027 1352 seu
1051 1327 1158 1363 petrae,
1173 1327 1281 1352 contra
1307 1320 1441 1350 Pontum
1465 1319 1634 1355 Euxinum,

972 1381 1041 1412 quae
1064 1381 1161 1412 quum
1184 1375 1308 1412 propter
1332 1374 1498 1410 angustum
1521 1368 1633 1400 transi-

971 1426 1038 1451 tum
1059 1431 1095 1451 ex
1112 1420 1254 1451 illusione
1275 1419 1379 1461 optica
1395 1429 1573 1449 concurrere
1588 1418 1634 1449 vi-

971 1469 1118 1500 derentur
1139 1468 1369 1510 navigantibuS,
1391 1466 1634 1509 συμπληγάδες,

973 1517 1203 1561 συνόρομάόες,
1223 1516 1433 1559 συνορμὰὃες,
1454 1523 1485 1548 et
1507 1528 1635 1548 concur-

973 1569 1073 1599 rentia
1103 1580 1172 1599 saxa
1197 1567 1401 1598 dicebantur:
1427 1566 1499 1597 vide
1525 1566 1633 1597 Schol.

974 1616 1143 1659 Euripidis,
1172 1617 1212 1647 ad
1242 1615 1333 1647 Med.
1363 1617 1405 1654 2;
1441 1616 1635 1657 Tournefort,

976 1666 1094 1708 Voyage
1104 1668 1147 1697 du
1160 1667 1276 1697 Levant
1290 1678 1300 1703 ,·
1317 1672 1392 1696 tom.
1404 1666 1438 1696 ii.
1450 1677 1481 1707 p.
1494 1667 1553 1696 149
1564 1676 1634 1708 sqq.

1016 1716 1068 1747 63.
1094 1715 1286 1756 Charybdis]
1315 1714 1403 1746 Nihil
1427 1715 1460 1745 in
1483 1715 1560 1745 freto
1582 1715 1631 1746 Si-

972 1765 1044 1796 culo
1058 1765 1193 1796 nobilius
1207 1766 1359 1805 Charybdi
1369 1771 1400 1796 et
1415 1764 1530 1805 Scylla.
1555 1764 1634 1795 cha-

972 1816 1101 1855 rybdim,
1117 1816 1242 1851 ratibus,
1256 1825 1335 1856 quas
1350 1814 1636 1856 appropinquantes

972 1864 1127 1900 absorbet,
1143 1864 1235 1895 hodie
1252 1864 1354 1894 minus
1369 1874 1463 1905 quam
1479 1863 1554 1893 olim
1573 1865 1634 1893 ini-

972 1915 1090 1949 micam,
1116 1913 1211 1944 efficit
1239 1912 1452 1943 vehementior
1478 1911 1634 1943 undarum

972 1961 1075 1992 fluxus
1094 1961 1155 1992 sibi
1176 1961 1310 1992 invicem
1326 1961 1507 1997 contrarius,
1523 1966 1557 1991 ut
1578 1961 1633 1991 ob-

972 2011 1106 2042 servavit
1121 2011 1215 2042 etiam
1231 2021 1329 2052 nuper
1344 2010 1483 2052 Brydon.
1498 2012 1530 2040 in
1547 2010 1635 2041 Reise

973 2061 1050 2091 nach
1072 2061 1207 2097 Sicilien,
1223 2066 1298 2091 tom.
1315 2060 1342 2091 I.
1358 2059 1458 2102 Epist.
1481 2059 1525 2090 iii.
1570 2060 1634 2091 Ve-

970 2115 1052 2140 teres
1081 2115 1185 2140 autem
1213 2110 1374 2150 putarunt,
1403 2108 1436 2138 in
1465 2108 1542 2139 mari
1567 2118 1635 2139 esse

969 2158 1129 2195 vorticem,
1145 2159 1258 2189 fluctus
1272 2168 1355 2188 nunc
1371 2159 1532 2188 sorbentem
1547 2158 1630 2198 (sor-

970 2208 1035 2238 bere
1049 2213 1080 2239 et
1092 2209 1237 2238 resorbere
1251 2205 1496 2248 ἀναῤῥοιβόεἵν,
1510 2206 1635 2248 ponitur

970 2256 1009 2287 de
1033 2256 1176 2297 vortice,)
1199 2267 1282 2287 nunc
1305 2257 1486 2286 reddentem.
1531 2255 1635 2296 Scylla

973 2305 1083 2347 (hodie
1107 2305 1240 2348 Sciglio)
1267 2304 1508 2348 promontorium
1531 2311 1633 2346 petro-

972 2366 1040 2386 sum
1056 2355 1088 2386 in
1103 2355 1191 2386 litore
1207 2354 1372 2388 Calabriae.
1383 2353 1422 2384 ad
1438 2352 1521 2394 quod
1534 2354 1634 2385 maxi-

970 2415 1022 2434 mo
1037 2415 1109 2435 curn
1126 2403 1227 2434 sonitu
1249 2403 1421 2434 alliduntur
1438 2401 1529 2432 undae
1551 2401 1632 2433 freti.

972 2453 1120 2484 Cinctum
1144 2459 1191 2483 est
1216 2451 1351 2493 scopulis
1375 2461 1391 2481 e
1417 2449 1494 2481 mari
1518 2450 1632 2492 promi-

971 2502 1127 2538 nentibus,
1143 2502 1175 2532 in
1199 2501 1312 2542 quibus
1333 2500 1503 2542 speluncae,
1518 2499 1632 2540 quibus

972 2558 1103 2592 augetur
1123 2549 1270 2592 strepitus
1291 2549 1342 2580 ille
1364 2547 1530 2579 undarum.
1565 2548 1633 2578 Hos

971 2611 1044 2641 ergo
1059 2601 1190 2631 Veteres
1206 2599 1351 2639 (Homer.
1368 2596 1430 2628 Od.
1448 2600 1493 2628 M.
1508 2597 1548 2627 73
1562 2606 1633 2637 sqq.

973 2650 1060 2691 Virg.
1074 2650 1150 2680 [ΕΠ.
1159 2648 1203 2679 iii.
1214 2648 1306 2687 424.)
1322 2657 1392 2678 cum
1403 2647 1536 2682 canibus,
1547 2645 1631 2676 scili-

970 2705 1021 2730 cet
1035 2697 1173 2732 marinis,
1186 2699 1267 2728 saevis
1281 2702 1312 2728 et
1327 2697 1509 2726 latrantibus
1526 2693 1629 2736 (quod

970 2749 1097 2780 verbum
1122 2747 1218 2779 etiam
1243 2746 1282 2778 de
1305 2745 1434 2787 strepitu
1460 2744 1627 2779 undarum.
