1763 3181
395 184 1015 227 METAMORPHOSEON
1050 183 1169 225 LIB.
1204 184 1295 225 III.
1441 185 1524 226 241

143 300 534 365 Narcissumque
559 308 729 349 vocat:
769 301 831 347 de
857 316 957 363 quo
982 300 1257 355 consultus,
1281 316 1343 347 an
1368 308 1503 348 esset

141 377 386 442 Tempora
408 385 612 426 maturae
635 378 827 425 visurus
851 378 999 439 longa
1023 383 1266 434 seneetae;

142 454 393 503 Fatidieus
418 464 572 513 vates,
602 456 656 503 Si
681 472 734 503 se
759 472 857 503 non
881 454 1073 510 viderit,
1099 454 1278 516 inquit.

141 531 284 579 Vana
306 533 391 580 diu
414 534 520 580 visa
543 540 620 581 est
643 549 738 580 vox
764 532 962 595 auguris
983 549 992 580 :
1032 532 1196 579 exitus
1222 531 1371 587 illam,
1428 535 1524 580 349

143 608 348 673 Resque
373 612 566 675 probat,
593 610 782 673 letique
810 625 983 672 genus,
1011 609 1305 671 novitasque
1330 608 1523 656 furoris.

140 685 356 749 Jamque
381 694 455 735 ter
479 688 541 735 ad
566 687 746 751 quinos
770 703 923 733 unum
950 685 1217 749 Cephisius
1244 702 1429 733 annum

140 762 442 823 Addiderat3
482 772 776 829 poteratque
801 781 924 828 puer
943 763 1241 827 juvenisque
1265 763 1435 811 videri.

143 841 294 889 Multi
318 842 456 890 illum
475 844 701 906 juvenes,
728 843 895 889 multae
920 841 1121 905 cupiere
1147 842 1344 905 puellae.

143 919 245 966 Sed
270 919 362 967 fuit
385 921 436 967 in
458 927 630 968 tenera
652 926 754 966 tam
779 919 886 966 dira
911 919 1143 982 superbia
1166 918 1348 975 forma3

143 997 280 1044 Nulli
304 998 442 1044 illum
460 999 688 1061 juvenes,
716 998 861 1044 nullae
886 996 1094 1058 tetigere
1119 996 1313 1059 puellae.
1428 999 1524 1044 355

206 1075 402 1139 Aspicit
416 1075 564 1130 hunc,
582 1075 801 1139 trepidos
822 1074 1093 1136 agitantem
1113 1072 1164 1118 in
1184 1073 1310 1120 retia
1334 1089 1522 1130 cervos,

139 1153 340 1200 Voealis
363 1153 409 1199 N
415 1153 600 1216 ymphe
618 1171 629 1208 ;
660 1168 771 1215 quae
791 1167 882 1198 nec
903 1150 1112 1197 reticere
1132 1150 1376 1212 loquenti,

142 1230 251 1278 Neo
276 1230 408 1295 prior
431 1230 541 1294 ipsa
564 1229 700 1292 loqui
726 1228 914 1285 didicit,
942 1227 1233 1276 resonabilis
1261 1227 1415 1274 Echo.

143 1307 338 1371 Corpus
360 1307 521 1354 adhuc
549 1306 705 1362 Echo,
724 1323 821 1353 non
842 1321 937 1353 vox
959 1312 1086 1352 erat:
1116 1312 1166 1352 et
1190 1311 1357 1351 tamen
1382 1320 1527 1350 usum

143 1386 354 1433 Garrula
383 1402 481 1432 non
513 1384 680 1442 alium,
709 1400 859 1447 quam
891 1400 1021 1430 nune
1055 1383 1224 1438 habet,
1251 1382 1347 1429 oris
1376 1382 1527 1428 habe-

142 1461 456 1518 Reddere‘ffde
477 1462 646 1509 multis
662 1469 717 1508 ut
731 1461 881 1508 verba
901 1460 1169 1507 novissima
1186 1466 1372 1522 posset.
1403 1459 1525 1520 [bat,

143 1540 350 1589 Fecerat
373 1540 468 1587 hoc
493 1539 521 1586 J
527 1556 641 1595 uno,
671 1539 803 1602 quia,
825 1554 979 1601 quum
1004 1537 1312 1600 deprendere
1337 1542 1508 1599 posset

144 1619 248 1665 Sub
273 1617 396 1666 Jove
421 1634 555 1681 saepe
581 1633 669 1664 suo
697 1615 960 1679 Nymphas
987 1614 1035 1660 in
1060 1620 1228 1660 monte
1248 1614 1492 1676 jacentes,

141 1695 235 1743 Illa
260 1695 421 1743 Deam
445 1696 592 1757 longo
617 1694 834 1758 prudens
862 1708 1087 1738 sermone
1112 1691 1331 1744 tenebat,
1429 1691 1524 1736 364

142 1773 275 1820 Dum
285 1772 514 1836 fugerent
524 1770 799 1835 Nymphae:
819 1776 1087 1833 postquam
1101 1766 1334 1814 Saturnia
1344 1766 1523 1824 sensit3

140 1908 290 1951 Nympha
304 1908 372 1949 ipsa
388 1906 520 1948 Liriope,
537 1915 606 1946 quae
628 1903 721 1934 enixa
735 1903 774 1934 sit
788 1914 797 1941 3

141 1969 202 1990 non
224 1959 250 1989 is
269 1958 323 2000 qui
347 1962 452 1999 posset
469 1956 566 1988 amari
590 1967 608 1987 a
632 1954 800 1997 Nymphis.

140 2008 292 2039 Deleatur
308 2007 429 2049 virgula
443 2013 512 2049 post
531 2006 691 2048 infantem,
708 2011 739 2036 et
754 2015 800 2036 re-

139 2063 272 2100 ponatur
297 2063 367 2099 post
394 2057 552 2098 Nymphe5
586 2062 617 2088 et
640 2067 708 2088 eam
735 2057 799 2087 lec-

140 2108 256 2138 tionem
284 2107 453 2148 genuinam
482 2107 688 2149 praetulerim:
726 2107 797 2138 vide

140 2156 221 2187 infra
234 2167 297 2188 ver.
314 2157 387 2187 357.
401 2156 455 2187 ubi
471 2157 619 2198 Nymphe
634 2156 795 2198 reperitur.

145 2206 254 2237 Nunc.-
292 2206 361 2237 vide
391 2207 431 2237 ad
457 2207 483 2237 I.
510 2208 583 2237 321.
643 2207 800 2238 Fatidimts

140 2261 230 2292 vates,
244 2255 445 2298 χρηστήριος
458 2255 584 2299 μάντις.
611 2257 716 2288 Videre
729 2263 800 2287 tem-

137 2315 222 2344 pora,
253 2305 385 2336 vivendo
407 2316 443 2336 eo
467 2305 641 2347 pervenire.
672 2306 716 2347 ΞΓ
719 2317 801 2343 uror,

140 2364 267 2385 insanus
281 2366 375 2388 amor.

183 2406 256 2436 352.
282 2406 366 2437 Puer
378 2409 571 2448 juvenisque,
591 2407 612 2438 i.
628 2418 656 2438 e.
680 2405 802 2437 medius

142 2459 208 2485 erat
228 2454 309 2486 inter
332 2462 516 2498 utrumque;
538 2456 609 2488 vide
633 2457 672 2487 ad
692 2457 734 2488 iv.
753 2458 802 2488 17.

144 2502 269 2543 Cupere,
298 2510 334 2535 ut
360 2512 469 2545 petere,
497 2506 536 2537 de
566 2506 743 2536 amantibus
771 2511 803 2537 et

141 2553 298 2584 connubia
326 2554 518 2596 optantibus.
578 2555 702 2591 Tener-(1,
731 2554 801 2597 pul-

143 2600 227 2632 chra.
273 2603 365 2634 Dira.
411 2603 476 2634 Alii
493 2604 609 2635 habent
624 2606 702 2635 dura
720 2604 802 2646 quod

143 2661 203 2681 non
227 2651 381 2695 improbat
404 2654 613 2690 Burmannus,
638 2654 711 2695 quia
732 2656 799 2684 teti-

141 2712 211 2742 gere
226 2702 375 2744 sequitur,
391 2714 446 2745 pro
461 2714 521 2745 quo
537 2709 642 2734 tamen
657 2703 710 2734 alii
722 2705 801 2744 flex-

143 2755 201 2775 ere.
224 2745 312 2776 Idem
330 2748 425 2777 verba
437 2748 662 2788 „sitit—jbrma,
677 2758 733 2788 per
747 2758 800 2789 pa-

866 1908 1024 1939 renthesin
1040 1908 1163 1950 adjecta
1177 1912 1276 1949 putat.
1323 1907 1468 1946 Superbia
1484 1911 1531 1937 est

867 1957 1050 1994 amantium,
1081 1956 1134 1998 qui
1162 1956 1314 1987 fastidiosi
1351 1967 1413 1986 non
1441 1956 1531 1987 reda-

867 2013 964 2037 mant.
985 2006 1089 2037 Tibul.
1106 2006 1136 2036 Ι.
1154 2006 1218 2036 viii.
1234 2006 1436 2047 69.flzstidia.
1476 2005 1530 2035 Te-

868 2059 972 2098 tigere,
1002 2057 1126 2087 flectere
1156 2056 1223 2097 ejus
1253 2055 1391 2086 animum
1423 2060 1531 2096 potue-

864 2112 946 2144 runt,
976 2112 1010 2137 ut
1036 2105 1077 2137 iv.
1102 2107 1174 2137 164.
1228 2106 1270 2135 Et
1293 2110 1339 2135 est
1359 2105 1473 2146 flexere
1498 2103 1531 2134 in

864 2157 956 2187 Varr.
986 2158 1078 2187 Lect.
1108 2157 1193 2186 Lusu
1223 2161 1326 2185 autem
1356 2154 1421 2191 illo,
1448 2165 1530 2185 vers.

866 2207 928 2237 353
955 2211 987 2236 et
1013 2207 1086 2236 355.
1110 2204 1261 2247 expressit
1290 2204 1396 2234 Catul.
1426 2204 1531 2234 Carm.

867 2256 967 2297 Nupt.
984 2256 1036 2286 58.

911 2312 984 2342 356.
1008 2311 1122 2350 Aspicit
1146 2310 1236 2345 hunc,
1258 2309 1334 2349 etc.]
1383 2309 1427 2339 Ut
1447 2309 1529 2339 Nar-

869 2360 967 2390 cissus
982 2359 1021 2390 ad
1037 2359 1124 2389 Echo
1145 2358 1178 2387 in
1200 2357 1286 2388 silvis
1300 2364 1475 2388 versantem
1499 2362 1531 2388 et

870 2409 909 2439 ad
939 2408 1054 2439 fontem
1084 2407 1244 2437 commode
1274 2406 1388 2437 deduci
1418 2413 1532 2448 posset,

867 2464 1030 2500 propterea
1051 2467 1169 2487 venans
1189 2456 1358 2486 inducitur.
1407 2456 1533 2493 soc-alis,

869 2516 943 2536 voce
960 2505 1118 2536 notabilis.
1166 2505 1276 2535 Obiter
1299 2504 1352 2535 sed
1371 2505 1532 2536 commode

870 2556 961 2597 hujus
972 2554 1128 2597 Nymphae
1143 2554 1208 2585 fata
1221 2554 1378 2596 superiora
1391 2553 1533 2584 innectit.

871 2606 1018 2640 Reddere,
1035 2610 1187 2646 repetere.
1210 2603 1294 2634 Plin.
1311 2602 1393 2633 Hist.
1410 2603 1484 2633 Nat.
1500 2615 1531 2634 x.

869 2655 928 2685 42:
968 2654 1125 2684 Humanas
1151 2664 1230 2684 voces
1249 2654 1383 2683 reddunt
1399 2654 1531 2692 psittaci.

872 2704 948 2733 Mox
965 2703 1008 2733 sie
1025 2709 1177 2742 reportare
1192 2707 1223 2732 et
1238 2703 1401 2732 remittere.
1450 2702 1531 2731 Pru,-

871 2754 951 2788 dem,
967 2752 1118 2782 consulto.
