1763 3181
223 177 308 219 ‘248
614 177 662 217 P.
698 174 910 217 OVIDII
945 174 1222 216 NASONIS

230 291 362 346 Quid
400 291 608 338 faciam?
654 306 808 353 roger,
852 306 977 337 anne
1016 290 1218 352 rogem?
1263 289 1384 352 quid
1425 287 1605 335 deinde

428 368 610 430 rogabo
627 368 644 413 ?
1510 366 1607 411 465

231 445 377 500 Quod
401 445 546 509 cupio
572 460 766 492 mecum
792 451 883 498 est,
911 443 1106 506 inopem
1140 458 1218 490 me
1242 442 1386 506 copia
1409 441 1541 488 fecit.

233 522 276 568 O
305 523 493 570 utinam
520 529 688 569 nostro
714 521 946 568 secedere
967 536 1170 583 corpore
1196 519 1420 584 possem!

232 599 415 647 Votum
441 601 490 647 in
515 606 712 647 amante
738 614 944 654 novum;
983 598 1176 652 vellem,
1204 597 1336 660 quod
1370 611 1608 650 amamus,

432 677 656 724 abesset!

231 752 447 816 Jamque
472 754 611 800 dolor
635 753 760 801 vires
786 754 985 810 adimit3
1016 768 1106 800 nec
1129 760 1352 815 tempora
1371 750 1482 797 vitae
1512 752 1608 797 469

234 831 405 893 Longa
421 846 544 878 meae
565 839 826 895 superant3
855 831 1113 895 primoque
1134 829 1394 890 extinguor
1412 827 1461 874 in
1482 842 1608 874 aevo:

237 907 345 955 Nec
370 908 489 955 mihi
514 924 645 955 mors
670 908 830 970 gravis
856 915 933 955 est
955 907 1176 971 posituro
1201 913 1358 952 morte
1382 904 1594 951 dolores.

236 983 349 1039 Hic,
377 985 462 1047 qui
486 984 723 1046 diligitur,
748 985 927 1032 vellem
951 983 1226 1030 diuturnior
1249 988 1384 1031 esset
1404 999 1414 1028 ;

237 1061 284 1108 N
289 1077 384 1107 unc
409 1061 507 1108 duo
528 1061 800 1108 concordes
825 1060 989 1108 anima
1011 1059 1274 1107 moriemur
1297 1059 1346 1105 in
1370 1057 1517 1105 una.''

307 1137 464 1194 Dixit,
491 1145 542 1185 et
566 1138 627 1185 ad
653 1137 828 1185 faciem
854 1137 999 1184 rediit
1022 1137 1303 1184 malesanus
1328 1135 1566 1191 eandem;

240 1213 306 1261 Et
328 1215 542 1262 lacrimis
567 1215 783 1263 turbavit
806 1231 990 1278 aquas;
1020 1215 1331 1277 obscuraque
1351 1220 1485 1260 moto
1520 1214 1617 1259 475

241 1290 459 1339 Reddita
472 1291 627 1341 forma
646 1293 758 1340 lacu
777 1300 880 1341 est:
909 1309 1059 1356 quam
1078 1309 1231 1356 quum
1244 1291 1451 1338 vidisset
1465 1289 1617 1345 abire,

243 1374 272 1391 “
301 1367 412 1422 Quo
427 1368 586 1431 fugis?
608 1386 636 1416 o
651 1386 872 1427 remane3
902 1386 994 1418 nec
1010 1385 1105 1426 me,
1122 1369 1352 1424 crudelis,
1370 1374 1619 1415 amantem

243 1443 481 1500 Desere,”
499 1446 756 1494 clamavit:
787 1452 818 1470 “
838 1447 1001 1502 liceat,
1025 1447 1159 1511 quod
1177 1454 1381 1508 tangere
1405 1461 1504 1492 non
1523 1451 1616 1499 est,

240 1520 496 1585 Aspicere,
524 1529 576 1570 et
599 1523 778 1571 misero
804 1525 1026 1588 praebere
1051 1524 1286 1572 alimenta
1304 1521 1504 1570 furori.”

242 1596 476 1662 Dumque
501 1600 651 1657 dolet,
669 1617 862 1649 summa
878 1610 1067 1650 vestem
1087 1601 1298 1650 deduxit
1314 1601 1376 1648 ab
1397 1616 1496 1656 ora,
1523 1602 1621 1647 480

286 1730 360 1761 470.
396 1731 558 1772 Superum,
587 1740 764 1775 supersunt.
808 1735 901 1773 Quod

243 1778 452 1820 Virgilianum
473 1782 744 1822 est—Superatne,
764 1790 792 1814 et
814 1785 902 1814 vesci-

244 1834 297 1858 tm·
312 1830 410 1859 aura?
457 1830 559 1861 Primo
573 1842 641 1868 aevo,
653 1831 782 1863 ineunte
798 1839 903 1865 aetate.

245 1879 356 1908 Anima
369 1880 402 1909 in
417 1890 490 1916 una,
507 1880 582 1910 dum
602 1891 682 1912 unus
697 1881 832 1912 animam
849 1893 902 1913 ex-

245 1925 341 1957 halat.
385 1926 516 1958 Dictum
530 1928 588 1959 hoc
602 1939 619 1960 e
633 1940 773 1961 sermone
786 1929 902 1961 intimae

244 1974 464 2007 familiaritatis
487 1977 544 2008 sibi
564 1977 754 2010 vindicantis
775 1979 902 2010 alterius

245 2028 368 2055 sortem.
399 2024 441 2057 ἰν.
459 2026 539 2064 108;
572 2026 614 2057 ix.
637 2028 721 2066 3883
755 2027 809 2058 xii.
828 2029 903 2060 229.

245 2072 307 2102 Sed
337 2073 376 2103 ab
405 2073 463 2104 hoc
490 2074 559 2106 loco
586 2075 722 2108 alienum
747 2083 803 2114 est,
830 2077 903 2119 quia

246 2121 412 2153 Narcissus
423 2123 491 2165 jam
511 2131 659 2161 senserat,
675 2126 786 2157 umbra
799 2137 856 2158 sua
870 2138 903 2159 se

246 2169 364 2202 ardere.
408 2171 521 2203 Malim
532 2174 689 2216 explicare
702 2186 763 2206 non
777 2175 824 2207 illi
836 2177 902 2209 ani-

246 2229 332 2250 mum
347 2220 471 2258 mutari,
486 2221 561 2253 licet
574 2233 706 2254 errorem
721 2226 890 2266 agnoverit.

291 2268 365 2299 474.
388 2268 574 2307 Malesanus,
597 2271 735 2309 insanus,
756 2273 805 2304 vel
830 2275 905 2316 quia

247 2315 369 2348 redibat
384 2317 424 2349 ad
439 2328 553 2360 aquam
568 2331 637 2362 quae
657 2323 825 2354 renovabat
849 2324 903 2356 do—

246 2364 337 2403 lores,
353 2367 403 2397 vel
414 2373 538 2410 propter
548 2380 683 2402 amorem
697 2371 755 2403 sui.
797 2373 905 2404 Lacri-

247 2417 302 2446 mis
315 2414 530 2448 incredibilem
545 2418 653 2450 tribuit
667 2420 743 2451 vim.

294 2464 370 2495 479.
388 2465 499 2496 Misero
511 2467 622 2507 J'urori
633 2480 644 2506 ,·
669 2470 753 2510 quod
768 2470 906 2503 homiues

249 2512 377 2544 miseros
392 2514 498 2553 faciat,
515 2516 568 2557 qui
585 2516 638 2548 illo
655 2524 815 2551 vexantur.

293 2562 368 2594 480.
393 2563 466 2601 Ονα,
482 2570 620 2597 extrema
635 2578 706 2609 pars
721 2569 827 2605 vestis,
843 2569 904 2606 vel,

250 2615 285 2640 ut
312 2610 370 2642 hoc
395 2612 462 2644 loco
487 2614 518 2645 in
543 2620 667 2656 pectore
694 2617 834 2657 (summa,
854 2630 903 2649 su-

248 2660 367 2701 prema)
391 2661 441 2692 vel
462 2662 542 2694 infra
563 2664 671 2706 (ima.)
708 2667 781 2698 Jam
803 2673 837 2698 ut
858 2667 903 2698 II.

249 2707 332 2740 Fast.
356 2710 437 2741 347:
464 2713 581 2744 tunicas
605 2725 657 2744 ora
682 2716 842 2748 subducere
867 2719 903 2747 ab

968 1738 1028 1766 ima
1053 1746 1145 1767 sensu
1166 1736 1324 1771 obscoeno,
1347 1734 1392 1765 sic
1417 1733 1448 1765 h.
1472 1734 1493 1764 l.
1519 1739 1623 1764 vestem

967 1787 1113 1816 deducere
1133 1797 1245 1816 summa
1269 1786 1306 1815 ab
1329 1795 1392 1820 ora,
1415 1782 1499 1825 quod
1521 1783 1623 1815 facere

967 1835 1119 1871 solebant,
1148 1834 1202 1876 qui
1226 1833 1371 1876 planctus
1395 1843 1490 1864 causa
1512 1837 1624 1875 pectus

968 1883 1150 1922 nudabant3
1176 1882 1239 1913 vid.
1262 1881 1412 1913 Heinsius
1437 1881 1477 1912 ad
1503 1881 1534 1912 h.
1549 1881 1572 1912 l.
1590 1886 1622 1912 et

968 1932 1168 1963 Burmannus
1183 1931 1224 1962 ad
1238 1931 1311 1962 Am.
1326 1931 1353 1962 I.
1369 1930 1422 1961 vii.
1438 1931 1493 1961 48.
1527 1930 1578 1962 Cf.
1593 1936 1625 1962 et

969 1980 1050 2011 infra
1063 1992 1093 2011 v.
1109 1981 1182 2012 399.
1226 1981 1296 2011 Hoc
1313 1986 1419 2011 autem
1439 1980 1622 2021 figmentum

970 2030 1153 2071 praeclarum
1174 2034 1229 2060 est.
1277 2029 1406 2060 Tenuem
1428 2029 1561 2059 ruborem
1583 2027 1623 2059 il-

969 2078 1080 2109 lustrat
1090 2077 1209 2120 duplici
1219 2077 1463 2120 comparatione,
1471 2088 1541 2120 quae
1552 2089 1622 2120 pro-

969 2127 1075 2158 banda
1089 2127 1217 2170 quidem
1231 2133 1297 2166 est3
1320 2127 1375 2158 sed
1396 2137 1437 2158 an
1455 2126 1624 2158 admirabi-

970 2177 1033 2208 lem
1058 2177 1229 2218 phantasiae
1247 2177 1309 2208 'vim
1332 2176 1455 2218 prodat,
1477 2181 1510 2208 et
1531 2176 1628 2218 digna

969 2225 1009 2257 sit
1023 2225 1148 2268 ingenio
1162 2225 1274 2257 summi
1292 2231 1402 2268 poetae,
1417 2232 1453 2257 ut
1466 2225 1627 2257 Schirach.

969 2274 1105 2312 videtur,
1120 2275 1233 2307 nescio.
1270 2275 1342 2306 Non
1365 2274 1514 2307 debemus
1537 2274 1624 2306 nimii

971 2334 1037 2355 esse
1061 2324 1094 2355 in
1116 2323 1284 2355 laudandis
1304 2328 1467 2366 poetarum
1485 2329 1624 2355 veterum

971 2374 1057 2404 locis.
1107 2373 1146 2404 In
1174 2372 1339 2415 posteriore
1361 2373 1463 2404 forsan
1491 2373 1627 2415 respexit

972 2422 1049 2453 Hor.
1070 2423 1116 2453 II.
1137 2423 1199 2454 Od.
1217 2434 1246 2455 v.
1270 2423 1329 2453 10:
1354 2422 1424 2453 Jam
1445 2424 1498 2453 tibi
1521 2423 1626 2454 lividos

975 2471 1149 2513 Distinguet
1174 2473 1348 2503 Autumnus
1379 2483 1517 2509 racemos,
1542 2472 1625 2502 Pur-

970 2531 1061 2559 pureo
1087 2522 1186 2552 varius
1206 2522 1312 2553 colore.
1347 2520 1437 2552 Alias
1455 2521 1548 2563 hujus
1569 2531 1623 2563 ge-

973 2569 1053 2600 neris
1082 2569 1300 2601 similitudines
1328 2570 1455 2612 collegit
1483 2571 1623 2602 Brouck-

972 2618 1078 2650 husius
1097 2619 1137 2650 ad
1155 2619 1293 2661 Propert.
1307 2619 1352 2651 11.
1367 2619 1399 2650 ii.
1413 2621 1466 2651 20.
1504 2619 1624 2651 Ducere

971 2670 1104 2706 colorem,
1116 2674 1148 2701 ut
1164 2668 1195 2700 in
1210 2669 1458 2712 Metamorphos.
1470 2670 1548 2701 libro
1559 2668 1623 2700 viii.

971 2719 1045 2750 760.
1069 2721 1178 2750 ducere
1197 2721 1362 2759 pallorem5
1386 2726 1420 2751 ut
1441 2726 1533 2752 antea
1555 2719 1623 2751 dix-
