1763 3181
410 174 1294 219 METAMORPHOSEON1]B.VL

1442 181 1526 220 405

144 288 379 343 Quamvis
405 291 502 338 sint
527 292 618 337 sub
645 306 790 353 aqua,
819 291 911 337 sub
944 307 1074 354 aqua
1097 293 1390 340 maledicere
1416 302 1521 341 ten-

339 374 461 415 tant.

1242 371 1491 431 [mescunt
1509 389 1518 425 ;

139 442 252 489 Vox
286 459 486 508 quoque
516 445 620 507 jam
657 459 806 490 rauca
836 451 941 501 est;
989 445 1255 509 inflataque
1287 447 1414 494 colla
1445 455 1520 494 tu-

138 518 358 583 Ipsaque
381 521 590 569 dilatant
614 521 809 584 patulos
836 521 1058 569 convicia
1086 523 1253 570 rictus.

138 595 299 659 Terga
322 606 472 662 caput
495 606 706 660 tangunt
719 617 732 655 -;
772 598 901 645 colla
924 599 1199 664 intercepta
1222 600 1477 656 videntur;

139 672 294 736 Spina
315 675 466 732 viret3
506 683 690 730 venter,
719 691 831 738 pars
856 675 1073 723 maxima
1097 677 1331 740 corporis,
1356 678 1515 725 albet:

137 748 435 814 Limosoque
459 768 595 798 novae
622 751 805 799 saliunt
828 751 877 798 in
903 753 1097 815 gurgite
1122 754 1300 801 ranae.”

1420 758 1511 801 381

202 827 291 875 IV.
326 829 409 876 Sic
433 829 519 877 ubi
544 829 712 877 nescio
737 828 850 892 quis
875 828 1030 892 Lycia
1047 830 1110 878 de
1136 838 1283 893 gente
1307 831 1518 878 virorum

137 903 352 952 Rettulit
375 906 609 964 exitium3
653 905 820 969 Satyri
846 906 1177 954 reminiscitur
1202 909 1339 962 alter,

178 1048 254 1079 376.
275 1048 336 1080 Sub
349 1061 438 1090 aqua,
453 1052 506 1081 sub
529 1063 627 1091 aqua3
652 1062 721 1093 quae
744 1061 790 1081 re-

134 1096 242 1138 petitio
263 1108 406 1129 ranarum
421 1100 634 1131 coaxationem
649 1111 709 1131 non
725 1102 790 1131 ine-

133 1145 273 1187 leganter
295 1148 450 1189 exprimit.
497 1149 679 1189 Intercepta,
704 1150 792 1191 quasi

134 1195 279 1237 absorpta
305 1202 336 1227 et
364 1207 381 1228 e
406 1197 510 1228 medio
537 1203 622 1239 tergo
647 1199 790 1235 sublata;

134 1254 205 1275 nam
225 1255 307 1276 ranae
329 1246 410 1276 collo
429 1252 546 1278 carent.
591 1248 727 1289 Elegans
747 1254 793 1279 est

134 1293 184 1325 hic
206 1294 297 1336 hujus
312 1295 395 1327 verbi
412 1306 501 1327 usus:
527 1296 632 1327 confer
646 1297 788 1328 Schwar-

134 1342 198 1374 zius
227 1344 267 1375 ad
296 1345 390 1376 Plinii
420 1346 575 1388 Panegyr.
601 1347 651 1377 16.
699 1348 791 1387 Spina

132 1394 209 1423 viret
220 1405 230 1430 ,·
254 1400 374 1435 tergum
388 1394 485 1426 viride
498 1401 555 1426 est.

176 1442 355 1474 382—400.
374 1443 513 1484 Marsyas
522 1446 551 1474 ἱη
554 1445 702 1486 flumem]
718 1445 791 1477 Tres

133 1489 267 1521 musicos
281 1491 420 1522 celebres
437 1493 545 1524 habuit
561 1493 707 1536 Phrygia,
723 1495 789 1536 Hy-

133 1539 289 1581 agnidetm
304 1541 464 1583 Marsyam
487 1542 554 1583 ejus
574 1542 671 1574 filium
692 1545 790 1584 (male

130 1589 214 1619 enim
221 1600 292 1620 eum
301 1590 444 1631 Hyginus
451 1591 558 1632 OEagri
567 1603 575 1630 3
584 1592 792 1634 Apollodorus

132 1644 236 1670 autem
259 1645 291 1670 et
314 1640 514 1682 Palaephatus
537 1641 665 1683 Olympi
694 1642 790 1673 fllium

132 1687 266 1728 faciunt)
281 1694 312 1719 et
327 1689 510 1730 Olympum,
525 1691 662 1732 Marsyae
683 1697 713 1722 et
728 1691 790 1722 dis-

132 1736 272 1778 cipulum
295 1743 326 1769 et
348 1738 519 1777 amasium;
543 1739 582 1770 de
605 1739 718 1781 quibus
741 1752 789 1772 eo-

131 1797 262 1828 rumque
276 1786 412 1818 inventis
426 1788 624 1825 Plutarchus,
635 1789 674 1820 de
690 1790 789 1821 Musi-

132 1846 180 1871 ca,
208 1841 240 1866 et
265 1836 491 1873 Casaubonius‚
522 1838 560 1868 ad
592 1838 789 1875 Athenaeum,

130 1884 193 1916 xiv.
209 1886 240 1918 2.
255 1885 403 1917 adeundi.
447 1886 496 1917 Ac
508 1886 649 1928 Hyagnis
664 1887 789 1928 quidem

130 1933 163 1965 in
185 1935 300 1965 Marm.
315 1934 437 1965 Arund.
455 1935 514 1976 Ep.
536 1947 566 1966 x.
589 1940 724 1977 tempore
748 1938 788 1967 Ε-

131 1983 302 2015 rechthonii
339 1983 486 2020 Celaenis,
519 1985 594 2016 urbe
630 1985 787 2026 Phrygiae,

130 2031 234 2069 tibias,
247 2032 415 2074 modosque
434 2033 585 2075 Phrygios
604 2033 720 2075 primus
741 2045 787 2066 re-

131 2081 246 2123 perisse
269 2081 410 2112 traditur.
457 2082 601 2123 Marsyas
617 2093 677 2113 non
696 2084 787 2114 modo

131 2131 209 2162 alios
222 2131 329 2162 modos
349 2130 478 2167 invenit,
494 2131 630 2163 Pausan.
645 2133 743 2163 Phoc.
759 2145 788 2175 p.

131 2181 216 2219 8733
249 2181 305 2212 sed
328 2186 434 2212 auctor
456 2180 550 2212 etiam
573 2181 694 2218 fistulae,
718 2193 787 2224 quae

131 2240 204 2260 cera
241 2228 465 2270 adglutinatur,
505 2230 669 2261 exhibetur
704 2232 787 2273 apud

131 2277 330 2314 Affienaeum,
346 2278 390 2309 iv.
406 2289 437 2320 p.
456 2278 526 2311 174.
571 2279 682 2320 Neque
697 2279 787 2310 dubi-

132 2338 186 2359 um
201 2332 260 2362 est,
276 2326 386 2357 tibiam
409 2337 475 2358 esse
491 2327 660 2368 Phrygium
681 2328 788 2359 inven-

131 2382 208 2413 tum,
217 2382 300 2407 certe
315 2387 332 2407 e
342 2376 479 2418 Phrygia
492 2376 524 2407 in
539 2376 693 2407 Graeciam
708 2378 786 2409 alla-

131 2430 218 2464 tam3
243 2424 358 2466 passim
387 2425 470 2456 enim
497 2424 580 2467 apud
603 2426 729 2457 Graecos
756 2432 787 2457 et

133 2474 260 2505 Latinos
275 2480 415 2505 auctores
429 2476 554 2505 barbara
575 2481 628 2505 aut
649 2476 785 2518 Phrygia

132 2525 216 2560 tibia,
234 2524 310 2554 item
337 2524 464 2566 Phrygii
487 2526 576 2560 modi,
600 2531 660 2555 etc.
678 2535 785 2556 occur-

130 2579 221 2605 runt:
245 2573 315 2604 vide
340 2574 510 2615 Spanhem.
535 2573 575 2604 ad
598 2573 786 2605 Callimachi

132 2622 283 2663 hymnum
297 2621 338 2652 ad
350 2621 445 2653 Dian.
458 2623 533 2654 245.
580 2623 715 2663 Marsyae
732 2634 785 2654 au-

132 2679 196 2702 tem
209 2671 325 2706 fabula,
337 2681 430 2712 quam
444 2672 557 2702 Noster
570 2671 693 2703 brevius
703 2673 787 2714 justo

132 2727 245 2756 narrat,
253 2720 365 2761 legitur
378 2720 472 2752 etiam
488 2722 571 2762 apud
584 2721 788 2758 Herodotum,

178 2769 278 2800 VOL.
301 2769 365 2799 III.

859 1050 913 1082 vii.
931 1052 992 1090 263
1016 1052 1254 1093 Apollodorum,
1272 1052 1301 1082 I.
1318 1051 1361 1083 iv.
1379 1054 1416 1091 23
1441 1053 1517 1084 Dio-

859 1099 968 1130 dorum
984 1100 1045 1131 Sic.
1059 1100 1102 1131 iii.
1118 1112 1149 1142 p.
1168 1101 1246 1138 1923
1269 1101 1440 1141 Hyginum,
1452 1102 1518 1133 fab.

862 1150 940 1187 1653
964 1150 1192 1191 Palaephatum‚
1211 1151 1355 1191 cap.48;
1376 1151 1521 1192 Fulgent.

859 1199 905 1231 iii.
921 1200 954 1230 9.
967 1199 1020 1240 qui
1035 1199 1164 1240 mystice
1182 1199 1318 1230 fabulam
1335 1199 1519 1241 interpreta-

860 1255 920 1278 tur.
965 1247 1068 1279 Gloss.
1092 1248 1162 1278 MS.
1183 1248 1215 1278 in
1239 1248 1382 1289 Fulgent.
1406 1248 1522 1280 Confer

860 1297 984 1333 Noster,
1000 1298 1083 1328 Fast.
1098 1297 1139 1328 vi.
1161 1298 1224 1328 696
1247 1308 1316 1339 sqq.
1340 1298 1419 1328 ibid.
1442 1300 1517 1329 551.

857 1346 976 1388 Injuste
988 1356 1059 1376 eum
1070 1346 1251 1377 damnatum
1264 1346 1339 1377 dicit
1352 1347 1519 1384 Lucianus‚

857 1395 888 1426 in
906 1395 1040 1436 Dialogo
1052 1396 1184 1427 ,lunonis
1196 1402 1227 1427 et
1243 1397 1383 1427 Latonae.
1423 1397 1520 1437 Lycia

857 1446 1033 1475 —zu'rorum
1070 1445 1264 1476 referendum
1304 1445 1344 1475 ad
1385 1447 1518 1477 mitium.

858 1495 987 1534 Satyrus
1013 1500 1059 1524 est
1085 1494 1152 1536 ipse
1178 1495 1335 1536 Marsyas.
1381 1495 1518 1536 Hygino,

861 1543 999 1584 Marsyas
1012 1550 1124 1582 pastor,
1138 1555 1217 1575 unus
1228 1555 1259 1574 ea·
1277 1544 1415 1584 Satyris5
1437 1544 1519 1575 unde

859 1603 930 1623 eum
943 1592 1061 1634 pictum
1073 1603 1142 1623 cum
1156 1593 1258 1623 cauda
1270 1592 1397 1634 porcina
1412 1599 1519 1623 auctor

858 1646 905 1671 est
928 1641 1120 1682 Fulgentius.
1173 1642 1308 1672 Silenum
1333 1652 1402 1672 eum
1429 1648 1519 1673 vocat

860 1690 1034 1722 Herodotus
1050 1690 1132 1721 dicto
1153 1690 1232 1722 loco.
1278 1692 1414 1726 Arunda,
1430 1690 1516 1726 tibia,

860 1750 929 1780 quae
953 1746 1019 1770 tum
1043 1751 1080 1770 ex
1106 1739 1175 1770 aliis
1200 1741 1302 1776 rebus,
1327 1740 1398 1776 loto,
1422 1740 1517 1776 buxo,

859 1794 918 1818 etc.
945 1794 1012 1819 tum
1038 1799 1074 1819 ex
1108 1788 1267 1819 arundinis
1293 1798 1417 1829 genere,
1445 1788 1517 1820 inde

860 1837 946 1868 dicto
980 1836 1149 1878 αὐλητικῷ
1183 1837 1403 1879 (Theophrast.
1432 1837 1517 1869 Hist.

860 1887 963 1918 Plant.
992 1887 1034 1918 iv.
1067 1887 1134 1925 12.)
1162 1886 1228 1916 fieri
1265 1886 1394 1917 solebat.
1440 1886 1518 1917 Eam

857 1936 936 1967 inter
966 1936 1095 1967 Graecos
1123 1936 1258 1966 Tritonia
1284 1935 1348 1966 sive
1375 1935 1517 1967 Minerva

858 1985 1006 2027 reperisse
1037 1985 1232 2021 credebatur,
1264 1990 1295 2015 et
1322 1984 1449 2026 quidem
1479 1995 1517 2015 ex

855 2034 1051 2065 hinnulorum
1068 2033 1198 2064 ossibus.
1236 2033 1329 2069 Bion,
1347 2033 1395 2063 Id.
1411 2032 1456 2063 iii.
1474 2033 1491 2063 7
1508 2045 1515 2070 ;

856 2084 1082 2119 Callimachus,
1108 2083 1223 2124 hymno
1249 2083 1287 2113 ad
1314 2082 1408 2113 Dian.
1435 2083 1516 2120 2445

855 2133 957 2164 Schol.
969 2132 1095 2163 Pindari
1107 2132 1145 2162 ad
1158 2131 1251 2174 Pyth.
1264 2131 1326 2162 Od.
1337 2130 1395 2161 xii:
1421 2141 1516 2172 quam

855 2184 894 2213 ob
919 2182 1146 2213 deformitatem
1162 2181 1267 2212 vultus
1286 2191 1322 2211 ex
1339 2181 1414 2211 flatu
1435 2180 1518 2211 intu-

856 2232 1020 2263 mescentis
1055 2242 1074 2261 a
1103 2231 1174 2261 Dea
1210 2230 1364 2271 abjectam
1393 2229 1517 2271 excepit

855 2282 1011 2322 Marsyas.
1059 2281 1089 2310 Is
1109 2289 1205 2320 quum
1222 2289 1291 2309 eam
1309 2277 1414 2308 inflare
1433 2278 1513 2308 didi-

856 2330 949 2361 cisset
965 2330 1109 2370 (Noster,
1121 2328 1206 2359 Fast.
1220 2327 1261 2358 vi.
1273 2328 1334 2358 703
1351 2326 1437 2368 sqq.)
1453 2327 1514 2369 pri—

855 2390 939 2410 mum
963 2378 1094 2410 certavit
1116 2388 1188 2409 cum
1211 2376 1324 2412 Musis,
1349 2387 1419 2406 mox
1443 2386 1514 2407 cum

855 2429 922 2470 ipso
938 2427 1086 2469 Apolline
1103 2437 1204 2458 coram
1221 2425 1323 2457 Musis
1341 2425 1514 2467 judicibus.

855 2479 906 2508 Ab
934 2477 1022 2508 initio
1053 2476 1126 2507 vicit
1156 2476 1309 2516 Marsyas,
1333 2474 1386 2505 sed
1417 2485 1513 2516 quum

856 2527 970 2569 Apollo
985 2526 1133 2556 citharam
1150 2529 1298 2560 versaret,
1315 2524 1371 2554 hoc
1393 2529 1450 2559 est,
1467 2522 1512 2553 in<

855 2580 986 2617 terprete
1011 2573 1174 2608 Salmasio,
1198 2572 1237 2603 ad
1266 2573 1361 2603 Solin.
1385 2583 1416 2613 p.
1444 2572 1513 2602 119.

856 2625 895 2655 ad
911 2623 995 2655 aliud
1011 2622 1230 2653 modulationis
1245 2632 1341 2661 genus
1361 2621 1511 2651 citharam

855 2671 1111 2707 accommodaret,
1126 2672 1284 2711 Marsyam
1308 2680 1356 2701 ars
1379 2680 1434 2700 sua
1458 2668 1511 2699 de-

855 2720 967 2752 stituit.

986 2769 1014 2798 Y
1031 2780 1049 2809 y
