1763 3181
402 178 1017 222 METAMORPHOSEON
1052 178 1169 219 LIB.
1203 179 1268 220 II.
1444 183 1527 223 163)

147 296 369 360 Expulit,
397 304 447 344 et
471 297 612 343 saevis
638 294 947 359 compescuit
971 294 1167 356 ignibus
1193 295 1349 357 ignes,

147 373 538 421 Consternantur
562 373 706 436 equi3
747 379 799 420 et
826 373 956 419 saltu
981 372 1030 419 in
1056 374 1302 420 contraria
1327 374 1457 422 facto

146 450 289 498 Colla
305 452 428 514 jugo
453 451 683 514 eripiunt,
711 450 1021 514 abruptaque
1047 451 1150 498 lora
1174 453 1476 516 relinquunt.

145 527 252 574 Illic
273 528 410 576 frena
428 530 613 592 jacent,
641 528 741 574 illic
768 535 965 576 temone
991 530 1212 576 revulsus

1427 536 1523 579 316

144 604 294 663 Axis;
335 605 386 653 in
410 606 502 653 hac
524 605 647 653 radii
671 605 937 653 fractarum
963 614 1104 670 parte
1130 613 1347 654 rotarum
1367 626 1376 656 ε

146 683 431 746 Sparsaque
457 690 572 731 sunt
595 684 693 731 late
717 684 866 731 laceri
890 684 1101 747 vestigia
1126 701 1314 733 currus.

142 759 211 806 At
236 760 513 816 Phaethon,
537 760 710 808 rutilos
735 761 936 808 flamma
959 761 1231 824 populante
1257 763 1481 827 capillos,

142 836 368 884 Volvitur
392 838 441 884 in
466 854 706 902 praeceps,
733 838 981 900 longoque
1007 855 1096 901 per
1120 855 1234 887 aera
1258 847 1420 888 tractu

143 913 344 972 Fertur;
386 922 440 962 ut
463 915 712 962 interdum
738 915 800 962 de
825 915 950 961 coelo
976 916 1122 962 stella
1146 932 1337 973 sereno,

1431 923 1521 966 321

144 991 253 1038 Etsi
278 1009 375 1040 non
401 993 610 1062 cecidit,
626 993 785 1057 potuit
808 993 1051 1040 cecidisse
1075 994 1246 1041 videri.

144 1069 305 1124 Quem
331 1072 502 1134 procul
526 1087 556 1118 a
579 1071 741 1135 patria
764 1071 958 1118 diverso
984 1071 1230 1119 maximus
1256 1073 1375 1120 orbe

142 1209 318 1241 nominibus
342 1220 439 1241 unum
458 1211 586 1241 verbum
610 1210 653 1241 sic
678 1221 798 1241 accom-

142 1258 294 1290 modatur.
330 1259 478 1291 Similiter
501 1266 606 1290 autem
629 1261 693 1290 fere
714 1261 798 1291 locu-

144 1313 193 1339 tus
215 1315 261 1340 est
283 1309 365 1341 Plin.
380 1309 446 1340 viii.
460 1310 518 1352 Ep.
533 1310 563 1340 iv
578 1322 584 1339 :
614 1310 738 1340 Pulsum
754 1322 799 1341 re-

138 1360 203 1399 gia,
227 1361 347 1398 pulsum
376 1361 448 1390 vita.
496 1361 572 1390 Servi
596 1362 688 1401 ignes,
713 1361 802 1392 Jovis

142 1408 284 1445 fulmina,
304 1415 339 1440 ut
361 1409 421 1440 IV.
439 1408 531 1440 Trist.
552 1409 596 1440 iii.
614 1410 666 1440 69.
711 1410 800 1441 Male

142 1456 235 1498 igitur
250 1458 282 1489 h.
299 1458 323 1489 l.
341 1458 479 1500 quidam,
495 1470 592 1490 scenos.

186 1509 260 1539 315.
282 1508 364 1551 Jugo
374 1509 538 1550 eripiunt]
564 1510 671 1540 Burm.
685 1516 801 1545 monet,

143 1563 225 1589 recte
240 1559 367 1600 quidem
384 1559 448 1591 dici
462 1560 545 1590 collis
553 1562 637 1601 juga
652 1567 799 1596 excutere,

144 1618 205 1638 non
228 1615 332 1639 autem
359 1611 435 1641 colla
452 1612 555 1651 jug0;
589 1615 684 1651 atque
707 1610 801 1640 etiam

143 1658 254 1688 Senec.
276 1658 375 1701 Hipp.
392 1660 484 1695 1084,
501 1659 555 1690 ubi
571 1659 721 1689 Nostrum
733 1658 801 1689 imi-

143 1712 237 1744 tatur,
252 1707 421 1750 scripsisse,
441 1719 525 1749 seque
550 1710 709 1739 luctantur
722 1711 803 1749 jugo

145 1757 279 1797 Eripere.

185 1808 262 1839 316.
286 1807 357 1838 Illic
372 1807 471 1849 frena
486 1808 622 1848 jacent]
671 1808 802 1839 Lucian.

142 1856 175 1888 d.
190 1857 236 1887 l.:
268 1856 416 1899 Κατέαγε
442 1857 459 1888 ὁ
483 1856 595 1899 ῥυμὸς,
617 1858 669 1888 καὶ
692 1858 805 1899 ἅτερος

143 1909 209 1937 τῶν
223 1909 352 1948 τροχῶν
367 1905 606 1948 συντέτριπται.
635 1906 739 1937 Rutili
754 1919 803 1937 ca-

139 1957 220 1996 pilli,
235 1956 357 1997 quales,
372 1955 481 1987 Tacito
501 1961 639 1992 auctore,
655 1956 804 1987 Germani

144 2003 235 2046 prisci
251 2003 419 2041 habebant,
434 2005 628 2046 ponebantur
639 2006 724 2047 apud
738 2007 802 2037 Ve-

143 2059 222 2085 teres
245 2053 277 2084 in
300 2064 417 2096 magna
440 2060 528 2096 parte
552 2054 804 2096 pulchritudinis.

144 2103 300 2133 Dicuntur
316 2102 411 2134 etiam
426 2104 519 2145 flavi,
537 2104 649 2135 Graece
666 2104 805 2143 ἡλιῶσαι

143 2157 174 2183 et
186 2154 305 2195 χρυσαὶ
318 2153 424 2195 τρίχες
437 2166 443 2183 :
469 2153 540 2185 vide
555 2155 597 2185 H.
612 2154 804 2196 Stephanum

145 2201 183 2232 ad
198 2202 406 2234 Anacreontis
421 2203 483 2234 Od.
500 2203 584 2234 xxix.
600 2206 631 2235 5.
666 2205 749 2235 Volui
765 2205 804 2236 de

143 2251 308 2283 decidente
329 2252 435 2289 etiam,
452 2253 492 2285 vi.
506 2254 568 2284 238
584 2266 591 2288 ς
617 2253 708 2295 Virg.
725 2257 802 2286 AEn.

144 2300 165 2332 i.
186 2302 255 2332 115.
301 2300 340 2331 In
362 2313 499 2341 praeceps,
522 2303 554 2333 in
578 2309 683 2345 caput,
709 2315 805 2346 prono

144 2350 267 2392 capite;
300 2351 408 2386 Stella,
434 2357 494 2382 etc.
540 2352 654 2383 Confer
681 2353 807 2386 Callim.

145 2399 295 2441 hymnum
319 2400 393 2431 Del.
408 2402 460 2431 38.
505 2401 693 2443 Hujusmodi
715 2403 803 2443 ignes

144 2447 177 2478 in
193 2459 262 2480 aere
281 2449 463 2485 emicantes,
479 2450 600 2481 Graecis
620 2450 804 2484 dicebantur

145 2497 341 2535 διάττοντες.
379 2499 490 2530 Senec.
519 2499 597 2531 Nat.
623 2502 743 2538 Quaest.
768 2502 802 2532 ii.

149 2548 205 2577 14:
230 2547 329 2578 Stellae
345 2550 574 2580 transvolantes.

189 2597 262 2626 318.
285 2597 363 2627 Late
378 2597 498 2638 laceri]
535 2599 644 2629 Burm.
656 2609 746 2630 aures
761 2600 806 2631 in-

146 2651 233 2686 grato
257 2656 332 2676 sono
354 2648 414 2677 late
435 2648 526 2678 laceri
551 2647 806 2688 offendebantur3

146 2701 333 2736 quapropter
348 2706 419 2726 cum
433 2696 526 2727 MSS.
537 2697 695 2728 nonnullis
710 2699 806 2730 male-

146 2743 201 2773 bat
217 2745 308 2774 laceri
325 2745 393 2775 late.
417 2744 477 2775 Sed
493 2745 558 2776 vid.
576 2745 615 2776 ad
632 2745 653 2776 i.
668 2748 741 2777 299.

912 1211 986 1241 322.
1013 1211 1117 1241 Potuit
1139 1213 1275 1242 cecidisse
1296 1212 1420 1253 videri]
1469 1213 1532 1244 Re-

868 1261 969 1301 spexit
984 1260 1111 1290 fortasse
1126 1260 1303 1292 Aristotelis
1318 1262 1451 1291 Meteor.
1464 1262 1484 1293 i.
1497 1265 1533 1301 4;

869 1310 922 1340 ubi
937 1309 1114 1351 hujusmodi
1134 1309 1222 1351 ignes
1238 1316 1389 1341 vocantur
1403 1310 1533 1343 δοκοῦν-

870 1372 920 1397 τες
935 1358 1066 1401 ἀστέρες
1081 1358 1228 1391 διά-πτειν.
1274 1361 1355 1391 Cum
1373 1360 1428 1391 tali
1443 1362 1533 1392 stella

869 1409 963 1439 etiam
987 1408 1070 1450 apud
1093 1409 1275 1445 Homerum,
1293 1410 1332 1440 Il.
1349 1415 1385 1441 Δ.
1402 1411 1453 1442 75.
1469 1411 1535 1440 Mi-

870 1469 971 1489 nervae
998 1458 1144 1498 delapsus
1166 1466 1373 1501 comparatur.
1396 1461 1534 1492 Phaetl).

869 1519 976 1538 casum
1001 1508 1033 1538 in
1055 1508 1292 1538 winkelmanni
1315 1510 1460 1540 Monuni.
1486 1511 1532 1540 in-

870 1558 972 1594 editis,
990 1569 1020 1588 n.
1037 1559 1091 1588 43.
1108 1568 1288 1600 expressum
1305 1559 1403 1590 vides.

913 1608 989 1638 323.
1017 1608 1142 1637 Diverso
1159 1607 1253 1647 01·be.]
1290 1608 1433 1638 Diversus
1448 1610 1536 1646 orbis,

871 1669 940 1699 pars
965 1657 1047 1688 orbis
1072 1663 1222 1687 terrarum
1246 1657 1398 1698 opposita,
1423 1669 1535 1700 nempe

871 1706 1134 1749 septentrionalis.
1183 1707 1353 1737 Eridanum
1376 1707 1536 1749 excepisse

873 1756 1082 1791 Phaethonta,
1111 1756 1239 1786 Veteres
1268 1762 1446 1787 constanter
1474 1763 1535 1788 tra-

873 1806 961 1841 dunt,
977 1806 1035 1836 nisi
1051 1805 1133 1847 quod
1149 1805 1333 1836 Aristoteles
1344 1806 1383 1836 de
1396 1806 1536 1838 Mirabb.

873 1857 931 1887 82:
963 1857 1068 1886 lacum
1091 1855 1180 1896 aquis
1203 1855 1329 1886 fervidis
1352 1862 1536 1888 aestuantem

868 1907 961 1948 juxta
986 1906 1067 1936 hunc
1093 1905 1222 1936 fluvium
1249 1905 1398 1936 nominat.
1443 1906 1536 1938 Anti-

872 1955 1028 1998 quissimis
1058 1954 1178 1985 Graecis
1215 1955 1370 1985 Eridanus
1404 1962 1469 1986 erat
1503 1956 1535 1987 in

873 2004 1011 2046 margine
1028 2005 1160 2045 Europae
1177 2003 1375 2040 occidentali,
1387 2004 1419 2034 in
1432 2006 1538 2036 Ocea-

873 2066 947 2086 num
963 2054 1236 2096 septentrionalem
1252 2064 1283 2085 se
1300 2065 1483 2092 exonerans,
1496 2056 1536 2086 ad

872 2105 961 2147 cujus
971 2103 1082 2135 ostium
1100 2104 1252 2134 electrum
1269 2104 1492 2145 reperiebatur,
1504 2111 1536 2136 et

872 2166 891 2186 a
907 2165 968 2196 quo
985 2164 1045 2184 non
1060 2154 1168 2195 procul
1183 2152 1292 2183 insulae
1308 2154 1438 2184 aberant
1449 2160 1534 2186 stan-

872 2215 947 2235 num
962 2202 1132 2233 mittentes.
1161 2202 1308 2232 Rhenum
1324 2212 1376 2233 eos
1391 2202 1536 2234 intellex-

872 2255 930 2285 isse
946 2253 1077 2283 Vossius
1097 2251 1136 2282 ad
1153 2250 1268 2292 virgil.
1286 2251 1400 2293 Georg.
1416 2252 1439 2282 i.
1457 2254 1534 2284 482.

874 2302 1066 2346 argumentis
1090 2312 1151 2331 non
1174 2301 1411 2331 contemnendis
1434 2302 1538 2333 docet.

874 2354 936 2385 Sed
966 2351 1163 2392 Pherecydes
1198 2350 1315 2392 primus
1354 2351 1475 2382 Padum
1505 2352 1537 2383 in

870 2403 975 2438 Italia,
992 2401 1045 2443 qui
1066 2407 1132 2431 tum
1156 2400 1276 2431 Graecis
1297 2400 1483 2437 innotuerat,
1500 2412 1536 2433 eo

871 2453 994 2484 nomine
1019 2461 1037 2481 a
1059 2449 1229 2491 majoribus
1251 2448 1446 2490 designatum
1468 2461 1535 2481 esse

872 2500 995 2544 putavit
1015 2499 1152 2541 (Hygia.
1168 2498 1231 2528 fab.
1247 2499 1335 2538 154.)
1351 2499 1440 2540 cujus
1463 2510 1537 2530 auc-

873 2551 1028 2583 toritatem
1058 2548 1172 2590 reliqui
1199 2548 1347 2589 deinceps
1372 2549 1477 2579 Graeci
1506 2556 1537 2580 et

874 2599 1011 2631 Romani
1023 2598 1147 2640 sequuti
1163 2603 1245 2628 sunt.
1258 2598 1333 2629 vid.
1346 2603 1377 2628 et
1389 2599 1538 2630 Munker.

876 2650 914 2680 ad
926 2648 1043 2690 Hygin.
1054 2647 1138 2677 dicto
1148 2647 1226 2677 loco.
1250 2648 1366 2688 Usurp.
1381 2646 1411 2677 h.
1422 2647 1443 2676 1.
1456 2659 1534 2678 maa-

876 2702 962 2734 imus,
978 2704 1011 2729 ut
1027 2708 1045 2728 a
1063 2696 1150 2737 Virg.
1168 2698 1405 2737 rerjluviorum.
