1763 3181
233 193 318 234 352

233 307 390 354 Vasta
410 306 654 370 giganteis
680 305 864 368 injecta
887 311 965 352 est
988 303 1151 351 insula
1174 303 1408 351 membris

622 191 673 232 P.
703 188 914 232 OVIDII
948 188 1227 230 NASONIS

1518 307 1614 352 346

233 383 496 438 TrinacriS‚
522 389 572 430 et
596 381 787 444 magnis
813 382 1094 444 subJ'ectum
1118 381 1331 428 molibus
1356 388 1500 444 urget

234 460 482 508 AEtherias
508 475 684 507 ausum
710 475 907 522 sperare
932 458 1172 522 Typhoea
1197 459 1358 506 sedes.

237 536 426 584 Nititur
451 536 533 583 ille
559 536 777 599 quidem,
804 543 1096 600 pugnatque
1120 552 1375 599 resurgere
1396 552 1558 600 saepe3

234 613 428 661 Dextra
451 613 539 661 sed
565 613 785 660 Ausonio
810 629 984 660 manus
1010 620 1088 660 est
1112 613 1338 676 subjecta
1362 613 1566 671 Peloro;

235 689 397 746 Laeva,
425 690 680 753 Pachyne‚
708 689 828 748 tibi3
871 688 1092 753 Lilybaeo
1117 705 1259 737 crura
1282 698 1599 753 premuntur3

235 767 486 830 Degravat
510 767 658 814 AEtna
682 774 860 830 caput3
902 767 994 813 sub
1021 782 1122 829 qua
1144 766 1405 829 resupinus
1431 782 1604 814 arenas

234 843 451 907 Ejectat‚
478 844 828 907 flammamque
853 842 955 891 fero
978 843 1132 890 vomit
1155 860 1238 891 ore
1263 843 1551 908 Typhoeus.

237 919 385 984 Saepe
410 921 626 969 remoliri
651 921 867 968 luctatur
890 921 1111 985 pondera
1135 928 1296 977 terrae,

1520 924 1616 969 354

236 997 554 1061 Oppidaque,
582 1005 632 1045 et
655 1013 861 1060 magnos
887 997 1109 1045 evolvere
1134 1014 1338 1062 corpore
1365 1005 1574 1046 montes.

234 1073 358 1122 Inde
383 1077 551 1123 tremit
573 1076 749 1133 tellus3
789 1083 841 1123 et
864 1091 952 1123 rex
976 1083 1123 1140 pavet
1146 1075 1254 1139 ipse
1279 1076 1528 1133 silentum,

233 1229 294 1260 que
310 1218 349 1250 ad
363 1218 455 1250 Trist.
470 1220 530 1251 IV.
541 1219 586 1250 iii.
598 1220 650 1252 57.
662 1220 805 1262 exempla
819 1230 892 1251 con-

229 1268 333 1308 gessit,
364 1268 477 1310 quibus
506 1270 543 1301 τὸ
571 1271 682 1310 dignus
709 1269 893 1311 adjunctum

232 1316 291 1347 sibi
305 1317 399 1348 habet
415 1328 521 1349 casum
537 1318 720 1350 secundum.

276 1366 353 1396 346.
382 1366 472 1397 Vasta
492 1369 652 1409 giganteis,
677 1367 756 1408 etc.]
780 1367 891 1398 Terra-

223 1425 300 1446 ·rum
322 1421 423 1446 motus
443 1422 474 1446 et
489 1417 756 1448 subterraneorum
772 1416 891 1458 ignium

231 1464 425 1506 explosiones
447 1466 626 1507 gigantibus
651 1472 739 1496 terrae
762 1466 892 1497 inclusis

231 1513 365 1545 tribuere
393 1514 512 1545 solebat
537 1514 680 1545 fabulosa
709 1515 890 1556 antiquitas,

231 1563 363 1606 physica
389 1564 452 1595 fere
480 1564 687 1606 phaenomena
711 1575 750 1595 ex
779 1564 893 1595 fabulis

230 1613 403 1654 explicans.
449 1613 497 1644 Ac
510 1613 624 1644 Siciliae
641 1613 778 1655 quidem,
794 1621 892 1650 vastae,

231 1661 375 1692 maximae
391 1663 424 1692 in
439 1662 515 1692 mari
530 1662 760 1693 Mediterraneo
776 1664 892 1700 insulas,

231 1711 351 1743 Graecis
372 1722 391 1742 a
407 1712 506 1742 tribus
526 1711 751 1754 promontoriis,
766 1713 890 1754 ἄκραις,

233 1760 388 1791 Trinacris
425 1760 528 1796 dictae,
561 1761 676 1791 Noster
704 1761 893 1802 AEschylum

231 1809 335 1839 Prom.
351 1811 426 1841 351.
445 1810 615 1841 Pindarum
640 1810 701 1841 Od.
717 1811 759 1842 iv,
774 1812 822 1841 12.
845 1821 894 1841 se-

230 1864 346 1899 quutus
366 1865 431 1889 tam
454 1859 484 1889 h.
501 1859 522 1890 l.
538 1870 631 1901 quam
657 1860 741 1890 Fast.
760 1859 802 1890 iv.
816 1861 892 1891 491.

229 1914 260 1938 et
273 1908 317 1938 II.
329 1908 420 1939 Pont.
432 1908 475 1938 iii.
489 1910 541 1939 23.
574 1909 740 1949 Typhoeum
757 1909 893 1951 subjicit,

232 1957 297 1998 qui,
312 1968 407 1998 quum
424 1957 456 1988 in
472 1957 620 1989 acerrimo
635 1969 705 1989 cum
717 1959 796 1990 Jove
810 1959 894 1990 bello

229 2007 357 2038 tandem
372 2007 538 2038 fulminum
551 2007 581 2038 vi
597 2007 721 2038 territus
736 2019 792 2049 per
807 2019 891 2040 mare

228 2056 498 2087 Mediterraneum
523 2057 628 2098 fugere
651 2057 808 2098 coepisset,
832 2057 890 2088 hac

229 2103 333 2136 insula
368 2115 387 2136 a
414 2105 494 2136 Jove
532 2106 660 2136 obrutus
692 2105 888 2137 credebatur.

228 2154 335 2196 Atque
359 2154 403 2185 ita
425 2154 519 2185 etiam
540 2154 700 2185 Nicander
723 2155 807 2196 apud
822 2156 890 2187 An-

229 2209 296 2234 ton.
322 2203 375 2234 lib.
403 2203 520 2242 xxviii;
552 2204 699 2245 Apollod.
728 2204 756 2234 I.
781 2204 820 2235 vi.
847 2206 888 2243 3;

230 2252 347 2294 Hygin.
362 2251 428 2283 fab.
446 2254 516 2284 152.
560 2253 739 2283 Secundum
764 2254 891 2285 Homer.

230 2307 336 2332 autem
364 2301 458 2332 Iliad.
482 2302 521 2332 B.
546 2302 618 2333 783.
641 2302 695 2333 ille
720 2305 751 2333 in
780 2305 892 2334 Arimis

225 2350 324 2392 jacet,
350 2350 383 2381 id
413 2356 470 2387 est,
494 2351 543 2382 vel
570 2351 603 2381 in
632 2351 756 2388 Cilicia,
780 2352 830 2382 vel
859 2352 891 2383 in

229 2398 331 2440 Syria.
377 2398 439 2430 Sed
469 2399 594 2430 Arimos
623 2410 721 2441 quum
750 2401 892 2432 nonnulli

229 2447 261 2477 in
286 2447 462 2479 Pithecusis
482 2448 592 2479 insulis
615 2460 708 2491 prope
733 2449 892 2481 Misenum

229 2496 429 2532 collocarent,
455 2496 619 2537 Virgilius,
647 2499 723 2528 ffiln.
749 2498 791 2528 ix.
819 2499 892 2530 715.

227 2556 322 2576 unam
348 2556 386 2576 ex
410 2545 473 2577 illis
496 2546 683 2588 Prochytam
707 2546 889 2579 nominavit.

229 2594 312 2625 Vide
333 2595 376 2625 ibi
393 2595 508 2636 Heynii
526 2595 604 2626 Exc.
647 2596 800 2627 Encelado
816 2598 888 2627 AEt-

230 2653 303 2674 nam
345 2644 602 2686 superimponunt
642 2645 741 2687 Orph.
776 2645 888 2683 Quint.

228 2693 350 2733 Smyrn.
375 2693 436 2724 xiv.
461 2694 547 2731 582;
574 2693 688 2735 virgil.
703 2694 831 2725 AEneid.
846 2694 889 2725 iii.

229 2742 301 2772 578.
317 2748 348 2772 et
364 2741 428 2772 alii.
474 2742 643 2774 Commode
656 2749 760 2775 autem
775 2743 890 2775 Noster

959 1230 1025 1252 rem
1035 1230 1157 1251 omnem
1173 1230 1192 1250 a
1204 1219 1332 1261 Typhoei
1346 1219 1497 1262 supplicio
1508 1224 1540 1251 et
1554 1231 1619 1251 mo-

960 1270 1043 1300 tibus
1057 1269 1188 1311 repetit;
1211 1280 1283 1300 eum
1299 1269 1382 1300 enim
1393 1268 1492 1300 Pieris
1506 1275 1537 1300 et
1552 1280 1619 1301 car-

959 1319 1052 1349 minis
1066 1318 1114 1349 sui
1130 1325 1344 1360 argumentum
1362 1318 1486 1354 fecerat,
1497 1325 1528 1349 et
1542 1319 1621 1349 falso

959 1369 991 1399 in
1003 1368 1117 1399 honore
1131 1374 1288 1410 posuerat.
1335 1368 1440 1403 Moles,
1454 1374 1574 1399 montes
1589 1373 1622 1399 et

959 1417 1085 1459 oppida,
1102 1423 1136 1448 ut
1150 1427 1240 1448 versu
1257 1417 1331 1448 354.
1342 1418 1474 1447 remoliri
1487 1419 1618 1457 pondera

959 1473 1057 1497 τεν-νιε-

1001 1517 1078 1547 349.
1104 1515 1231 1546 Nititur
1245 1516 1298 1546 ille
1319 1515 1466 1556 quidem]
1491 1515 1560 1546 Hoc
1575 1514 1622 1546 id-

958 1564 1040 1596 circo
1055 1564 1192 1606 fingitur,
1208 1563 1283 1606 quia
1301 1564 1409 1595 Sicilia
1422 1571 1510 1596 terrae
1531 1564 1623 1596 moti-

957 1615 1016 1645 bus
1052 1624 1265 1656 saepenumero
1301 1613 1451 1655 quatitur.
1503 1614 1621 1644 Dextra

957 1664 1016 1699 sed,
1032 1669 1093 1694 etc.
1138 1663 1223 1693 Nota
1245 1669 1315 1693 sunt
1338 1662 1405 1693 haec
1426 1662 1485 1694 tria
1501 1662 1615 1694 Siciliae

958 1711 1177 1754 promontoria,
1189 1711 1228 1742 de
1241 1711 1354 1753 quibus
1365 1710 1436 1742 vide
1452 1711 1622 1745 Claudian-

961 1762 1059 1803 Rapt.
1088 1761 1108 1791 i.
1137 1762 1197 1791 147
1226 1772 1295 1802 sqq.
1340 1761 1482 1791 Pelorum
1511 1761 1618 1803 (Capo

960 1810 1105 1848 Pelorus)
1127 1810 1275 1841 orientem
1295 1816 1425 1852 spectat,
1443 1811 1621 1851 Pachynum

961 1859 1066 1901 (Capo
1086 1859 1234 1899 Passero)
1257 1859 1430 1895 meridiem,
1452 1859 1620 1900 Lilybaeum

961 1909 1058 1951 (Cap.
1087 1908 1243 1949 Mar-sala)
1272 1908 1479 1939 occidentem.
1525 1911 1621 1940 Auso-

960 1960 1056 1993 nium,
1072 1958 1217 1988 Ausoniae
1233 1968 1286 1989 seu
1303 1958 1402 1988 Italiae
1418 1957 1568 1988 vicinum.

1004 2008 1078 2038 353.
1098 2007 1321 2048 Flammamque
1337 2009 1422 2038 vomit
1438 2007 1618 2049 Typhoeus]

959 2058 1120 2099 Quotquot
1135 2057 1252 2098 ubique
1268 2063 1399 2093 montes,
1409 2063 1462 2088 aut
1475 2057 1537 2088 loci
1553 2067 1619 2088 ma-

958 2105 1017 2137 rini
1038 2113 1180 2138 eructant
1195 2106 1352 2142 incendia,
1368 2113 1422 2138 aut
1442 2107 1620 2148 repentibus

958 2156 1093 2191 flatibus,
1105 2156 1159 2197 qui
1174 2162 1325 2186 vocantur
1338 2155 1501 2196 Typhones,
1514 2161 1545 2186 et
1560 2162 1621 2187 ter·

958 2215 999 2235 rae
1022 2204 1156 2235 motibus
1171 2205 1403 2240 concutiuntur,
1423 2204 1555 2244 Typhoeo
1571 2204 1618 2235 in-

955 2254 1041 2295 jecta
1066 2254 1235 2295 finguntur.
1280 2252 1394 2284 Confer
1428 2253 1554 2284 [Eneid.
1579 2253 1621 2292 ii;

959 2302 1128 2334 Claudian.
1154 2303 1194 2334 de
1223 2303 1333 2345 Raptu
1362 2303 1566 2345 Proserpinae,
1588 2302 1619 2342 i;

959 2352 1083 2388 Noster,
1097 2352 1162 2382 xiv.

1003 2402 1076 2432 356.
1104 2401 1180 2431 Inde
1207 2402 1307 2431 tremit
1331 2400 1449 2442 tellus]
1480 2399 1532 2432 Sic
1555 2400 1619 2443 Ty-

959 2449 1052 2491 phoei
1072 2456 1175 2480 motus
1195 2450 1229 2480 fit
1250 2460 1346 2481 causa
1368 2449 1549 2491 probabilis,
1566 2460 1620 2481 cur

960 2499 1052 2530 Pluto
1074 2509 1091 2530 e
1116 2499 1189 2530 sede
1216 2509 1273 2530 sua
1296 2498 1406 2530 exierit
1428 2498 1468 2529 ad
1490 2509 1619 2541 superas

957 2559 1058 2584 auraS,
1095 2547 1321 2590 Cupidinisque
1357 2547 1428 2578 telis
1464 2547 1619 2578 vulnerari

957 2597 1112 2638 potuerit!
1139 2597 1310 2638 Sequentia
1332 2606 1478 2638 expressa
1497 2607 1535 2626 ex
1555 2596 1618 2626 Ho-

957 2646 1033 2676 meri
1050 2646 1090 2676 ΙΙ.
1106 2650 1141 2677 Υ.
1155 2647 1192 2676 61
1207 2658 1213 2675 ε
1227 2644 1392 2677 Ἐἶὸεισεν
1406 2644 1430 2675 δ’
1444 2644 1619 2687 ὑπένερθεν

957 2694 1042 2731 ἅναξ
1056 2695 1172 2738 ἐνέρων
1187 2694 1443 2736 Ἀιδωνεὺς-μή
1458 2694 1487 2726 οὶ
1501 2694 1618 2737 ὕπερθε

958 2746 1064 2776 Γαῖαν
1078 2743 1268 2785 ἁναρῤἡξειε
1285 2743 1470 2777 Ποσειδάων
1492 2743 1619 2784 ἐνοσίχ-
