1763 3181
401 192 1023 237 METAMORPHOSEON
1058 191 1176 232 LIB.
1211 190 1276 231 Il.

1451 191 1534 232 ⁴201

149 311 362 359 Inclinat
384 328 585 367 cursus3
626 317 676 357 et
701 309 903 357 easdem
929 308 1134 355 circinat
1159 323 1319 353 auras.

149 388 347 443 Quanto
373 387 691 453 splendidior,
719 402 870 449 quam
896 393 1062 432 cetera
1087 384 1264 438 sidera,
1291 383 1448 444 fulget

149 465 368 522 Lucifer3
410 473 460 512 et
480 471 684 527 quanto,
712 471 777 517 te,
808 461 1019 516 Lucifer,
1044 477 1193 508 aurea
1218 460 1437 515 Phoebe,

148 542 308 589 Tanto
332 542 602 604 virginibus
627 539 942 603 praestantior
966 538 1195 586 omnibus
1221 536 1383 584 Herse
1442 539 1536 582 724

149 619 289 677 Ibat3
320 626 525 682 eratque
547 618 701 665 decus
721 633 935 681 pompae,
959 615 1297 677 comitumque
1319 629 1536 660 suarum.

152 695 428 759 Obstupuit
452 695 610 742 forma
633 694 756 741 Jove
782 701 955 750 natus3
997 699 1047 740 et
1072 692 1257 738 aethere
1282 690 1506 755 pendens

151 772 266 820 Non
286 789 431 821 secus
452 773 656 828 exarsit,
675 788 827 835 quam
847 787 1001 835 quum
1016 770 1265 817 balearica
1279 769 1540 832 plumbum

152 849 329 897 Funda
346 851 500 913 jacit:
540 850 677 897 volat
699 850 837 905 illud,
862 857 912 898 et
938 848 1249 896 incandescit
1272 847 1452 901 eundo,

152 925 233 982 Et,
262 943 386 990 quos
411 943 509 974 non
533 927 725 982 habuit,
750 927 842 974 sub
869 926 1086 973 nubibus
1112 924 1299 971 invenit
1324 924 1484 986 ignes.

151 1003 313 1050 Vertit
335 1004 455 1062 iter3
497 1005 725 1067 coeloque
749 1004 875 1067 petit
898 1003 1093 1050 diversa
1117 1002 1317 1058 relict03

1446 1004 1543 1048 730

154 1079 263 1128 Nec
288 1098 341 1128 se
365 1081 672 1129 dissimulat:
712 1089 852 1129 tanta
875 1089 952 1128 est
974 1080 1157 1127 fiducia
1181 1079 1374 1126 formae!

155 1156 279 1211 Quae
321 1174 609 1223 quanquam
648 1161 786 1222 justa
829 1167 922 1214 est,
966 1175 1084 1206 cura
1130 1166 1297 1204 tamen
1345 1156 1548 1219 adjuvat

352 1235 487 1284 illam
506 1255 515 1292 ;

1391 1234 1544 1297 [apte‚

156 1311 542 1377 Permulcetque
567 1331 761 1373 comas3
793 1315 1229 1379 chlamydemque,
1251 1321 1306 1360 ut
1329 1312 1548 1376 pendeat

157 1388 409 1448 Collocat3
450 1399 506 1438 ut
529 1391 729 1447 limbus,
757 1399 1018 1455 totumque
1045 1397 1284 1455 appareat
1309 1405 1512 1446 aurum;

158 1465 230 1514 Ut
252 1474 382 1515 teres
407 1468 457 1515 in
482 1469 676 1526 dextra,
704 1486 805 1533 qua
829 1486 1029 1516 somnos
1055 1468 1212 1523 ducit,
1239 1474 1291 1514 et
1315 1473 1466 1523 arcet,

198 1622 272 1653 723.
296 1622 434 1666 Lucifer,
462 1625 556 1656 stella
578 1626 721 1663 Veneris,
746 1625 817 1657 vide

155 1669 196 1700 ad
210 1669 244 1701 ii.
265 1672 336 1703 115.
353 1673 525 1704 maximum
541 1675 615 1706 coeli
631 1675 738 1711 decus,
756 1685 818 1705 non

155 1719 247 1750 modo
270 1721 391 1752 caeteris
412 1722 547 1764 planetis
571 1724 704 1765 fixisque
722 1723 820 1754 stellis

156 1769 254 1811 major
266 1770 364 1801 oculis
377 1771 488 1802 nostris
499 1779 638 1815 apparet,
651 1773 705 1804 sed
717 1773 819 1814 splen-

156 1817 229 1849 dore
253 1818 347 1850 etiam
370 1825 456 1850 tanto
478 1827 535 1856 est,
552 1828 587 1852 ut
608 1832 626 1852 a
646 1822 740 1864 plena
755 1822 821 1863 ejus

155 1867 226 1899 luce
254 1869 379 1899 umbras
409 1869 486 1900 adeo
520 1870 648 1902 mittant
682 1881 820 1912 corpora.

156 1917 247 1948 Luna
260 1924 377 1954 autem,
395 1925 429 1949 ut
447 1919 490 1950 ait
504 1920 607 1951 Manil
622 1920 643 1951 i.
661 1922 734 1955 435,
750 1932 819 1951 con-

155 1968 242 1997 ditur
252 1979 336 1998 omne
348 1969 468 2000 stellare
479 1971 599 2012 vulgus.
631 1971 743 2012 Itaque
756 1976 820 2000 tam

157 2026 230 2046 cum
245 2016 310 2053 illo,
327 2027 422 2058 quam
436 2028 508 2049 cum
524 2019 583 2049 hac
600 2025 821 2061 comparantur

157 2065 298 2097 homines
312 2067 547 2109 pulchritudine
563 2069 669 2099 eximii
684 2081 692 2107 3
718 2069 763 2099 ΙῘ.
783 2080 820 2099 ex

158 2114 253 2146 Pont.
276 2127 306 2146 v.
329 2116 391 2155 493
426 2117 535 2148 Horat.
558 2118 586 2148 1.
608 2118 672 2149 Od.
694 2118 748 2149 xii.
769 2119 822 2149 46.

160 2163 369 2201 Prcmtantior,
383 2165 554 2197 formosior.

201 2213 277 2244 727.
302 2214 494 2256 Balearica]
535 2214 713 2246 Similitudo
728 2215 822 2256 paulo

157 2261 252 2293 altius
277 2262 422 2305 repetita,
446 2275 504 2295 nec
526 2264 605 2295 adeo
636 2274 823 2305 magnopere

158 2311 333 2352 probanda.
390 2313 532 2345 Eandem
569 2313 602 2344 in
631 2313 726 2344 aliam
759 2323 824 2343 rem

133 2365 144 2368 ’
160 2361 330 2397 transtulit,
345 2361 408 2392 xiv.
425 2363 500 2394 825.
548 2363 629 2394 Cum
645 2362 714 2393 aliis
733 2362 824 2392 rebus

161 2410 274 2441 amoris
289 2410 371 2451 ignis
386 2418 595 2454 comparatur,
608 2412 630 2442 i.
642 2413 824 2443 492—494.

161 2459 322 2490 Balearica
333 2472 344 2497 ,·
369 2471 433 2502 qua
454 2461 637 2492 Balearium
651 2461 825 2492 insularum

160 2507 271 2539 incolae
307 2509 442 2540 maxime
481 2516 619 2541 utuntur.
677 2510 826 2540 Baleares

161 2564 265 2589 autem
281 2558 391 2590 insulae
407 2560 479 2591 surit
493 2560 575 2597 duae‚
591 2560 751 2602 Hispaniae
770 2559 826 2590 ad-

156 2607 312 2648 jacentes,
328 2619 460 2650 quarum
480 2609 590 2640 ineolae
613 2609 722 2651 optimi
738 2616 826 2640 erant

160 2657 351 2697 funditores;
366 2658 459 2690 hodie
475 2659 614 2699 Majorca
630 2664 662 2690 et
673 2659 825 2690 Minore-a.

163 2706 338 2743 Plumbum,
354 2708 534 2750 plumbeam
546 2709 655 2751 pilam.

205 2757 280 2788 730.
311 2758 450 2794 Diversa,
480 2758 632 2800 opposita,
662 2757 828 2793 contraria,

885 1626 914 1656 h.
937 1626 958 1656 l.
984 1631 1074 1656 terra.
1131 1623 1195 1654 Nec
1227 1634 1255 1653 se
1284 1623 1463 1658 dissimulat,
1490 1633 1550 1652 non

886 1675 980 1705 aliam
1006 1674 1136 1704 formam
1162 1672 1274 1703 sumit:
1312 1671 1384 1702 vide
1411 1671 1451 1701 ad
1475 1672 1551 1702 374.

886 1723 1002 1754 Merito
1018 1722 1088 1753 fidit
1101 1722 1224 1763 flu-mee,
1242 1721 1357 1751 etenim
1373 1726 1404 1750 et
1420 1720 1553 1761 pulchra

887 1778 918 1803 et
939 1772 1090 1814 juvenilis
1112 1771 1140 1801 ei
1165 1770 1370 1801 tribuebatur.
1416 1770 1552 1805 Justnm,

888 1821 1042 1864 quidquid
1055 1821 1087 1851 in
1103 1831 1158 1851 suo
1174 1830 1286 1861 genere
1302 1819 1475 1860 perfectum
1491 1824 1550 1852 est,

888 1877 920 1902 et
943 1871 1087 1902 omnibus
1111 1869 1247 1900 numeris
1269 1868 1458 1899 absolutum.
1503 1867 1553 1898 Sic

877 1923 968 1961 justa
1003 1927 1134 1956 statura,
1163 1922 1270 1959 justus
1306 1920 1462 1954 exercilus,
1492 1924 1554 1949 etc.

891 1971 974 2001 Cura
996 1970 1121 2012 ponitur
1143 1969 1182 1999 de
1204 1969 1302 2003 cultu,
1319 1967 1501 2009 capillorum
1522 1967 1554 1997 in

887 2019 1005 2061 primis.
1036 2019 1163 2049 Phaedr.
1179 2018 1224 2048 Π.
1240 2018 1321 2048 Fab.
1339 2016 1371 2047 ii.
1389 2017 1426 2047 8:
1461 2017 1555 2058 fingi

889 2080 963 2100 cura
979 2070 1152 2099 mulierum.
1166 2066 1244 2098 Vid.
1258 2066 1365 2096 Bentl.
1378 2065 1417 2096 ad
1441 2065 1554 2096 Horat.

889 2119 916 2150 Ι.
938 2118 1040 2161 Epist.
1062 2117 1084 2148 i.
1107 2119 1158 2148 94.
1204 2117 1320 2147 Facete
1344 2122 1448 2146 autem
1473 2115 1554 2145 hanc

889 2178 995 2198 curam
1008 2168 1075 2209 jam
1091 2165 1250 2197 describit.
1299 2165 1475 2204 Chlamydes
1490 2163 1555 2194 cin—

889 2218 983 2258 gebat
1015 2218 1130 2251 limbus,
1158 2215 1208 2246 vel
1235 2225 1421 2256 purpureu5‚
1446 2214 1508 2248 vel,
1533 2213 1557 2244 si

890 2266 960 2308 ipsa
974 2276 1131 2308 purpurea
1146 2271 1240 2299 esset,
1257 2274 1369 2294 aureus
1386 2268 1440 2293 aut
1456 2263 1558 2303 pictus

891 2322 923 2347 et
946 2316 1133 2356 variegatus.
1180 2312 1349 2353 Chlamydi
1378 2312 1434 2354 ipsi
1460 2323 1558 2342 aureae

891 2365 997 2407 figurae
1029 2364 1258 2395 intexebantur.
1291 2362 1404 2403 Virgil.
1428 2361 1558 2391 Hineid.

890 2414 934 2444 iv.
953 2415 1033 2451 1373.
1064 2424 1094 2443 v.
1111 2414 1174 2443 250
1196 2422 1267 2454 sqq.
1314 2410 1478 2448 Quomodo
1502 2420 1557 2440 au-

892 2470 955 2494 tem
978 2463 1131 2493 collocata
1156 2461 1196 2492 sit
1216 2460 1368 2501 chlamys,
1383 2465 1418 2490 ut
1442 2459 1474 2489 in
1500 2459 1558 2489 hu-

892 2522 975 2542 mero
992 2511 1120 2541 dextero
1137 2510 1306 2540 constricta
1319 2509 1476 2539 sinistrum
1486 2508 1557 2537 bra-

891 2560 997 2592 chium
1021 2566 1152 2601 tegeret,
1168 2559 1240 2589 vide
1266 2558 1298 2588 in
1322 2557 1557 2587 Winkelmanui

892 2612 934 2641 H.
947 2611 986 2640 A.
996 2621 1027 2651 p.
1041 2609 1114 2639 306.
1144 2609 1192 2639 Ex
1204 2607 1371 2650 posteriore
1382 2606 1450 2636 loco
1461 2605 1559 2646 possis

893 2665 925 2691 et
946 2666 1057 2690 tortum
1083 2657 1175 2693 tueri,
1199 2656 1283 2698 quod
1302 2654 1456 2689 Klotzius,
1473 2654 1559 2684 nulla

894 2716 1000 2740 tamen
1015 2718 1110 2738 causa
1123 2706 1242 2741 addita,
1256 2705 1362 2736 suasit.
1403 2704 1471 2738 Qua
1486 2714 1558 2733 som*

897 2769 958 2794 nos,
970 2763 1034 2789 etc.
1046 2756 1118 2787 vide
1135 2755 1173 2786 ad
1186 2755 1206 2785 i.
1219 2755 1292 2785 671.
1306 2756 1403 2789 ducit,
1419 2752 1559 2784 adducit.
