<?xml version="1.0" encoding="UTF-8"?>
<!DOCTYPE html PUBLIC "-//W3C//DTD XHTML 1.0 Transitional//EN"
    "http://www.w3.org/TR/xhtml1/DTD/xhtml1-transitional.dtd">
<html xmlns="http://www.w3.org/1999/xhtml" xml:lang="en" lang="en">
 <head>
  <title>
</title>
<meta http-equiv="Content-Type" content="text/html;charset=utf-8" />
  <meta name='ocr-system' content='tesseract 3.04.00' />
  <meta name='ocr-capabilities' content='ocr_page ocr_carea ocr_par ocr_line ocrx_word'/>
</head>
<body>
  <div class='ocr_page' id='page_1' title='image "./povidiinasonisop03oviduoft_0212.png"; bbox 0 0 1763 3181; ppageno 0'>
   <div class='ocr_carea' id='block_1_1' title="bbox 228 185 1230 227">
    <p class='ocr_par' dir='ltr' id='par_1_1' title="bbox 228 185 1230 227">
     <span class='ocr_line' id='line_1_1' title="bbox 228 185 1230 227; baseline 0 0"><span class='ocrx_word' id='word_1_1' title='bbox 228 186 313 227; x_wconf 78' lang='lat'>202</span> <span class='ocrx_word' id='word_1_2' title='bbox 616 187 667 227; x_wconf 92' lang='lat' dir='ltr'>P.</span> <span class='ocrx_word' id='word_1_3' title='bbox 702 185 918 227; x_wconf 93' lang='lat' dir='ltr'>OVIDII</span> <span class='ocrx_word' id='word_1_4' title='bbox 952 185 1230 227; x_wconf 91' lang='lat' dir='ltr'><strong>NASONIS</strong></span> 
     </span>
    </p>
   </div>
   <div class='ocr_carea' id='block_1_2' title="bbox 225 301 1613 1056">
    <p class='ocr_par' dir='ltr' id='par_1_2' title="bbox 226 301 1613 749">
     <span class='ocr_line' id='line_1_2' title="bbox 233 301 1611 365; baseline -0.001 -17"><span class='ocrx_word' id='word_1_5' title='bbox 233 302 380 364; x_wconf 84' lang='lat' dir='ltr'>Virga</span> <span class='ocrx_word' id='word_1_6' title='bbox 405 302 483 356; x_wconf 89' lang='lat' dir='ltr'>sit,</span> <span class='ocrx_word' id='word_1_7' title='bbox 513 309 565 347; x_wconf 91' lang='lat' dir='ltr'>ut</span> <span class='ocrx_word' id='word_1_8' title='bbox 590 301 733 348; x_wconf 86' lang='lat' dir='ltr'>tersis</span> <span class='ocrx_word' id='word_1_9' title='bbox 759 301 949 348; x_wconf 80' lang='lat' dir='ltr'>niteant</span> <span class='ocrx_word' id='word_1_10' title='bbox 974 301 1148 348; x_wconf 86' lang='lat' dir='ltr'>talaria</span> <span class='ocrx_word' id='word_1_11' title='bbox 1172 301 1368 365; x_wconf 81' lang='lat' dir='ltr'>plantiS.</span> <span class='ocrx_word' id='word_1_12' title='bbox 1515 303 1611 348; x_wconf 84' lang='lat'>736</span> 
     </span>
     <span class='ocr_line' id='line_1_3' title="bbox 229 377 1480 425; baseline 0 -1"><span class='ocrx_word' id='word_1_13' title='bbox 229 378 354 425; x_wconf 87' lang='lat' dir='ltr'>Pars</span> <span class='ocrx_word' id='word_1_14' title='bbox 380 384 572 424; x_wconf 89' lang='lat' dir='ltr'>secreta</span> <span class='ocrx_word' id='word_1_15' title='bbox 595 377 771 424; x_wconf 90' lang='lat' dir='ltr'>domus</span> <span class='ocrx_word' id='word_1_16' title='bbox 797 377 944 424; x_wconf 83' lang='lat' dir='ltr'>ebore</span> <span class='ocrx_word' id='word_1_17' title='bbox 971 385 1021 424; x_wconf 89' lang='lat' dir='ltr'>et</span> <span class='ocrx_word' id='word_1_18' title='bbox 1044 378 1295 425; x_wconf 88' lang='lat' dir='ltr'>testudine</span> <span class='ocrx_word' id='word_1_19' title='bbox 1320 378 1480 425; x_wconf 88' lang='lat' dir='ltr'>cultos</span> 
     </span>
     <span class='ocr_line' id='line_1_4' title="bbox 226 453 1611 516; baseline -0.001 -15"><span class='ocrx_word' id='word_1_20' title='bbox 226 455 349 502; x_wconf 91' lang='lat' dir='ltr'>Tres</span> <span class='ocrx_word' id='word_1_21' title='bbox 373 454 547 501; x_wconf 88' lang='lat' dir='ltr'>habuit</span> <span class='ocrx_word' id='word_1_22' title='bbox 571 454 829 509; x_wconf 81' lang='lat' dir='ltr'>thalamos,</span> <span class='ocrx_word' id='word_1_23' title='bbox 857 470 1067 516; x_wconf 85' lang='lat' dir='ltr'>quorum</span> <span class='ocrx_word' id='word_1_24' title='bbox 1091 462 1161 510; x_wconf 88' lang='lat' dir='ltr'>tu,</span> <span class='ocrx_word' id='word_1_25' title='bbox 1190 455 1462 511; x_wconf 86' lang='lat' dir='ltr'>Pandrose,</span> <span class='ocrx_word' id='word_1_26' title='bbox 1489 453 1611 500; x_wconf 86' lang='lat' dir='ltr'>dex-</span> 
     </span>
     <span class='ocr_line' id='line_1_5' title="bbox 226 531 1610 595; baseline -0.001 -17"><span class='ocrx_word' id='word_1_27' title='bbox 226 532 470 595; x_wconf 83' lang='lat' dir='ltr'>Aglauros</span> <span class='ocrx_word' id='word_1_28' title='bbox 487 532 678 587; x_wconf 88' lang='lat' dir='ltr'>laevum,</span> <span class='ocrx_word' id='word_1_29' title='bbox 692 531 911 578; x_wconf 91' lang='lat' dir='ltr'>medium</span> <span class='ocrx_word' id='word_1_30' title='bbox 927 531 1221 594; x_wconf 84' lang='lat' dir='ltr'>possederat</span> <span class='ocrx_word' id='word_1_31' title='bbox 1236 531 1414 578; x_wconf 87' lang='lat' dir='ltr'>Herse.</span> <span class='ocrx_word' id='word_1_32' title='bbox 1443 531 1610 592; x_wconf 91' lang='lat' dir='ltr'>[trum‚</span> 
     </span>
     <span class='ocr_line' id='line_1_6' title="bbox 227 607 1613 672; baseline -0.002 -17"><span class='ocrx_word' id='word_1_33' title='bbox 227 608 351 663; x_wconf 85' lang='lat' dir='ltr'>Quae</span> <span class='ocrx_word' id='word_1_34' title='bbox 377 608 537 656; x_wconf 88' lang='lat' dir='ltr'>tenuit</span> <span class='ocrx_word' id='word_1_35' title='bbox 560 609 754 664; x_wconf 89' lang='lat' dir='ltr'>laevum,</span> <span class='ocrx_word' id='word_1_36' title='bbox 781 608 1062 656; x_wconf 89' lang='lat' dir='ltr'>venientem</span> <span class='ocrx_word' id='word_1_37' title='bbox 1087 609 1246 672; x_wconf 89' lang='lat' dir='ltr'>prima</span> <span class='ocrx_word' id='word_1_38' title='bbox 1269 607 1459 656; x_wconf 88' lang='lat' dir='ltr'>notavit</span> <span class='ocrx_word' id='word_1_39' title='bbox 1516 610 1613 654; x_wconf 85' lang='lat'>740</span> 
     </span>
     <span class='ocr_line' id='line_1_7' title="bbox 227 686 1515 749; baseline -0.001 -17"><span class='ocrx_word' id='word_1_40' title='bbox 227 686 560 742; x_wconf 81' lang='lat' dir='ltr'>Mercurium3</span> <span class='ocrx_word' id='word_1_41' title='bbox 601 702 883 749; x_wconf 87' lang='lat' dir='ltr'>nomenque</span> <span class='ocrx_word' id='word_1_42' title='bbox 910 686 1005 733; x_wconf 90' lang='lat' dir='ltr'>Dei</span> <span class='ocrx_word' id='word_1_43' title='bbox 1031 686 1253 733; x_wconf 84' lang='lat' dir='ltr'>scitarier</span> <span class='ocrx_word' id='word_1_44' title='bbox 1277 701 1399 733; x_wconf 88' lang='lat' dir='ltr'>ausa</span> <span class='ocrx_word' id='word_1_45' title='bbox 1422 692 1515 740; x_wconf 90' lang='lat' dir='ltr'>est,</span> 
     </span>
    </p>

    <p class='ocr_par' dir='ltr' id='par_1_3' title="bbox 225 761 1611 1056">
     <span class='ocr_line' id='line_1_8' title="bbox 227 761 1555 826; baseline -0.003 -16"><span class='ocrx_word' id='word_1_46' title='bbox 227 762 294 810; x_wconf 90' lang='lat' dir='ltr'>Et</span> <span class='ocrx_word' id='word_1_47' title='bbox 318 779 518 810; x_wconf 88' lang='lat' dir='ltr'>causam</span> <span class='ocrx_word' id='word_1_48' title='bbox 545 762 813 811; x_wconf 87' lang='lat' dir='ltr'>adventus:</span> <span class='ocrx_word' id='word_1_49' title='bbox 853 763 934 811; x_wconf 90' lang='lat' dir='ltr'>cui</span> <span class='ocrx_word' id='word_1_50' title='bbox 960 763 1031 810; x_wconf 91' lang='lat' dir='ltr'>sic</span> <span class='ocrx_word' id='word_1_51' title='bbox 1057 763 1313 826; x_wconf 88' lang='lat' dir='ltr'>respondit</span> <span class='ocrx_word' id='word_1_52' title='bbox 1338 761 1555 810; x_wconf 89' lang='lat' dir='ltr'>Atlantis</span> 
     </span>
     <span class='ocr_line' id='line_1_9' title="bbox 228 840 1611 905; baseline -0.001 -19"><span class='ocrx_word' id='word_1_53' title='bbox 228 840 560 902; x_wconf 86' lang='lat' dir='ltr'>Pleionesque</span> <span class='ocrx_word' id='word_1_54' title='bbox 576 856 732 902; x_wconf 86' lang='lat' dir='ltr'>genus</span> <span class='ocrx_word' id='word_1_55' title='bbox 751 858 761 888; x_wconf 90' lang='lat'>:</span> <span class='ocrx_word' id='word_1_56' title='bbox 794 847 824 865; x_wconf 89' lang='lat'><strong>“</strong></span> <span class='ocrx_word' id='word_1_57' title='bbox 844 841 950 904; x_wconf 85' lang='lat' dir='ltr'>Ego</span> <span class='ocrx_word' id='word_1_58' title='bbox 966 858 1093 897; x_wconf 88' lang='lat' dir='ltr'>sum,</span> <span class='ocrx_word' id='word_1_59' title='bbox 1112 841 1197 905; x_wconf 91' lang='lat' dir='ltr'>qui</span> <span class='ocrx_word' id='word_1_60' title='bbox 1207 843 1350 904; x_wconf 86' lang='lat' dir='ltr'>jussa</span> <span class='ocrx_word' id='word_1_61' title='bbox 1365 857 1451 904; x_wconf 91' lang='lat' dir='ltr'>per</span> <span class='ocrx_word' id='word_1_62' title='bbox 1470 855 1611 887; x_wconf 88' lang='lat' dir='ltr'>auras</span> 
     </span>
     <span class='ocr_line' id='line_1_10' title="bbox 225 917 1573 982; baseline 0.001 -20"><span class='ocrx_word' id='word_1_63' title='bbox 225 917 392 964; x_wconf 90' lang='lat' dir='ltr'>Verba</span> <span class='ocrx_word' id='word_1_64' title='bbox 416 917 569 980; x_wconf 88' lang='lat' dir='ltr'>patris</span> <span class='ocrx_word' id='word_1_65' title='bbox 595 925 737 980; x_wconf 90' lang='lat' dir='ltr'>porto</span> <span class='ocrx_word' id='word_1_66' title='bbox 757 934 766 965; x_wconf 93' lang='lat'>:</span> <span class='ocrx_word' id='word_1_67' title='bbox 807 925 950 981; x_wconf 89' lang='lat' dir='ltr'>pater</span> <span class='ocrx_word' id='word_1_68' title='bbox 974 925 1052 965; x_wconf 90' lang='lat' dir='ltr'>est</span> <span class='ocrx_word' id='word_1_69' title='bbox 1076 918 1196 965; x_wconf 89' lang='lat' dir='ltr'>mihi</span> <span class='ocrx_word' id='word_1_70' title='bbox 1217 917 1414 982; x_wconf 89' lang='lat' dir='ltr'>Jupiter</span> <span class='ocrx_word' id='word_1_71' title='bbox 1438 917 1573 981; x_wconf 88' lang='lat' dir='ltr'>ipse:</span> 
     </span>
     <span class='ocr_line' id='line_1_11' title="bbox 226 993 1609 1056; baseline 0 -16"><span class='ocrx_word' id='word_1_72' title='bbox 226 993 334 1041; x_wconf 88' lang='lat' dir='ltr'>Nec</span> <span class='ocrx_word' id='word_1_73' title='bbox 354 994 538 1056; x_wconf 86' lang='lat' dir='ltr'>fingam</span> <span class='ocrx_word' id='word_1_74' title='bbox 563 1010 768 1042; x_wconf 86' lang='lat' dir='ltr'>causas:</span> <span class='ocrx_word' id='word_1_75' title='bbox 807 1003 861 1042; x_wconf 89' lang='lat' dir='ltr'>tu</span> <span class='ocrx_word' id='word_1_76' title='bbox 885 1003 1078 1042; x_wconf 90' lang='lat' dir='ltr'>tantum</span> <span class='ocrx_word' id='word_1_77' title='bbox 1103 995 1202 1042; x_wconf 91' lang='lat' dir='ltr'>fida</span> <span class='ocrx_word' id='word_1_78' title='bbox 1227 994 1379 1042; x_wconf 91' lang='lat' dir='ltr'>sorori</span> <span class='ocrx_word' id='word_1_79' title='bbox 1514 995 1609 1040; x_wconf 88' lang='lat'>745</span> 
     </span>
    </p>
   </div>
   <div class='ocr_carea' id='block_1_3' title="bbox 224 1071 1612 1591">
    <p class='ocr_par' dir='ltr' id='par_1_4' title="bbox 227 1071 1402 1135">
     <span class='ocr_line' id='line_1_12' title="bbox 227 1071 1402 1135; baseline 0.001 -18"><span class='ocrx_word' id='word_1_80' title='bbox 227 1071 353 1118; x_wconf 87' lang='lat' dir='ltr'>Esse</span> <span class='ocrx_word' id='word_1_81' title='bbox 377 1071 499 1118; x_wconf 90' lang='lat' dir='ltr'>velis</span> <span class='ocrx_word' id='word_1_82' title='bbox 519 1089 530 1127; x_wconf 92' lang='lat'>;</span> <span class='ocrx_word' id='word_1_83' title='bbox 570 1072 824 1135; x_wconf 88' lang='lat' dir='ltr'>prolisque</span> <span class='ocrx_word' id='word_1_84' title='bbox 847 1088 971 1119; x_wconf 87' lang='lat' dir='ltr'>meae</span> <span class='ocrx_word' id='word_1_85' title='bbox 996 1079 1265 1120; x_wconf 87' lang='lat' dir='ltr'>matertera</span> <span class='ocrx_word' id='word_1_86' title='bbox 1288 1071 1402 1118; x_wconf 88' lang='lat' dir='ltr'>dici.</span> 
     </span>
    </p>

    <p class='ocr_par' dir='ltr' id='par_1_5' title="bbox 225 1149 1544 1366">
     <span class='ocr_line' id='line_1_13' title="bbox 226 1149 1434 1206; baseline 0.001 -11"><span class='ocrx_word' id='word_1_87' title='bbox 226 1149 386 1197; x_wconf 85' lang='lat' dir='ltr'>Herse</span> <span class='ocrx_word' id='word_1_88' title='bbox 412 1165 563 1196; x_wconf 87' lang='lat' dir='ltr'>causa</span> <span class='ocrx_word' id='word_1_89' title='bbox 585 1149 706 1206; x_wconf 86' lang='lat' dir='ltr'>viae;</span> <span class='ocrx_word' id='word_1_90' title='bbox 746 1149 927 1205; x_wconf 86' lang='lat' dir='ltr'>faveas,</span> <span class='ocrx_word' id='word_1_91' title='bbox 955 1167 1170 1206; x_wconf 91' lang='lat' dir='ltr'>oramus,</span> <span class='ocrx_word' id='word_1_92' title='bbox 1198 1149 1434 1198; x_wconf 86' lang='lat' dir='ltr'>amanti.&#39;&#39;</span> 
     </span>
     <span class='ocr_line' id='line_1_14' title="bbox 225 1226 1544 1290; baseline 0 -18"><span class='ocrx_word' id='word_1_93' title='bbox 225 1226 420 1289; x_wconf 86' lang='lat' dir='ltr'>Aspicit</span> <span class='ocrx_word' id='word_1_94' title='bbox 444 1226 574 1273; x_wconf 91' lang='lat' dir='ltr'>hunc</span> <span class='ocrx_word' id='word_1_95' title='bbox 600 1226 754 1273; x_wconf 87' lang='lat' dir='ltr'>oculis</span> <span class='ocrx_word' id='word_1_96' title='bbox 781 1226 955 1283; x_wconf 90' lang='lat' dir='ltr'>isdem,</span> <span class='ocrx_word' id='word_1_97' title='bbox 985 1228 1166 1290; x_wconf 91' lang='lat' dir='ltr'>quibus</span> <span class='ocrx_word' id='word_1_98' title='bbox 1193 1227 1364 1274; x_wconf 90' lang='lat' dir='ltr'>abdita</span> <span class='ocrx_word' id='word_1_99' title='bbox 1386 1242 1544 1290; x_wconf 90' lang='lat' dir='ltr'>nuper</span> 
     </span>
     <span class='ocr_line' id='line_1_15' title="bbox 225 1303 1374 1366; baseline 0.001 -16"><span class='ocrx_word' id='word_1_100' title='bbox 225 1303 429 1350; x_wconf 86' lang='lat' dir='ltr'>Viderat</span> <span class='ocrx_word' id='word_1_101' title='bbox 452 1304 698 1366; x_wconf 84' lang='lat' dir='ltr'>Aglauros</span> <span class='ocrx_word' id='word_1_102' title='bbox 724 1304 863 1351; x_wconf 88' lang='lat' dir='ltr'>fiavae</span> <span class='ocrx_word' id='word_1_103' title='bbox 890 1312 1084 1352; x_wconf 89' lang='lat' dir='ltr'>secreta</span> <span class='ocrx_word' id='word_1_104' title='bbox 1109 1304 1374 1351; x_wconf 83' lang='lat' dir='ltr'>Minervae:</span> 
     </span>
    </p>

    <p class='ocr_par' dir='ltr' id='par_1_6' title="bbox 225 1381 1612 1520">
     <span class='ocr_line' id='line_1_16' title="bbox 225 1381 1612 1445; baseline -0.001 -18"><span class='ocrx_word' id='word_1_105' title='bbox 225 1381 425 1444; x_wconf 89' lang='lat' dir='ltr'>Proque</span> <span class='ocrx_word' id='word_1_106' title='bbox 452 1381 723 1428; x_wconf 87' lang='lat' dir='ltr'>ministerio</span> <span class='ocrx_word' id='word_1_107' title='bbox 745 1382 911 1444; x_wconf 83' lang='lat' dir='ltr'>magni</span> <span class='ocrx_word' id='word_1_108' title='bbox 937 1382 1029 1428; x_wconf 88' lang='lat' dir='ltr'>sibi</span> <span class='ocrx_word' id='word_1_109' title='bbox 1055 1381 1286 1445; x_wconf 91' lang='lat' dir='ltr'>ponderis</span> <span class='ocrx_word' id='word_1_110' title='bbox 1306 1396 1478 1428; x_wconf 86' lang='lat' dir='ltr'>aurum</span> <span class='ocrx_word' id='word_1_111' title='bbox 1515 1382 1612 1426; x_wconf 87' lang='lat'>750</span> 
     </span>
     <span class='ocr_line' id='line_1_17' title="bbox 227 1457 1328 1520; baseline 0.001 -16"><span class='ocrx_word' id='word_1_112' title='bbox 227 1457 482 1505; x_wconf 87' lang='lat' dir='ltr'>Postulat:</span> <span class='ocrx_word' id='word_1_113' title='bbox 523 1457 714 1504; x_wconf 84' lang='lat' dir='ltr'>interea</span> <span class='ocrx_word' id='word_1_114' title='bbox 738 1458 883 1505; x_wconf 87' lang='lat' dir='ltr'>tectis</span> <span class='ocrx_word' id='word_1_115' title='bbox 911 1459 1155 1506; x_wconf 84' lang='lat' dir='ltr'>excedere</span> <span class='ocrx_word' id='word_1_116' title='bbox 1179 1458 1328 1520; x_wconf 83' lang='lat' dir='ltr'>cogit.</span> 
     </span>
    </p>

    <p class='ocr_par' dir='ltr' id='par_1_7' title="bbox 224 1534 1553 1591">
     <span class='ocr_line' id='line_1_18' title="bbox 224 1534 1553 1591; baseline 0.001 -10"><span class='ocrx_word' id='word_1_117' title='bbox 224 1534 385 1582; x_wconf 91' lang='lat' dir='ltr'>Vertit</span> <span class='ocrx_word' id='word_1_118' title='bbox 410 1535 471 1582; x_wconf 88' lang='lat' dir='ltr'>ad</span> <span class='ocrx_word' id='word_1_119' title='bbox 496 1535 624 1582; x_wconf 85' lang='lat' dir='ltr'>hanc</span> <span class='ocrx_word' id='word_1_120' title='bbox 650 1536 776 1582; x_wconf 88' lang='lat' dir='ltr'>torvi</span> <span class='ocrx_word' id='word_1_121' title='bbox 804 1536 914 1583; x_wconf 88' lang='lat' dir='ltr'>Dea</span> <span class='ocrx_word' id='word_1_122' title='bbox 937 1536 1118 1583; x_wconf 90' lang='lat' dir='ltr'>bellica</span> <span class='ocrx_word' id='word_1_123' title='bbox 1141 1535 1341 1582; x_wconf 90' lang='lat' dir='ltr'>luminis</span> <span class='ocrx_word' id='word_1_124' title='bbox 1367 1536 1553 1591; x_wconf 88' lang='lat' dir='ltr'>orbem,</span> 
     </span>
    </p>
   </div>
   <div class='ocr_carea' id='block_1_4' title="bbox 220 1658 885 2781">
    <p class='ocr_par' dir='ltr' id='par_1_8' title="bbox 222 1658 885 2340">
     <span class='ocr_line' id='line_1_19' title="bbox 266 1658 885 1701; baseline 0.003 -13"><span class='ocrx_word' id='word_1_125' title='bbox 266 1658 339 1688; x_wconf 83' lang='lat'>737.</span> <span class='ocrx_word' id='word_1_126' title='bbox 364 1658 442 1687; x_wconf 74' lang='lat' dir='ltr'>Pur-s</span> <span class='ocrx_word' id='word_1_127' title='bbox 466 1666 576 1689; x_wconf 66' lang='lat' dir='ltr'>secreta</span> <span class='ocrx_word' id='word_1_128' title='bbox 603 1659 733 1699; x_wconf 61' lang='lat' dir='ltr'>domus]</span> <span class='ocrx_word' id='word_1_129' title='bbox 787 1659 885 1701; x_wconf 78' lang='lat' dir='ltr'>Apud</span> 
     </span>
     <span class='ocr_line' id='line_1_20' title="bbox 224 1707 883 1739; baseline 0.003 -2"><span class='ocrx_word' id='word_1_130' title='bbox 224 1707 350 1737; x_wconf 79' lang='lat' dir='ltr'>Graecos</span> <span class='ocrx_word' id='word_1_131' title='bbox 370 1707 514 1737; x_wconf 85' lang='lat' dir='ltr'>mulieres</span> <span class='ocrx_word' id='word_1_132' title='bbox 538 1707 570 1736; x_wconf 90' lang='lat' dir='ltr'>in</span> <span class='ocrx_word' id='word_1_133' title='bbox 591 1714 703 1738; x_wconf 74' lang='lat' dir='ltr'>secreta</span> <span class='ocrx_word' id='word_1_134' title='bbox 728 1719 783 1739; x_wconf 83' lang='lat' dir='ltr'>seu</span> <span class='ocrx_word' id='word_1_135' title='bbox 806 1708 883 1739; x_wconf 89' lang='lat' dir='ltr'>inte-</span> 
     </span>
     <span class='ocr_line' id='line_1_21' title="bbox 224 1757 884 1798; baseline 0.003 -12"><span class='ocrx_word' id='word_1_136' title='bbox 224 1757 300 1787; x_wconf 88' lang='lat' dir='ltr'>riore</span> <span class='ocrx_word' id='word_1_137' title='bbox 321 1757 436 1787; x_wconf 85' lang='lat' dir='ltr'>aedium</span> <span class='ocrx_word' id='word_1_138' title='bbox 455 1764 542 1798; x_wconf 86' lang='lat' dir='ltr'>parte</span> <span class='ocrx_word' id='word_1_139' title='bbox 565 1757 727 1793; x_wconf 78' lang='lat' dir='ltr'>sedebant,</span> <span class='ocrx_word' id='word_1_140' title='bbox 743 1768 811 1798; x_wconf 81' lang='lat' dir='ltr'>quae</span> <span class='ocrx_word' id='word_1_141' title='bbox 828 1769 884 1798; x_wconf 82' lang='lat' dir='ltr'>gy-</span> 
     </span>
     <span class='ocr_line' id='line_1_22' title="bbox 224 1806 883 1848; baseline 0.002 -11"><span class='ocrx_word' id='word_1_142' title='bbox 224 1806 386 1837; x_wconf 84' lang='lat' dir='ltr'>naeconitis</span> <span class='ocrx_word' id='word_1_143' title='bbox 399 1806 630 1847; x_wconf 74' lang='lat' dir='ltr'>appellabatur.</span> <span class='ocrx_word' id='word_1_144' title='bbox 659 1807 784 1837; x_wconf 81' lang='lat' dir='ltr'>Coi-nel.</span> <span class='ocrx_word' id='word_1_145' title='bbox 800 1808 883 1848; x_wconf 74' lang='lat' dir='ltr'>Nep.</span> 
     </span>
     <span class='ocr_line' id='line_1_23' title="bbox 224 1855 884 1898; baseline 0.002 -12"><span class='ocrx_word' id='word_1_146' title='bbox 224 1856 310 1898; x_wconf 71' lang='lat' dir='ltr'>praef.</span> <span class='ocrx_word' id='word_1_147' title='bbox 338 1855 473 1896; x_wconf 84' lang='lat' dir='ltr'>Singulae</span> <span class='ocrx_word' id='word_1_148' title='bbox 490 1855 647 1886; x_wconf 79' lang='lat' dir='ltr'>habebant</span> <span class='ocrx_word' id='word_1_149' title='bbox 659 1867 729 1886; x_wconf 90' lang='lat' dir='ltr'>suos</span> <span class='ocrx_word' id='word_1_150' title='bbox 742 1858 884 1887; x_wconf 73' lang='lat' dir='ltr'>thalamos</span> 
     </span>
     <span class='ocr_line' id='line_1_24' title="bbox 222 1904 883 1946; baseline 0 -10"><span class='ocrx_word' id='word_1_151' title='bbox 222 1916 278 1936; x_wconf 78' lang='lat' dir='ltr'>seu</span> <span class='ocrx_word' id='word_1_152' title='bbox 294 1905 449 1939; x_wconf 84' lang='lat' dir='ltr'>cubicula,</span> <span class='ocrx_word' id='word_1_153' title='bbox 464 1915 594 1945; x_wconf 88' lang='lat' dir='ltr'>quorum</span> <span class='ocrx_word' id='word_1_154' title='bbox 610 1904 744 1946; x_wconf 86' lang='lat' dir='ltr'>parietes</span> <span class='ocrx_word' id='word_1_155' title='bbox 758 1911 789 1935; x_wconf 88' lang='lat' dir='ltr'>et</span> <span class='ocrx_word' id='word_1_156' title='bbox 805 1906 883 1936; x_wconf 83' lang='lat' dir='ltr'>fores</span> 
     </span>
     <span class='ocr_line' id='line_1_25' title="bbox 223 1953 883 1995; baseline 0 -10"><span class='ocrx_word' id='word_1_157' title='bbox 223 1954 372 1995; x_wconf 81' lang='lat' dir='ltr'>distingui</span> <span class='ocrx_word' id='word_1_158' title='bbox 387 1954 460 1983; x_wconf 87' lang='lat' dir='ltr'>olim</span> <span class='ocrx_word' id='word_1_159' title='bbox 475 1953 619 1984; x_wconf 81' lang='lat' dir='ltr'>solebant</span> <span class='ocrx_word' id='word_1_160' title='bbox 639 1954 744 1984; x_wconf 86' lang='lat' dir='ltr'>tinctis</span> <span class='ocrx_word' id='word_1_161' title='bbox 764 1954 883 1985; x_wconf 84' lang='lat' dir='ltr'>anima-</span> 
     </span>
     <span class='ocr_line' id='line_1_26' title="bbox 223 2003 883 2038; baseline 0 -5"><span class='ocrx_word' id='word_1_162' title='bbox 223 2003 301 2033; x_wconf 84' lang='lat' dir='ltr'>lium</span> <span class='ocrx_word' id='word_1_163' title='bbox 329 2003 486 2038; x_wconf 88' lang='lat' dir='ltr'>cornibus,</span> <span class='ocrx_word' id='word_1_164' title='bbox 518 2003 600 2032; x_wconf 79' lang='lat' dir='ltr'>ebore</span> <span class='ocrx_word' id='word_1_165' title='bbox 631 2008 662 2032; x_wconf 89' lang='lat' dir='ltr'>et</span> <span class='ocrx_word' id='word_1_166' title='bbox 700 2006 883 2033; x_wconf 72' lang='lat' dir='ltr'>testudinum</span> 
     </span>
     <span class='ocr_line' id='line_1_27' title="bbox 224 2051 884 2092; baseline 0 -10"><span class='ocrx_word' id='word_1_167' title='bbox 224 2051 425 2092; x_wconf 76' lang='lat' dir='ltr'>tegminibus.</span> <span class='ocrx_word' id='word_1_168' title='bbox 451 2051 534 2081; x_wconf 82' lang='lat' dir='ltr'>Plin.</span> <span class='ocrx_word' id='word_1_169' title='bbox 556 2051 638 2081; x_wconf 82' lang='lat' dir='ltr'>Hist.</span> <span class='ocrx_word' id='word_1_170' title='bbox 658 2051 737 2081; x_wconf 71' lang='lat' dir='ltr'>Nat.</span> <span class='ocrx_word' id='word_1_171' title='bbox 755 2052 815 2082; x_wconf 81' lang='lat' dir='ltr'>xvi.</span> <span class='ocrx_word' id='word_1_172' title='bbox 831 2054 884 2082; x_wconf 78' lang='lat'>44.</span> 
     </span>
     <span class='ocr_line' id='line_1_28' title="bbox 224 2100 882 2141; baseline 0.002 -10"><span class='ocrx_word' id='word_1_173' title='bbox 224 2101 313 2141; x_wconf 70' lang='lat' dir='ltr'>Yirg.</span> <span class='ocrx_word' id='word_1_174' title='bbox 338 2101 452 2141; x_wconf 80' lang='lat' dir='ltr'>Georg.</span> <span class='ocrx_word' id='word_1_175' title='bbox 468 2100 502 2129; x_wconf 90' lang='lat' dir='ltr'>ii.</span> <span class='ocrx_word' id='word_1_176' title='bbox 520 2100 602 2130; x_wconf 80' lang='lat'><strong>463:</strong></span> <span class='ocrx_word' id='word_1_177' title='bbox 633 2100 692 2130; x_wconf 79' lang='lat' dir='ltr'>Nec</span> <span class='ocrx_word' id='word_1_178' title='bbox 717 2103 813 2130; x_wconf 51' lang='lat' dir='ltr'>¹turios</span> <span class='ocrx_word' id='word_1_179' title='bbox 836 2103 882 2132; x_wconf 79' lang='lat' dir='ltr'>in-</span> 
     </span>
     <span class='ocr_line' id='line_1_29' title="bbox 223 2150 882 2190; baseline -0.002 -9"><span class='ocrx_word' id='word_1_180' title='bbox 223 2153 308 2181; x_wconf 78' lang='lat' dir='ltr'>hiant</span> <span class='ocrx_word' id='word_1_181' title='bbox 329 2150 458 2190; x_wconf 74' lang='lat' dir='ltr'>pulchra</span> <span class='ocrx_word' id='word_1_182' title='bbox 479 2151 627 2179; x_wconf 74' lang='lat' dir='ltr'>testudine</span> <span class='ocrx_word' id='word_1_183' title='bbox 647 2156 749 2188; x_wconf 77' lang='lat' dir='ltr'>postes.</span> <span class='ocrx_word' id='word_1_184' title='bbox 793 2151 882 2181; x_wconf 83' lang='lat' dir='ltr'>Schi-</span> 
     </span>
     <span class='ocr_line' id='line_1_30' title="bbox 222 2198 882 2232; baseline -0.003 0"><span class='ocrx_word' id='word_1_185' title='bbox 222 2201 307 2232; x_wconf 86' lang='lat' dir='ltr'>rach.</span> <span class='ocrx_word' id='word_1_186' title='bbox 321 2202 394 2230; x_wconf 81' lang='lat' dir='ltr'>ebur</span> <span class='ocrx_word' id='word_1_187' title='bbox 408 2206 439 2230; x_wconf 88' lang='lat' dir='ltr'>et</span> <span class='ocrx_word' id='word_1_188' title='bbox 458 2201 566 2230; x_wconf 65' lang='lat' dir='ltr'>tes-tud.</span> <span class='ocrx_word' id='word_1_189' title='bbox 582 2198 613 2230; x_wconf 92' lang='lat' dir='ltr'>h.</span> <span class='ocrx_word' id='word_1_190' title='bbox 625 2199 646 2230; x_wconf 90' lang='lat' dir='ltr'>l.</span> <span class='ocrx_word' id='word_1_191' title='bbox 661 2199 754 2229; x_wconf 86' lang='lat' dir='ltr'>refert</span> <span class='ocrx_word' id='word_1_192' title='bbox 775 2200 812 2230; x_wconf 86' lang='lat' dir='ltr'>ad</span> <span class='ocrx_word' id='word_1_193' title='bbox 837 2201 882 2230; x_wconf 83' lang='lat' dir='ltr'>la-</span> 
     </span>
     <span class='ocr_line' id='line_1_31' title="bbox 222 2248 882 2291; baseline 0 -11"><span class='ocrx_word' id='word_1_194' title='bbox 222 2248 359 2291; x_wconf 84' lang='lat' dir='ltr'>quearia.</span> <span class='ocrx_word' id='word_1_195' title='bbox 405 2248 588 2284; x_wconf 46' lang='lat' dir='ltr'>Post-ederat,</span> <span class='ocrx_word' id='word_1_196' title='bbox 604 2248 663 2278; x_wconf 88' lang='lat' dir='ltr'>sibi</span> <span class='ocrx_word' id='word_1_197' title='bbox 678 2248 882 2280; x_wconf 84' lang='lat' dir='ltr'>habitandum</span> 
     </span>
     <span class='ocr_line' id='line_1_32' title="bbox 223 2304 410 2340; baseline -0.011 -10"><span class='ocrx_word' id='word_1_198' title='bbox 223 2304 410 2340; x_wconf 81' lang='lat' dir='ltr'>sumpserat.</span> 
     </span>
    </p>

    <p class='ocr_par' dir='ltr' id='par_1_9' title="bbox 220 2347 882 2781">
     <span class='ocr_line' id='line_1_33' title="bbox 267 2347 882 2389; baseline 0.002 -12"><span class='ocrx_word' id='word_1_199' title='bbox 267 2348 341 2378; x_wconf 79' lang='lat'>473.</span> <span class='ocrx_word' id='word_1_200' title='bbox 358 2347 488 2383; x_wconf 81' lang='lat' dir='ltr'>Pleione,</span> <span class='ocrx_word' id='word_1_201' title='bbox 505 2347 643 2377; x_wconf 79' lang='lat' dir='ltr'>Atlantis</span> <span class='ocrx_word' id='word_1_202' title='bbox 658 2358 743 2383; x_wconf 85' lang='lat' dir='ltr'>uxor,</span> <span class='ocrx_word' id='word_1_203' title='bbox 759 2358 776 2378; x_wconf 85' lang='lat' dir='ltr'>e</span> <span class='ocrx_word' id='word_1_204' title='bbox 792 2347 882 2389; x_wconf 90' lang='lat' dir='ltr'>cujus</span> 
     </span>
     <span class='ocr_line' id='line_1_34' title="bbox 222 2396 882 2431; baseline 0 -4"><span class='ocrx_word' id='word_1_205' title='bbox 222 2396 345 2427; x_wconf 84' lang='lat' dir='ltr'>filiabus</span> <span class='ocrx_word' id='word_1_206' title='bbox 373 2406 436 2426; x_wconf 84' lang='lat' dir='ltr'>una</span> <span class='ocrx_word' id='word_1_207' title='bbox 466 2396 564 2431; x_wconf 85' lang='lat' dir='ltr'>Maia,</span> <span class='ocrx_word' id='word_1_208' title='bbox 594 2401 692 2426; x_wconf 86' lang='lat' dir='ltr'>mater</span> <span class='ocrx_word' id='word_1_209' title='bbox 721 2396 882 2428; x_wconf 88' lang='lat' dir='ltr'>Mercurii.</span> 
     </span>
     <span class='ocr_line' id='line_1_35' title="bbox 226 2445 880 2477; baseline -0.002 0"><span class='ocrx_word' id='word_1_210' title='bbox 226 2448 328 2477; x_wconf 74' lang='lat' dir='ltr'>(lenus</span> <span class='ocrx_word' id='word_1_211' title='bbox 343 2456 374 2476; x_wconf 89' lang='lat' dir='ltr'>se</span> <span class='ocrx_word' id='word_1_212' title='bbox 389 2445 587 2475; x_wconf 88' lang='lat' dir='ltr'>commendat</span> <span class='ocrx_word' id='word_1_213' title='bbox 606 2445 644 2476; x_wconf 90' lang='lat' dir='ltr'>ab</span> <span class='ocrx_word' id='word_1_214' title='bbox 661 2456 723 2475; x_wconf 86' lang='lat' dir='ltr'>una</span> <span class='ocrx_word' id='word_1_215' title='bbox 745 2446 880 2476; x_wconf 87' lang='lat' dir='ltr'>muneris</span> 
     </span>
     <span class='ocr_line' id='line_1_36' title="bbox 223 2494 882 2537; baseline 0 -11"><span class='ocrx_word' id='word_1_216' title='bbox 223 2502 320 2537; x_wconf 85' lang='lat' dir='ltr'>parte,</span> <span class='ocrx_word' id='word_1_217' title='bbox 337 2505 399 2536; x_wconf 90' lang='lat' dir='ltr'>qua</span> <span class='ocrx_word' id='word_1_218' title='bbox 414 2495 634 2525; x_wconf 85' lang='lat' dir='ltr'>commercium</span> <span class='ocrx_word' id='word_1_219' title='bbox 656 2494 736 2525; x_wconf 81' lang='lat' dir='ltr'>inter</span> <span class='ocrx_word' id='word_1_220' title='bbox 751 2496 835 2526; x_wconf 86' lang='lat' dir='ltr'>Deos</span> <span class='ocrx_word' id='word_1_221' title='bbox 851 2501 882 2526; x_wconf 81' lang='lat' dir='ltr'>et</span> 
     </span>
     <span class='ocr_line' id='line_1_37' title="bbox 223 2543 881 2578; baseline 0 -4"><span class='ocrx_word' id='word_1_222' title='bbox 223 2544 373 2575; x_wconf 87' lang='lat' dir='ltr'>homines.</span> <span class='ocrx_word' id='word_1_223' title='bbox 419 2543 468 2573; x_wconf 86' lang='lat' dir='ltr'>De</span> <span class='ocrx_word' id='word_1_224' title='bbox 490 2543 611 2578; x_wconf 84' lang='lat' dir='ltr'>eodem,</span> <span class='ocrx_word' id='word_1_225' title='bbox 628 2544 714 2574; x_wconf 87' lang='lat' dir='ltr'>Jovis</span> <span class='ocrx_word' id='word_1_226' title='bbox 739 2546 881 2574; x_wconf 73' lang='lat' dir='ltr'>mandata</span> 
     </span>
     <span class='ocr_line' id='line_1_38' title="bbox 220 2592 881 2634; baseline 0.002 -13"><span class='ocrx_word' id='word_1_227' title='bbox 220 2605 274 2633; x_wconf 80' lang='lat' dir='ltr'>per</span> <span class='ocrx_word' id='word_1_228' title='bbox 299 2593 504 2634; x_wconf 73' lang='lat' dir='ltr'>anrnsferre,</span> <span class='ocrx_word' id='word_1_229' title='bbox 528 2592 610 2634; x_wconf 86' lang='lat' dir='ltr'>apud</span> <span class='ocrx_word' id='word_1_230' title='bbox 631 2592 718 2632; x_wconf 78' lang='lat' dir='ltr'>Virg.</span> <span class='ocrx_word' id='word_1_231' title='bbox 741 2593 817 2623; x_wconf 73' lang='lat' dir='ltr'>AEn.</span> <span class='ocrx_word' id='word_1_232' title='bbox 841 2593 881 2623; x_wconf 89' lang='lat' dir='ltr'>iv.</span> 
     </span>
     <span class='ocr_line' id='line_1_39' title="bbox 222 2640 879 2681; baseline -0.003 -8"><span class='ocrx_word' id='word_1_233' title='bbox 222 2643 298 2673; x_wconf 74' lang='lat'>2370.</span> <span class='ocrx_word' id='word_1_234' title='bbox 329 2642 755 2681; x_wconf 63' lang='lat' dir='ltr'>Qu1&#39;jussa—rerba-portm</span> <span class='ocrx_word' id='word_1_235' title='bbox 785 2640 879 2673; x_wconf 69' lang='grc' dir='ltr'>Διάκ·</span> 
     </span>
     <span class='ocr_line' id='line_1_40' title="bbox 223 2690 880 2732; baseline 0 -10"><span class='ocrx_word' id='word_1_236' title='bbox 223 2704 328 2732; x_wconf 71' lang='grc' dir='ltr'><strong>τορος,</strong></span> <span class='ocrx_word' id='word_1_237' title='bbox 351 2690 465 2731; x_wconf 72' lang='grc' dir='ltr'>κῆρυξ,</span> <span class='ocrx_word' id='word_1_238' title='bbox 493 2690 706 2721; x_wconf 73' lang='lat' dir='ltr'>internuncius</span> <span class='ocrx_word' id='word_1_239' title='bbox 735 2692 880 2722; x_wconf 83' lang='lat' dir='ltr'>Deorum.</span> 
     </span>
     <span class='ocr_line' id='line_1_41' title="bbox 221 2739 879 2781; baseline -0.002 -10"><span class='ocrx_word' id='word_1_240' title='bbox 221 2739 398 2771; x_wconf 76' lang='lat' dir='ltr'>Mercurius</span> <span class='ocrx_word' id='word_1_241' title='bbox 411 2739 512 2781; x_wconf 85' lang='lat' dir='ltr'>inquit</span> <span class='ocrx_word' id='word_1_242' title='bbox 529 2739 696 2775; x_wconf 77' lang='lat' dir='ltr'>Arnobius‚</span> <span class='ocrx_word' id='word_1_243' title='bbox 708 2739 798 2780; x_wconf 82' lang='lat' dir='ltr'>quasi</span> <span class='ocrx_word' id='word_1_244' title='bbox 811 2739 879 2781; x_wconf 90' lang='lat' dir='ltr'>qui-</span> 
     </span>
    </p>
   </div>
   <div class='ocr_carea' id='block_1_5' title="bbox 946 1656 1613 2781">
    <p class='ocr_par' dir='ltr' id='par_1_10' title="bbox 949 1656 1613 1896">
     <span class='ocr_line' id='line_1_42' title="bbox 952 1656 1612 1698; baseline -0.005 -8"><span class='ocrx_word' id='word_1_245' title='bbox 952 1660 1024 1690; x_wconf 77' lang='lat' dir='ltr'>dam</span> <span class='ocrx_word' id='word_1_246' title='bbox 1054 1659 1264 1690; x_wconf 84' lang='lat' dir='ltr'>Medicurrius</span> <span class='ocrx_word' id='word_1_247' title='bbox 1292 1659 1394 1690; x_wconf 91' lang='lat' dir='ltr'>dictus</span> <span class='ocrx_word' id='word_1_248' title='bbox 1424 1663 1489 1689; x_wconf 86' lang='lat' dir='ltr'>est:</span> <span class='ocrx_word' id='word_1_249' title='bbox 1527 1656 1612 1698; x_wconf 83' lang='lat' dir='ltr'>quod</span> 
     </span>
     <span class='ocr_line' id='line_1_43' title="bbox 950 1708 1613 1751; baseline -0.003 -12"><span class='ocrx_word' id='word_1_250' title='bbox 950 1709 1031 1740; x_wconf 87' lang='lat' dir='ltr'>inter</span> <span class='ocrx_word' id='word_1_251' title='bbox 1053 1710 1217 1751; x_wconf 89' lang='lat' dir='ltr'>loquentes</span> <span class='ocrx_word' id='word_1_252' title='bbox 1233 1709 1309 1740; x_wconf 86' lang='lat' dir='ltr'>duos</span> <span class='ocrx_word' id='word_1_253' title='bbox 1331 1708 1435 1739; x_wconf 85' lang='lat' dir='ltr'>media</span> <span class='ocrx_word' id='word_1_254' title='bbox 1449 1713 1562 1744; x_wconf 88' lang='lat' dir='ltr'>currat,</span> <span class='ocrx_word' id='word_1_255' title='bbox 1577 1712 1613 1737; x_wconf 82' lang='lat' dir='ltr'>ut</span> 
     </span>
     <span class='ocr_line' id='line_1_44' title="bbox 949 1755 1611 1801; baseline -0.002 -13"><span class='ocrx_word' id='word_1_256' title='bbox 949 1759 1160 1801; x_wconf 84' lang='lat' dir='ltr'>reciprocetur</span> <span class='ocrx_word' id='word_1_257' title='bbox 1186 1758 1293 1793; x_wconf 83' lang='lat' dir='ltr'>oratio,</span> <span class='ocrx_word' id='word_1_258' title='bbox 1317 1763 1378 1789; x_wconf 86' lang='lat' dir='ltr'>etc.</span> <span class='ocrx_word' id='word_1_259' title='bbox 1403 1758 1459 1788; x_wconf 87' lang='lat' dir='ltr'>lib.</span> <span class='ocrx_word' id='word_1_260' title='bbox 1484 1757 1530 1788; x_wconf 88' lang='lat' dir='ltr'>iii.</span> <span class='ocrx_word' id='word_1_261' title='bbox 1556 1755 1611 1787; x_wconf 88' lang='lat' dir='ltr'>ad-</span> 
     </span>
     <span class='ocr_line' id='line_1_45' title="bbox 950 1805 1611 1848; baseline -0.002 -10"><span class='ocrx_word' id='word_1_262' title='bbox 950 1819 1028 1839; x_wconf 85' lang='lat' dir='ltr'>vers.</span> <span class='ocrx_word' id='word_1_263' title='bbox 1060 1809 1193 1840; x_wconf 86' lang='lat' dir='ltr'>Gentes.</span> <span class='ocrx_word' id='word_1_264' title='bbox 1253 1808 1322 1838; x_wconf 77' lang='lat' dir='ltr'>Esse</span> <span class='ocrx_word' id='word_1_265' title='bbox 1351 1809 1432 1844; x_wconf 80' lang='lat' dir='ltr'>velis,</span> <span class='ocrx_word' id='word_1_266' title='bbox 1462 1812 1495 1838; x_wconf 92' lang='lat' dir='ltr'>ut</span> <span class='ocrx_word' id='word_1_267' title='bbox 1527 1805 1611 1848; x_wconf 84' lang='lat' dir='ltr'>apud</span> 
     </span>
     <span class='ocr_line' id='line_1_46' title="bbox 951 1856 1342 1896; baseline -0.003 -8"><span class='ocrx_word' id='word_1_268' title='bbox 951 1858 1078 1888; x_wconf 56' lang='lat' dir='ltr'>Graecos</span> <span class='ocrx_word' id='word_1_269' title='bbox 1093 1856 1232 1896; x_wconf 79' lang='grc' dir='ltr'>Θέλησον</span> <span class='ocrx_word' id='word_1_270' title='bbox 1247 1857 1342 1888; x_wconf 82' lang='grc' dir='ltr'>εἶναι.</span> 
     </span>
    </p>

    <p class='ocr_par' dir='ltr' id='par_1_11' title="bbox 949 1904 1610 2281">
     <span class='ocr_line' id='line_1_47' title="bbox 993 1904 1610 1946; baseline -0.003 -10"><span class='ocrx_word' id='word_1_271' title='bbox 993 1908 1065 1937; x_wconf 82' lang='lat'>748.</span> <span class='ocrx_word' id='word_1_272' title='bbox 1099 1907 1203 1937; x_wconf 76' lang='lat' dir='ltr'>Oculis</span> <span class='ocrx_word' id='word_1_273' title='bbox 1230 1908 1318 1937; x_wconf 80' lang='lat' dir='ltr'>isdem</span> <span class='ocrx_word' id='word_1_274' title='bbox 1348 1916 1408 1936; x_wconf 87' lang='lat' dir='ltr'>non</span> <span class='ocrx_word' id='word_1_275' title='bbox 1436 1904 1610 1946; x_wconf 88' lang='lat' dir='ltr'>urgendum</span> 
     </span>
     <span class='ocr_line' id='line_1_48' title="bbox 949 1953 1607 1994; baseline -0.003 -8"><span class='ocrx_word' id='word_1_276' title='bbox 949 1961 1006 1986; x_wconf 84' lang='lat' dir='ltr'>est.</span> <span class='ocrx_word' id='word_1_277' title='bbox 1050 1956 1120 1985; x_wconf 88' lang='lat' dir='ltr'>Hoc</span> <span class='ocrx_word' id='word_1_278' title='bbox 1137 1955 1271 1989; x_wconf 83' lang='lat' dir='ltr'>addidit,</span> <span class='ocrx_word' id='word_1_279' title='bbox 1290 1960 1323 1985; x_wconf 89' lang='lat' dir='ltr'>ut</span> <span class='ocrx_word' id='word_1_280' title='bbox 1338 1954 1454 1985; x_wconf 87' lang='lat' dir='ltr'>crimen</span> <span class='ocrx_word' id='word_1_281' title='bbox 1467 1953 1607 1994; x_wconf 85' lang='lat' dir='ltr'>virginis,</span> 
     </span>
     <span class='ocr_line' id='line_1_49' title="bbox 949 2003 1610 2046; baseline -0.005 -11"><span class='ocrx_word' id='word_1_282' title='bbox 949 2005 988 2035; x_wconf 89' lang='lat' dir='ltr'>dc</span> <span class='ocrx_word' id='word_1_283' title='bbox 1005 2015 1066 2046; x_wconf 88' lang='lat' dir='ltr'>quo</span> <span class='ocrx_word' id='word_1_284' title='bbox 1078 2006 1150 2036; x_wconf 83' lang='lat'>559.</span> <span class='ocrx_word' id='word_1_285' title='bbox 1164 2005 1195 2034; x_wconf 90' lang='lat' dir='ltr'>in</span> <span class='ocrx_word' id='word_1_286' title='bbox 1209 2004 1390 2034; x_wconf 78' lang='lat' dir='ltr'>memoriam</span> <span class='ocrx_word' id='word_1_287' title='bbox 1404 2003 1511 2034; x_wconf 84' lang='lat' dir='ltr'>lectori</span> <span class='ocrx_word' id='word_1_288' title='bbox 1524 2013 1610 2033; x_wconf 88' lang='lat' dir='ltr'>revo-</span> 
     </span>
     <span class='ocr_line' id='line_1_50' title="bbox 950 2051 1609 2094; baseline -0.003 -10"><span class='ocrx_word' id='word_1_289' title='bbox 950 2060 1045 2085; x_wconf 85' lang='lat' dir='ltr'>caret.</span> <span class='ocrx_word' id='word_1_290' title='bbox 1092 2054 1203 2090; x_wconf 70' lang='lat' dir='ltr'>flurcr,</span> <span class='ocrx_word' id='word_1_291' title='bbox 1228 2064 1296 2094; x_wconf 86' lang='lat' dir='ltr'>quae</span> <span class='ocrx_word' id='word_1_292' title='bbox 1319 2053 1414 2083; x_wconf 86' lang='lat' dir='ltr'>habet</span> <span class='ocrx_word' id='word_1_293' title='bbox 1424 2054 1535 2093; x_wconf 78' lang='lat' dir='ltr'>flavos,</span> <span class='ocrx_word' id='word_1_294' title='bbox 1553 2051 1609 2092; x_wconf 88' lang='lat' dir='ltr'>(de</span> 
     </span>
     <span class='ocr_line' id='line_1_51' title="bbox 951 2101 1609 2144; baseline -0.006 -10"><span class='ocrx_word' id='word_1_295' title='bbox 951 2103 1064 2144; x_wconf 87' lang='lat' dir='ltr'>quibus</span> <span class='ocrx_word' id='word_1_296' title='bbox 1079 2102 1118 2133; x_wconf 90' lang='lat' dir='ltr'>ad</span> <span class='ocrx_word' id='word_1_297' title='bbox 1134 2114 1163 2133; x_wconf 74' lang='grc' dir='ltr'>ν.</span> <span class='ocrx_word' id='word_1_298' title='bbox 1180 2104 1260 2141; x_wconf 81' lang='lat'>319)</span> <span class='ocrx_word' id='word_1_299' title='bbox 1281 2113 1335 2132; x_wconf 85' lang='lat' dir='ltr'>seu</span> <span class='ocrx_word' id='word_1_300' title='bbox 1352 2101 1498 2143; x_wconf 84' lang='lat' dir='ltr'>pulchros</span> <span class='ocrx_word' id='word_1_301' title='bbox 1513 2101 1609 2142; x_wconf 86' lang='lat' dir='ltr'>capil-</span> 
     </span>
     <span class='ocr_line' id='line_1_52' title="bbox 950 2149 1608 2194; baseline -0.005 -12"><span class='ocrx_word' id='word_1_302' title='bbox 950 2153 1006 2188; x_wconf 78' lang='lat' dir='ltr'>los,</span> <span class='ocrx_word' id='word_1_303' title='bbox 1020 2151 1169 2194; x_wconf 78' lang='lat' dir='ltr'>pulchrae.</span> <span class='ocrx_word' id='word_1_304' title='bbox 1196 2152 1253 2181; x_wconf 83' lang='lat' dir='ltr'>Die</span> <span class='ocrx_word' id='word_1_305' title='bbox 1264 2152 1368 2181; x_wconf 77' lang='lat' dir='ltr'>blonde</span> <span class='ocrx_word' id='word_1_306' title='bbox 1380 2151 1532 2181; x_wconf 76' lang='lat' dir='ltr'>Minerva.</span> <span class='ocrx_word' id='word_1_307' title='bbox 1557 2149 1608 2179; x_wconf 82' lang='lat' dir='ltr'>Sic</span> 
     </span>
     <span class='ocr_line' id='line_1_53' title="bbox 949 2199 1605 2241; baseline -0.006 -9"><span class='ocrx_word' id='word_1_308' title='bbox 949 2202 1054 2239; x_wconf 76' lang='grc' dir='ltr'>ξανθὴ</span> <span class='ocrx_word' id='word_1_309' title='bbox 1081 2200 1237 2241; x_wconf 76' lang='grc' dir='ltr'>Δημήτηρ</span> <span class='ocrx_word' id='word_1_310' title='bbox 1263 2201 1388 2230; x_wconf 86' lang='lat' dir='ltr'>Homer.</span> <span class='ocrx_word' id='word_1_311' title='bbox 1404 2199 1443 2229; x_wconf 90' lang='lat' dir='ltr'>Il.</span> <span class='ocrx_word' id='word_1_312' title='bbox 1470 2203 1505 2230; x_wconf 85' lang='lat' dir='ltr'>E.</span> <span class='ocrx_word' id='word_1_313' title='bbox 1523 2200 1605 2230; x_wconf 86' lang='lat'><strong>500:</strong></span> 
     </span>
     <span class='ocr_line' id='line_1_54' title="bbox 949 2249 1361 2281; baseline -0.005 -1"><span class='ocrx_word' id='word_1_314' title='bbox 949 2249 1019 2280; x_wconf 90' lang='lat' dir='ltr'>vide</span> <span class='ocrx_word' id='word_1_315' title='bbox 1035 2256 1067 2281; x_wconf 82' lang='lat' dir='ltr'>et</span> <span class='ocrx_word' id='word_1_316' title='bbox 1082 2249 1162 2280; x_wconf 81' lang='lat' dir='ltr'>infra</span> <span class='ocrx_word' id='word_1_317' title='bbox 1176 2249 1215 2279; x_wconf 89' lang='lat' dir='ltr'>ad</span> <span class='ocrx_word' id='word_1_318' title='bbox 1231 2249 1275 2280; x_wconf 92' lang='lat' dir='ltr'>iii.</span> <span class='ocrx_word' id='word_1_319' title='bbox 1287 2249 1361 2279; x_wconf 89' lang='grc'><strong>617.</strong></span> 
     </span>
    </p>

    <p class='ocr_par' dir='ltr' id='par_1_12' title="bbox 946 2295 1610 2781">
     <span class='ocr_line' id='line_1_55' title="bbox 992 2295 1610 2333; baseline -0.005 -4"><span class='ocrx_word' id='word_1_320' title='bbox 992 2300 1065 2329; x_wconf 74' lang='lat'>752.</span> <span class='ocrx_word' id='word_1_321' title='bbox 1090 2298 1229 2328; x_wconf 81' lang='lat' dir='ltr'>Luminis</span> <span class='ocrx_word' id='word_1_322' title='bbox 1249 2299 1355 2333; x_wconf 80' lang='lat' dir='ltr'>orbem,</span> <span class='ocrx_word' id='word_1_323' title='bbox 1376 2296 1520 2327; x_wconf 87' lang='lat' dir='ltr'>oculum:</span> <span class='ocrx_word' id='word_1_324' title='bbox 1546 2295 1610 2326; x_wconf 87' lang='lat' dir='ltr'>vid.</span> 
     </span>
     <span class='ocr_line' id='line_1_56' title="bbox 949 2345 1606 2378; baseline -0.005 0"><span class='ocrx_word' id='word_1_325' title='bbox 949 2348 989 2378; x_wconf 88' lang='lat' dir='ltr'>ad</span> <span class='ocrx_word' id='word_1_326' title='bbox 1004 2347 1024 2378; x_wconf 89' lang='lat' dir='ltr'>i.</span> <span class='ocrx_word' id='word_1_327' title='bbox 1037 2349 1109 2378; x_wconf 77' lang='lat'>740.</span> <span class='ocrx_word' id='word_1_328' title='bbox 1158 2348 1243 2377; x_wconf 79' lang='lat' dir='ltr'>Torri</span> <span class='ocrx_word' id='word_1_329' title='bbox 1258 2346 1340 2378; x_wconf 89' lang='lat' dir='ltr'>oculi</span> <span class='ocrx_word' id='word_1_330' title='bbox 1357 2346 1533 2377; x_wconf 84' lang='lat' dir='ltr'>tribuuntur</span> <span class='ocrx_word' id='word_1_331' title='bbox 1548 2345 1606 2375; x_wconf 83' lang='lat' dir='ltr'>ira-</span> 
     </span>
     <span class='ocr_line' id='line_1_57' title="bbox 948 2396 1606 2437; baseline -0.005 -10"><span class='ocrx_word' id='word_1_332' title='bbox 948 2397 988 2427; x_wconf 90' lang='lat' dir='ltr'>tis</span> <span class='ocrx_word' id='word_1_333' title='bbox 1003 2403 1034 2427; x_wconf 84' lang='lat' dir='ltr'>et</span> <span class='ocrx_word' id='word_1_334' title='bbox 1054 2396 1300 2437; x_wconf 82' lang='lat' dir='ltr'>indignantibus.</span> <span class='ocrx_word' id='word_1_335' title='bbox 1348 2396 1485 2431; x_wconf 81' lang='lat' dir='ltr'>Penieus,</span> <span class='ocrx_word' id='word_1_336' title='bbox 1501 2406 1518 2425; x_wconf 89' lang='lat' dir='ltr'>e</span> <span class='ocrx_word' id='word_1_337' title='bbox 1539 2404 1606 2436; x_wconf 87' lang='lat' dir='ltr'>pro-</span> 
     </span>
     <span class='ocr_line' id='line_1_58' title="bbox 946 2443 1608 2487; baseline -0.006 -11"><span class='ocrx_word' id='word_1_338' title='bbox 946 2445 1043 2476; x_wconf 89' lang='lat' dir='ltr'>fundo</span> <span class='ocrx_word' id='word_1_339' title='bbox 1065 2451 1209 2487; x_wconf 84' lang='lat' dir='ltr'>pectore:</span> <span class='ocrx_word' id='word_1_340' title='bbox 1237 2444 1307 2475; x_wconf 76' lang='lat' dir='ltr'>vide</span> <span class='ocrx_word' id='word_1_341' title='bbox 1331 2444 1371 2475; x_wconf 88' lang='lat' dir='ltr'>ad</span> <span class='ocrx_word' id='word_1_342' title='bbox 1394 2445 1463 2475; x_wconf 83' lang='lat'>179.</span> <span class='ocrx_word' id='word_1_343' title='bbox 1497 2443 1608 2484; x_wconf 78' lang='lat' dir='ltr'>Virgil.</span> 
     </span>
     <span class='ocr_line' id='line_1_59' title="bbox 950 2494 1606 2533; baseline -0.005 -9"><span class='ocrx_word' id='word_1_344' title='bbox 950 2494 1077 2524; x_wconf 68' lang='lat' dir='ltr'>AEneid.</span> <span class='ocrx_word' id='word_1_345' title='bbox 1092 2494 1115 2523; x_wconf 87' lang='lat' dir='ltr'>i.</span> <span class='ocrx_word' id='word_1_346' title='bbox 1132 2494 1191 2523; x_wconf 83' lang='grc'>371</span> <span class='ocrx_word' id='word_1_347' title='bbox 1206 2507 1212 2523; x_wconf 85' lang='grc'>;</span> <span class='ocrx_word' id='word_1_348' title='bbox 1239 2494 1399 2532; x_wconf 63' lang='grc' dir='ltr'>διιερὶιϊιιιε</span> <span class='ocrx_word' id='word_1_349' title='bbox 1415 2495 1526 2533; x_wconf 72' lang='lat' dir='ltr'>imoque</span> <span class='ocrx_word' id='word_1_350' title='bbox 1541 2499 1606 2522; x_wconf 80' lang='lat' dir='ltr'>tru-</span> 
     </span>
     <span class='ocr_line' id='line_1_60' title="bbox 947 2542 1607 2582; baseline -0.003 -9"><span class='ocrx_word' id='word_1_351' title='bbox 947 2545 1016 2573; x_wconf 72' lang='lat' dir='ltr'>heus</span> <span class='ocrx_word' id='word_1_352' title='bbox 1031 2555 1047 2572; x_wconf 83' lang='grc' dir='ltr'><em>α</em></span> <span class='ocrx_word' id='word_1_353' title='bbox 1064 2550 1178 2582; x_wconf 76' lang='lat' dir='ltr'>pectore</span> <span class='ocrx_word' id='word_1_354' title='bbox 1195 2554 1299 2573; x_wconf 73' lang='lat' dir='ltr'>rocem.</span> <span class='ocrx_word' id='word_1_355' title='bbox 1347 2542 1498 2572; x_wconf 70' lang='lat' dir='ltr'>Notiones</span> <span class='ocrx_word' id='word_1_356' title='bbox 1513 2552 1607 2582; x_wconf 77' lang='lat' dir='ltr'>gene-</span> 
     </span>
     <span class='ocr_line' id='line_1_61' title="bbox 947 2591 1606 2633; baseline -0.003 -11"><span class='ocrx_word' id='word_1_357' title='bbox 947 2593 1026 2622; x_wconf 88' lang='lat' dir='ltr'>rales</span> <span class='ocrx_word' id='word_1_358' title='bbox 1039 2592 1155 2633; x_wconf 85' lang='lat' dir='ltr'>ubique</span> <span class='ocrx_word' id='word_1_359' title='bbox 1168 2591 1302 2622; x_wconf 80' lang='lat' dir='ltr'>Ovidius</span> <span class='ocrx_word' id='word_1_360' title='bbox 1319 2591 1359 2621; x_wconf 84' lang='lat' dir='ltr'>ad</span> <span class='ocrx_word' id='word_1_361' title='bbox 1371 2591 1522 2632; x_wconf 81' lang='lat' dir='ltr'>cujusque</span> <span class='ocrx_word' id='word_1_362' title='bbox 1538 2601 1606 2631; x_wconf 85' lang='lat' dir='ltr'>per-</span> 
     </span>
     <span class='ocr_line' id='line_1_62' title="bbox 947 2639 1606 2681; baseline -0.005 -9"><span class='ocrx_word' id='word_1_363' title='bbox 947 2652 1052 2672; x_wconf 86' lang='lat' dir='ltr'>sonam</span> <span class='ocrx_word' id='word_1_364' title='bbox 1079 2640 1312 2672; x_wconf 85' lang='lat' dir='ltr'>accommodate</span> <span class='ocrx_word' id='word_1_365' title='bbox 1337 2648 1475 2675; x_wconf 78' lang='lat' dir='ltr'>exornat,</span> <span class='ocrx_word' id='word_1_366' title='bbox 1491 2639 1522 2670; x_wconf 92' lang='lat' dir='ltr'>in</span> <span class='ocrx_word' id='word_1_367' title='bbox 1545 2639 1606 2681; x_wconf 89' lang='lat' dir='ltr'>pri-</span> 
     </span>
     <span class='ocr_line' id='line_1_63' title="bbox 948 2688 1605 2731; baseline -0.003 -11"><span class='ocrx_word' id='word_1_368' title='bbox 948 2690 1006 2720; x_wconf 83' lang='lat' dir='ltr'>mis</span> <span class='ocrx_word' id='word_1_369' title='bbox 1019 2690 1044 2721; x_wconf 85' lang='lat' dir='ltr'>si</span> <span class='ocrx_word' id='word_1_370' title='bbox 1061 2690 1116 2720; x_wconf 81' lang='lat' dir='ltr'>illa</span> <span class='ocrx_word' id='word_1_371' title='bbox 1133 2689 1291 2721; x_wconf 77' lang='lat' dir='ltr'>exornatio</span> <span class='ocrx_word' id='word_1_372' title='bbox 1313 2688 1536 2731; x_wconf 67' lang='lat' dir='ltr'>mythologiam</span> <span class='ocrx_word' id='word_1_373' title='bbox 1559 2695 1605 2718; x_wconf 82' lang='lat' dir='ltr'>at-</span> 
     </span>
     <span class='ocr_line' id='line_1_64' title="bbox 948 2738 1606 2781; baseline -0.006 -10"><span class='ocrx_word' id='word_1_374' title='bbox 948 2739 1048 2781; x_wconf 84' lang='lat' dir='ltr'>tingit.</span> <span class='ocrx_word' id='word_1_375' title='bbox 1094 2739 1176 2771; x_wconf 84' lang='lat' dir='ltr'>Hinc</span> <span class='ocrx_word' id='word_1_376' title='bbox 1202 2745 1233 2770; x_wconf 89' lang='lat' dir='ltr'>et</span> <span class='ocrx_word' id='word_1_377' title='bbox 1258 2738 1394 2774; x_wconf 82' lang='lat' dir='ltr'>additur,</span> <span class='ocrx_word' id='word_1_378' title='bbox 1416 2740 1606 2778; x_wconf 78' lang='lat' dir='ltr'>positamque,</span> 
     </span>
    </p>
   </div>
  </div>
 </body>
</html>
