1763 3181
387 186 1009 233 METAMORPHOSEON
1042 185 1161 228 LIB.
1195 185 1259 226 II.

1435 186 1518 227 163

137 307 336 370 Quique
361 305 628 354 recurvatis
653 303 781 351 ludit
807 302 1089 350 Maeandros
1115 302 1164 348 in
1189 301 1363 357 undis;
1421 303 1516 347 246

137 384 547 448 Mygdoniusque
572 381 752 436 Melas,
776 387 826 428 et
849 379 1102 427 Taenarius
1130 378 1359 425 Eurotas.

136 460 273 508 Arsit
296 467 347 508 et
371 459 652 523 Euphrates
681 457 1008 520 Babylonius,
1036 455 1156 503 arsit
1181 455 1413 511 Orontes,

136 537 553 599 Thermodonque
595 535 738 590 citus,
781 534 1103 596 Gangesque,
1144 539 1195 580 et
1236 532 1433 587 Phasis,
1473 537 1522 579 et

337 614 482 661 Ister.

138 691 335 738 AEstuat
359 690 610 754 Alpheos:
651 689 770 752 ripae
797 687 1130 752 Spercheides
1156 688 1352 744 ardent3
1425 690 1523 734 250

140 767 388 831 Quodque
414 783 504 814 suo
530 766 696 828 Tagus
723 781 866 812 amne
890 765 1041 821 vehit,
1069 765 1177 811 fluit
1200 764 1416 827 ignibus,
1438 781 1523 811 au-

141 844 207 892 Et
221 862 333 909 quae
354 844 595 893 Maeonias
612 843 923 891 celebrarant
941 842 1159 890 carmine
1178 843 1326 906 ripas,
1368 843 1522 903 [rumz

140 977 297 1008 Brouckh.
313 977 353 1008 ad
369 977 576 1019 Propertium,
589 977 634 1008 II.
647 978 736 1018 Eleg.
748 977 801 1008 vii.

141 1027 193 1058 50.
204 1025 258 1068 qui
263 1027 382 1067 flavum
394 1026 611 1068 interpretatur
625 1026 800 1068 pulchrum.

184 1077 258 1107 246.
295 1076 466 1107 Maeandros
492 1076 572 1107 inter
607 1074 740 1116 Lydiam
769 1080 802 1105 et

142 1125 268 1157 Cariam
295 1124 415 1161 defluit,
445 1125 601 1166 habetque
631 1124 729 1155 flexus
757 1124 802 1155 ita

141 1174 291 1210 sinuosos,
316 1179 352 1205 ut
375 1184 457 1215 saepe
483 1184 621 1204 remeare
647 1173 801 1204 videatur.

142 1223 225 1254 Plin.
236 1223 279 1254 H.
292 1224 336 1255 N.
349 1234 378 1254 v.
391 1224 444 1254 29.
473 1223 571 1263 »Tales
586 1228 702 1260 naturae
715 1223 802 1253 lusus

143 1273 278 1314 arripere
296 1273 396 1303 solent
408 1277 521 1314 poetae,
541 1277 636 1313 atque
655 1282 802 1302 exornare

142 1332 198 1352 suo
221 1321 324 1352 modo.
347 1321 397 1352 Cf.
421 1321 536 1351 Noster
557 1321 621 1353 viii.
639 1322 718 1359 1623
742 1332 803 1363 quo

143 1371 212 1402 loco
240 1377 272 1402 et
295 1371 361 1413 ipso
390 1372 492 1401 ludere
517 1371 555 1401 de
583 1377 718 1402 tortuoso
747 1371 802 1402 illo

143 1431 246 1451 cursu.
274 1421 389 1451 Errare
403 1420 446 1452 sic
459 1420 538 1451 dixit
550 1420 654 1457 Silius,
666 1421 719 1452 vii.
733 1422 804 1452 139.

188 1470 262 1500 247.
287 1469 411 1510 Melas]
452 1471 558 1507 Quum
586 1470 690 1511 plures
718 1470 804 1500 fluvii

146 1519 237 1561 hujus
265 1519 398 1550 nominis
421 1519 544 1554 fuerint,
571 1519 731 1561 disputant
757 1519 804 1550 in-

146 1573 308 1610 terpretes,
332 1568 401 1610 quis
422 1569 492 1600 h.1.
510 1568 733 1610 intelligendus
756 1570 805 1599 sit.

147 1617 296 1649 Heinsius
311 1618 481 1654 contendit,
494 1629 560 1649 esse
574 1619 737 1654 Meletem,
754 1619 807 1659 qui

147 1668 310 1708 Smyrnam
324 1668 516 1710 praeterfluit.
548 1668 703 1709 Equidem
717 1667 807 1698 intel-

148 1716 210 1757 ligo
230 1716 416 1747 Thracicum
439 1717 587 1754 Melana,-
608 1717 690 1748 Plin.
707 1718 749 1747 H.
765 1718 808 1748 N.

147 1766 189 1796 iv.
206 1765 264 1804 113
288 1776 361 1796 nam
385 1767 562 1808 Mygdones,
587 1765 640 1807 qui
664 1766 808 1807 Phrygiae

147 1820 269 1857 partem
293 1815 480 1852 incolebant,
501 1816 592 1857 eique
617 1826 730 1846 nomen
756 1816 808 1846 de-

149 1864 270 1901 derant,
285 1865 420 1896 Thracia
435 1865 556 1896 oriundi
573 1871 670 1897 erant.
702 1866 811 1896 Strabo

150 1914 203 1946 vii.
217 1926 248 1957 p.
262 1916 342 1954 2953
369 1915 422 1946 xii.
437 1927 468 1957 p.
482 1916 555 1947 575.
603 1916 744 1951 Eurotas,
757 1915 811 1946 ho-

150 1963 201 1995 die
231 1964 456 2004 Basilipotamo,
483 1964 595 1995 fluvius
624 1975 756 2006 magnus
782 1971 813 1995 et

151 2013 330 2049 vehemens,
348 2013 402 2055 qui
421 2015 564 2056 Spartam
587 2013 814 2056 praeterlabitur

152 2067 184 2093 et
197 2073 258 2093 non
273 2063 379 2104 procul
396 2073 414 2093 a
430 2063 525 2093 nobili
538 2062 592 2093 illo
607 2063 814 2104 promontorio

157 2112 302 2148 Taenario,
313 2112 406 2143 hodie
422 2113 582 2152 Matapmz,
593 2113 625 2143 in
639 2112 741 2143 sinum
753 2113 813 2143 La-

153 2160 296 2191 conicum
309 2166 503 2192 exoneratur.

195 2210 270 2240 248.
295 2209 489 2250 Euphrates]
517 2210 656 2240 Vocatur
671 2221 741 2240 mox
757 2212 812 2240 As-

154 2260 264 2298 syrius,
287 2264 351 2294 aut,
369 2264 405 2289 ut
427 2259 459 2290 h.
477 2259 499 2289 l.
520 2259 715 2299 Babylonius.
751 2260 814 2290 Ba-

154 2307 314 2348 byloniam
348 2318 410 2338 non
443 2308 544 2339 solum
572 2308 731 2349 irrigabat,
759 2309 814 2340 sed

155 2356 230 2387 limo
249 2357 357 2393 etiam,
374 2368 467 2399 quem
486 2369 591 2389 secum
610 2358 739 2395 ferebat,
755 2360 814 2390 fer-

155 2405 242 2436 tilem
254 2406 403 2438 reddebat
415 2419 422 2437 z
438 2406 510 2438 vide
526 2407 651 2438 Callim.
665 2407 697 2438 h.
708 2408 816 2447 Apoll.

156 2466 220 2486 ver.
234 2456 294 2486 108
310 2466 358 2494 s.;
381 2456 486 2498 ibique
501 2457 619 2498 Spanh.
636 2456 703 2487 Cic.
719 2458 761 2487 N.
774 2458 816 2488 D.

157 2503 190 2534 ii.
203 2506 244 2535 52
256 2517 264 2543 ;
299 2504 388 2536 Curt.
402 2506 444 2537 V.
469 2505 491 2537 i.
506 2507 543 2537 12
564 2517 632 2548 sqq.
680 2506 814 2542 Orontes,

158 2552 251 2584 hodie
270 2555 334 2591 Asi,
358 2555 470 2586 fluvius
493 2555 602 2597 Syriae,
617 2554 819 2586 Antiochiam

159 2603 381 2643 praeterfluens.

202 2651 277 2683 249.
303 2652 495 2689 Thermodon,
519 2652 633 2683 fluvius
653 2653 820 2696 Cappado-

160 2699 229 2736 ciae,
255 2700 347 2742 juxta
375 2712 467 2743 quem
493 2702 667 2733 Amazones
696 2703 820 2734 habita-

162 2748 237 2780 bant
248 2750 281 2780 in
290 2750 438 2792 subjectis
448 2750 672 2793 Themiscyriis
682 2751 801 2794 campis
813 2765 818 2781 :

869 978 958 1009 Curt.
983 977 1042 1008 VI.
1066 988 1095 1007 v.
1120 977 1180 1013 ‘243
1217 975 1334 1007 Justin.
1358 975 1390 1005 ii.
1415 977 1452 1013 45
1489 975 1530 1006 cf.

869 1027 1009 1068 Propert.
1034 1027 1098 1057 III.
1126 1026 1217 1066 Eleg.
1244 1024 1296 1055 xii.
1322 1025 1383 1062 163
1417 1025 1528 1056 Senec.

868 1078 963 1107 Herc.
984 1077 1055 1107 Fur.
1076 1086 1139 1106 ver.
1154 1076 1228 1106 246.
1275 1074 1395 1115 Ganges
1413 1073 1527 1109 Indiae,

867 1137 884 1157 e
910 1127 1042 1162 duobus,
1069 1132 1132 1161 aut,
1156 1131 1190 1155 ut
1213 1123 1355 1166 plerique
1378 1123 1529 1154 Veterum

868 1176 1005 1211 tradunt,
1044 1180 1164 1216 septem
1201 1173 1337 1204 fontibus
1374 1173 1527 1208 exoriens,
1547 1193 1550 1196 -

870 1225 964 1256 tacite
980 1225 1121 1256 defluens
1139 1229 1170 1254 et
1188 1223 1220 1253 in
1238 1232 1323 1252 mare
1339 1221 1483 1252 Rubrum
1498 1232 1530 1252 se

871 1284 1056 1305 exonerans:
1082 1272 1283 1314 VirgiLAEn.
1298 1269 1340 1301 ix.
1357 1272 1418 1309 303
1443 1270 1531 1302 Curt.

870 1323 964 1354 VIII.
994 1322 1037 1353 ix.
1071 1324 1112 1360 53
1163 1321 1245 1351 Plin.
1276 1320 1317 1350 vi.
1351 1321 1412 1350 22:
1458 1319 1531 1351 vide

871 1372 1029 1403 Brouckh.
1059 1371 1098 1401 ad
1129 1371 1268 1412 Propert.
1295 1368 1359 1400 III.
1386 1369 1450 1401 xxi.
1482 1370 1531 1400 16.

876 1423 989 1457 Phasis,
1009 1421 1102 1452 hodie
1128 1421 1226 1455 Fusso,
1249 1418 1411 1450 Colchidis
1433 1418 1532 1449 amnis

872 1471 1072 1506 clarissimus,
1084 1476 1115 1501 et
1129 1469 1161 1501 in
1177 1470 1312 1500 Pontum
1327 1468 1485 1499 Euxinum
1501 1480 1532 1500 se

872 1521 1052 1551 immittens.
1084 1520 1206 1554 Strabo,
1228 1518 1270 1549 ix.
1289 1529 1320 1559 p.
1340 1518 1422 1556 8013
1446 1518 1534 1550 Curt.

875 1571 933 1601 VI.
950 1581 978 1599 v.
996 1571 1048 1600 25.
1096 1568 1169 1598 Istri
1192 1578 1306 1598 nomen
1328 1566 1402 1597 olim
1425 1567 1535 1598 habuit

875 1630 936 1649 non
961 1618 1060 1649 omnis
1088 1617 1265 1652 Danubius,
1292 1616 1346 1647 sed
1369 1616 1454 1653 inde,
1481 1617 1534 1648 ubi

876 1668 1053 1699 Germaniae
1069 1668 1144 1698 fines
1160 1665 1286 1696 deserit.

917 1718 992 1748 250.
1015 1716 1168 1756 Alpheos]
1196 1716 1246 1745 De
1258 1715 1394 1757 Alpheo,
1410 1715 1480 1745 vide
1497 1715 1536 1745 ad

876 1767 931 1798 lib.
946 1779 975 1797 v.
987 1767 1068 1804 4873
1085 1766 1124 1796 de
1141 1766 1294 1804 Sper-choo,
1307 1764 1346 1794 ad
1363 1765 1417 1795 lib.
1428 1764 1449 1796 i.
1463 1766 1537 1797 579.

878 1818 962 1856 Ripae
977 1816 1045 1857 ejus
1061 1815 1182 1858 populis
1198 1815 1323 1845 consitae
1339 1820 1437 1846 erant.

920 1867 994 1897 251.
1030 1865 1157 1907 Tagus]
1204 1863 1333 1894 Fluvius
1364 1856 1539 1905 Hispanias,

879 1926 988 1946 aureas
1012 1915 1128 1946 vehens
1153 1924 1270 1949 arenas,
1294 1924 1363 1954 quae
1390 1919 1465 1944 tunc
1492 1914 1540 1944 in-

880 1965 989 1996 cendio
1017 1964 1248 2005 liquescebant.

882 2016 949 2045 Hoc
976 2025 1099 2056 quoque
1127 2014 1197 2044 leve
1223 2018 1269 2043 est
1293 2012 1324 2042 in
1349 2012 1409 2043 hac
1437 2023 1542 2044 narra-

880 2064 974 2100 tione,
1003 2069 1035 2094 et
1064 2063 1145 2104 quod
1179 2062 1329 2104 sequitur,
1357 2061 1397 2092 de
1432 2063 1541 2103 cygnis

880 2113 1069 2144 calentibus.

923 2163 997 2193 252.
1022 2162 1174 2197 Maeonias,
1187 2160 1303 2202 Lydias
1317 2160 1440 2201 Caystri
1452 2163 1545 2202 ripas,

881 2211 1006 2242 Callim.
1031 2210 1061 2240 h.
1086 2211 1160 2240 Del.
1182 2211 1256 2240 250.
1284 2209 1374 2251 cycni
1400 2209 1546 2241 dicuntur

884 2261 1045 2292 Maeonium
1063 2261 1219 2290 Pactolum
1236 2259 1408 2300 reliquisse.
1455 2260 1545 2290 Μαι)ῃ

885 2312 934 2341 ηἰα
959 2310 1042 2340 enim
1060 2320 1131 2351 pars
1153 2308 1290 2350 superior
1305 2308 1412 2349 Lydiae
1428 2309 1460 2339 in
1482 2320 1545 2350 qua

882 2361 1010 2391 Tmolus
1030 2366 1060 2390 et
1085 2360 1153 2389 fons
1177 2358 1319 2400 Caystri:
1352 2358 1423 2389 vide
1446 2359 1546 2400 Span-

884 2409 967 2440 hem.
991 2408 1030 2438 ad
1047 2407 1233 2438 Callimach.
1249 2407 1332 2437 dicto
1347 2407 1426 2438 loco.
1470 2409 1545 2438 Cur-

886 2461 972 2494 mine,
997 2465 1101 2493 cantu,
1123 2463 1158 2488 ut
1174 2469 1204 2488 x.
1227 2458 1309 2488 453:
1335 2458 1375 2488 cf.
1396 2469 1425 2488 v·
1445 2459 1508 2488 386
1521 2469 1546 2489 s.

888 2509 1043 2538 Celebrare
1068 2508 1211 2542 carmine,
1235 2506 1412 2547 frequentes
1436 2513 1546 2538 cantus

886 2567 1044 2588 exercere.
1111 2556 1232 2587 Cantus
1267 2566 1339 2586 vero
1378 2566 1546 2597 cycnorum

888 2607 978 2647 longe
1009 2605 1210 2637 suavissimus
1247 2605 1435 2646 perhibetur,
1464 2606 1547 2637 unde

888 2655 955 2686 haee
981 2655 1047 2685 avis
1072 2654 1213 2696 Apollini
1237 2664 1325 2684 sacra
1349 2659 1380 2684 et
1404 2654 1548 2696 μελῳδὸς

888 2704 985 2735 dicta.
1016 2704 1209 2734 Dubitarunt
1240 2709 1344 2734 tamen
1374 2703 1440 2745 jam
1468 2704 1549 2736 inter

890 2754 1021 2784 Veteres
1049 2753 1201 2788 nonnulli,
1227 2764 1257 2784 v.
1278 2763 1306 2785 c,
1332 2753 1450 2785 AElian.
1474 2754 1549 2786 Var.

1303 1963 1389 1992 Fluit
1418 1975 1539 1994 aurum.
