1729 3207
370 205 992 249 METAMORPHOSEON
1026 205 1144 247 LIB.
1179 206 1213 246 Ι.
1426 209 1482 249 75

102 324 385 386 Cornaque,
413 329 463 370 et
486 322 534 369 in
559 322 695 369 duris
721 321 958 369 haerentia
981 336 1118 368 mora
1141 320 1345 377 rubetis,
1395 324 1485 369 105

101 400 167 448 Et
191 416 302 463 quae
328 398 619 447 deciderant
637 398 809 462 patula
831 397 861 445 J
865 399 968 446 ovis
994 399 1171 446 arbore
1196 398 1420 461 glandes,

100 477 199 524 Ver
223 482 329 523 erat
353 482 609 531 aeternum,
636 475 922 539 placidique
946 475 1237 539 tepentibus
1262 475 1393 522 auris

101 553 396 601 Mulcebant
423 552 639 617 Zephyri
665 559 806 600 natos
832 552 939 600 sine
967 552 1155 601 semine
1178 552 1342 600 flores.

101 630 226 677 Mox
253 629 404 677 etiam
428 629 595 692 fruges
622 629 769 677 tellus
795 629 986 678 inarata
999 629 1225 686 ¹ferebat;

101 707 148 754 N
153 723 209 755 ec
235 713 499 754 renovatus
526 722 644 769 ager
667 706 882 769 gravidis
907 709 1121 755 canebat
1140 706 1319 754 aristis.

97 813 227 842 roboreos
239 811 349 852 foetu5‚
371 810 393 842 i.
415 821 443 842 e.
469 811 610 852 glandes.
654 810 698 841 At
721 811 761 842 de

99 860 265 902 glandibus
308 871 378 890 mox
423 859 574 901 sequitur.
632 860 762 892 Hesiod.

97 909 186 952 Ἐργ.
203 910 273 940 116.
288 908 413 951 α’φνειοὶ
431 909 576 951 μήλοισι,
595 909 678 951 quod
703 915 761 946 est,

99 961 286 990 abundantes
300 960 431 990 arbuteis
437 958 581 1001 fartibus:
599 958 661 991 vid.
672 959 761 990 Grae-

100 1007 185 1039 vium
200 1008 240 1039 ad
255 1008 288 1039 h.
303 1008 326 1039 1.

144 1058 216 1088 105.
240 1057 424 1097 Han-entim]
449 1056 538 1087 Male
562 1057 763 1088 Burmannus

97 1117 136 1138 ex
156 1106 243 1138 Leid.
262 1112 293 1137 et
315 1106 385 1138 aliis
406 1106 595 1148 quibusdam
611 1107 762 1148 probabat

101 1157 267 1187 horrentia.
312 1155 447 1186 Arbores
475 1155 562 1197 ipsae,
592 1165 762 1197 earumque

100 1205 176 1236 rami
202 1210 287 1236 reete
315 1204 464 1236 dicuntur
490 1205 620 1241 horrere,
646 1205 678 1235 id
705 1210 762 1241 est,

99 1255 244 1291 eminere,
271 1265 334 1286 non
360 1253 437 1285 item
470 1255 597 1286 fructus.
643 1253 765 1295 Regius

99 1316 139 1336 ex
158 1303 424 1346 interpretatione,
439 1305 615 1343 pendentia.
635 1304 762 1339 Cornus,

100 1353 191 1395 cujus
204 1353 333 1389 fructus,
345 1364 447 1389 corna,
463 1351 595 1394 lapidosi
611 1357 693 1388 sunt,
704 1362 762 1382 nec

104 1403 238 1434 multum
263 1401 366 1433 carnis
391 1401 520 1438 habent,
545 1401 659 1443 quibus
684 1401 764 1432 adeo

101 1451 230 1483 Homeri
260 1457 408 1494 tempore,
443 1451 506 1483 Od.
532 1462 562 1483 x.
592 1452 665 1482 241.
694 1462 765 1482 sues

101 1501 310 1543 pascebantur
322 1512 331 1538 3
345 1500 429 1531 unde
445 1505 477 1531 et
491 1510 510 1530 a
520 1500 654 1542 Virgilio
666 1501 763 1531 AEne-

102 1549 146 1582 id.
161 1549 205 1581 iii.
216 1551 290 1581 649.
300 1549 381 1584 inter
397 1552 508 1580 victum
522 1550 672 1592 infelicem
686 1549 764 1581 refe-

102 1604 221 1630 runtur.
268 1600 403 1631 Rubetis.
448 1599 576 1641 Asperis
606 1604 638 1630 et
662 1598 765 1641 spino-

102 1648 154 1680 sis.
198 1649 360 1680 Rubetum
389 1654 494 1680 autem
525 1648 638 1680 dicitur
666 1648 764 1685 locus,

101 1698 187 1729 rubis
201 1703 233 1729 et
244 1697 341 1740 spinis
356 1697 503 1730 consitus.
548 1699 661 1729 Rubus
682 1709 767 1730 mora

103 1747 258 1779 silvestria
271 1747 341 1785 fert,
352 1747 467 1789 quibus
478 1753 509 1779 et
520 1747 596 1789 ipsis
610 1747 766 1779 tenuiores

103 1795 243 1828 homines
256 1797 479 1828 vescebantur:
505 1797 586 1828 Plin.
597 1796 639 1828 H.
650 1797 692 1828 N.
704 1796 766 1828 xvi.

106 1847 201 1877 37-71
216 1858 224 1885 3
248 1846 333 1878 xxiv.
345 1847 454 1878 13-73.
465 1849 554 1877 duros
567 1848 654 1877 rubos
669 1845 767 1885 dixit3

102 1895 200 1927 etiam
224 1896 338 1926 Noster
362 1895 405 1927 iv.
428 1897 520 1927 Pont.
542 1895 583 1926 iv.
603 1896 634 1927 4.
679 1896 767 1927 Bene

105 1946 224 1981 haere‘re,
240 1950 276 1975 ut
290 1944 336 1976 iii.
351 1945 425 1976 730.
440 1944 479 1976 de
491 1944 582 1976 foliis.

152 1995 224 2025 106.
241 1994 383 2035 Potula]
405 1994 575 2025 Arridebat
585 1995 767 2026 Burmanno

107 2054 125 2074 e
153 2043 232 2075 Cod.
255 2043 389 2080 Heinsii,
411 2046 510 2086 larga,
534 2044 555 2076 i.
579 2055 607 2075 e.
630 2043 767 2086 benigne

105 2091 224 2124 victum
246 2091 435 2124 ministrans.
481 2093 606 2129 Potula,
628 2104 698 2135 quae
720 2103 765 2124 ra-

107 2152 173 2172 mos
208 2142 272 2173 late
313 2141 472 2173 diffundit.
527 2143 610 2173 Jovis
653 2144 768 2173 arbore.

105 2192 244 2229 Quercu,
253 2191 322 2222 Jom'
337 2202 436 2228 sacra,
448 2190 492 2222 nti
503 2191 610 2222 laurus
620 2193 767 2231 Apollini,

108 2241 238 2272 Herculi
265 2241 410 2284 populus,
435 2242 534 2272 Marti
561 2241 711 2279 fraxinus,
737 2248 769 2274 et

110 2289 256 2321 Minervae
292 2290 372 2327 olea,
401 2296 462 2322 etc.
519 2291 601 2331 Ergo
637 2301 768 2333 quernas

106 2338 238 2380 glandes
266 2339 452 2371 devorarunt
485 2340 576 2381 primi
609 2340 769 2379 homines;

104 2398 177 2429 quae
189 2398 263 2420 sane
274 2388 335 2420 fuit
347 2389 484 2431 vulgaris
494 2391 645 2421 Veterum
656 2390 770 2433 opinio.

108 2437 221 2479 Itaque
243 2443 276 2470 et
300 2438 333 2469 in
355 2438 599 2470 Ambarvalibus
620 2450 771 2481 quernam

107 2496 251 2517 coronam
273 2488 424 2528 gerebant
437 2487 470 2518 in
484 2487 576 2530 hujus
588 2487 690 2520 vietus
704 2499 769 2519 me-

110 2535 254 2567 moriam:
286 2536 375 2579 Virg.
402 2537 517 2579 Georg.
544 2537 566 2569 i.
591 2538 665 2570 350.
709 2538 770 2569 Sed

109 2583 218 2616 merito
243 2584 413 2621 dubitatur,
429 2596 470 2617 an
491 2597 617 2627 quernae
642 2586 772 2628 glandes

110 2632 260 2665 alimenta
284 2635 445 2676 praebeant
473 2635 608 2666 humano
638 2635 770 2677 corpori.

111 2682 201 2712 Error
220 2682 287 2713 sine
307 2683 403 2714 dubio
418 2683 491 2716 inde
507 2690 592 2715 ortus
611 2689 669 2721 est,
689 2685 772 2726 quod

111 2731 232 2771 glandis
259 2737 291 2762 et
317 2731 467 2772 βαλάνου
493 2733 540 2764 vis
568 2732 663 2764 latius
696 2733 770 2764 olim

113 2780 222 2820 patuit,
251 2791 420 2823 omnesque
455 2782 574 2813 fructus
610 2782 770 2814 echinatos

1400 709 1490 753 llO

829 811 996 854 complexa
1022 817 1088 842 est:
1114 811 1185 842 vide
1210 810 1352 841 Dioscor.
1376 810 1397 841 i.
1420 811 1492 841 126.

830 860 883 891 ubi
913 860 993 892 inter
1021 860 1083 892 alia
1112 859 1220 896 tradit,
1252 866 1404 890 castaneas
1431 859 1493 890 dici

830 911 906 947 Διὸς
927 909 1106 950 βαλάνους*
1137 909 1178 940 cf.
1194 908 1356 939 Pausaniae
1376 908 1494 939 Aread.

829 970 861 1001 p.
883 961 956 991 599.
984 959 1092 990 Kuhn.
1138 959 1246 999 Atque
1275 957 1371 988 etiam
1399 956 1492 988 hodie

830 1009 862 1039 in
886 1008 974 1039 terris
997 1007 1184 1039 australibus
1209 1017 1307 1048 genus
1336 1006 1493 1048 quoddam

828 1058 990 1101 glandium
1016 1057 1164 1094 nascitur,
1181 1057 1295 1098 quibus
1318 1057 1406 1087 tostis
1427 1056 1495 1086 loco

829 1114 1044 1139 castanearum
1074 1112 1221 1138 utuntur:
1260 1105 1326 1136 vid.
1357 1105 1494 1145 Goguet.

829 1169 892 1188 vom
913 1157 1087 1198 Ursprunge
1102 1158 1156 1186 der
1171 1156 1301 1191 Geset:e‚
1317 1160 1378 1185 etc.
1424 1155 1461 1184 P.
1474 1154 1495 1184 i.

829 1206 884 1237 lib.
913 1205 945 1236 ii.
974 1216 1006 1248 p.
1035 1206 1074 1236 57
1111 1216 1180 1247 sqq.
1237 1204 1367 1246 Scripsit
1399 1204 1491 1234 etiarn

832 1256 996 1286 Leisnerus
1011 1266 1113 1297 progr.
1130 1254 1168 1285 de
1185 1253 1398 1286 Glandivoris.

876 1307 947 1337 107.
978 1306 1036 1336 Ver
1058 1311 1124 1335 erat
1145 1310 1301 1340 merimuz,
1327 1303 1405 1343 etc.]
1446 1303 1493 1332 Ex

830 1354 1082 1397 philosophorum
1111 1353 1278 1388 sententia,
1303 1362 1398 1393 quam
1423 1362 1494 1382 sua-

830 1403 955 1435 vissime
980 1402 1129 1434 describit
1144 1402 1233 1444 Virg.
1250 1402 1366 1442 Georg.
1381 1400 1414 1431 ii.
1431 1401 1495 1432 336

831 1465 901 1496 sqq.
915 1453 1037 1485 natales
1052 1452 1160 1483 mundi
1176 1452 1207 1483 in
1223 1462 1351 1483 vernum
1372 1457 1498 1492 tempus

831 1503 1024 1537 incidebant,
1043 1502 1138 1543 idque
1159 1507 1282 1543 tempus
1303 1500 1426 1530 duravit
1440 1510 1496 1541 per

832 1557 933 1583 totum
945 1551 1085 1582 seculum
1098 1561 1239 1581 aureum.
1275 1549 1300 1578 V
1299 1555 1330 1579 er
1343 1551 1496 1580 assiduum

833 1607 879 1632 est
894 1601 983 1642 Virg.
1000 1601 1114 1641 Georg.
1134 1599 1167 1630 ii.
1189 1600 1270 1637 1493
1294 1610 1345 1630 ver
1374 1600 1496 1640 longum

834 1651 909 1681 Hor.
923 1649 958 1681 ii.
972 1650 1035 1681 Od.
1050 1649 1095 1680 vi.
1115 1650 1163 1680 17.
1183 1649 1246 1679 vid.
1263 1654 1294 1679 et
1309 1647 1497 1679 Buchanani

833 1700 865 1731 in
880 1699 975 1731 Maiae
993 1699 1155 1730 Kalendas
1169 1708 1293 1740 poema.

879 1750 949 1780 108.
975 1748 1131 1789 Zephyri]
1156 1746 1296 1778 Comites
1310 1751 1382 1777 sunt
1396 1747 1498 1777 Veris.

835 1799 1021 1835 Muli-ebant,
1044 1798 1153 1829 leviter
1179 1797 1352 1839 agitabant,
1378 1796 1438 1827 huc
1466 1802 1497 1828 et

832 1848 907 1879 illuc
936 1848 1104 1878 movebant
1129 1847 1229 1878 flores.
1276 1847 1359 1876 Fast.
1387 1845 1408 1876 i.
1440 1847 1495 1876 61.

833 1903 944 1929 ventus
959 1899 1068 1928 mulcet
1092 1908 1218 1927 summas
1238 1898 1357 1926 aristas.
1403 1895 1496 1935 Tepor

834 1945 978 1978 convenit
993 1945 1153 1988 temperiei
1169 1944 1238 1976 aeris
1253 1944 1350 1975 verni.
1365 1944 1448 1975 Plin.
1464 1944 1497 1975 ii.

833 1995 891 2038 Ep.
920 1994 995 2026 xvii.
1027 1996 1058 2026 3.
1089 2001 1187 2035 tepore
1215 2005 1304 2024 verno
1334 1996 1496 2024 nitescunt.

833 2046 970 2077 Causam
994 2044 1077 2075 illius
1101 2044 1215 2086 teporis
1238 2043 1340 2074 reddit
1365 2044 1494 2074 Lucret.

832 2106 863 2125 v.
879 2095 960 2124 816:
986 2094 1028 2124 At
1047 2096 1162 2124 novitas
1175 2094 1282 2123 mundi
1303 2102 1355 2123 nec
1367 2092 1495 2133 frigora

833 2145 912 2174 dura
941 2144 1046 2179 ciebat,
1071 2148 1134 2173 etc.
1180 2142 1252 2172 Sine
1281 2144 1401 2177 semine,
1430 2141 1495 2171 sine

833 2202 907 2223 cura
930 2191 1105 2223 hominum:
1130 2190 1244 2232 Virgil.
1263 2191 1379 2231 Georg.
1399 2191 1419 2221 i.
1436 2191 1495 2220 22:

834 2254 893 2272 non
921 2242 986 2271 ullo
1014 2242 1122 2271 semine
1144 2240 1268 2281 fruges.
1314 2239 1391 2269 Haec
1424 2244 1497 2270 sunt

833 2294 947 2331 injussa
959 2292 1112 2332 gramina.

879 2341 951 2371 109.
977 2340 1045 2370 Μαι
1070 2350 1130 2370 non
1155 2338 1301 2380 temporis
1325 2337 1495 2369 successio-

836 2400 906 2421 nem
936 2388 1065 2425 indicat,
1090 2389 1146 2420 sed
1173 2388 1391 2419 continuatum
1416 2387 1498 2418 ordi-

837 2449 918 2475 nem,
931 2438 1015 2469 idem
1031 2448 1124 2479 quam
1140 2443 1298 2479 praeterea.
1323 2436 1405 2468 Vide
1421 2436 1498 2467 Sch-

837 2499 930 2519 warz.
954 2487 994 2518 ad
1023 2486 1106 2518 Plin.
1127 2488 1206 2517 Pan.
1231 2485 1294 2516 viii.
1319 2486 1350 2517 6.
1409 2485 1496 2516 Male

838 2536 933 2578 igitur
956 2536 1090 2567 Lenzius
1117 2541 1232 2571 monet,
1259 2535 1409 2565 Ovidium
1438 2534 1496 2565 hoc

837 2586 989 2628 posuisse,
1007 2586 1083 2627 quia
1097 2585 1211 2627 fruges
1227 2584 1324 2615 serius
1345 2589 1497 2614 matures-

838 2641 913 2666 cunt
927 2635 1065 2666 floribus.
1110 2635 1223 2676 Neque
1239 2633 1322 2664 idem
1338 2646 1396 2663 non
1412 2644 1498 2664 reno-

838 2692 925 2715 vatus
941 2691 1025 2716 recte
1040 2684 1187 2726 explicat,
1203 2694 1265 2714 non
1280 2689 1394 2713 aratus-

884 2734 957 2764 110.
990 2733 1054 2763 Nec
1080 2739 1238 2763 renovatus
1266 2731 1365 2773 ogeru]
1399 2732 1498 2762 Immo

841 2789 996 2812 renovatus
1012 2793 1083 2823 ager
1095 2789 1141 2812 est
1156 2780 1286 2816 novalis,
1301 2779 1355 2821 qui
1372 2780 1498 2811 alteruis
