1729 3207
372 227 993 272 METAMORPHOSEON
1026 227 1146 269 LIB.
1180 228 1218 269 Ι.

1412 231 1496 272 107

108 345 364 395 Nascendi
387 345 632 409 spatium;
674 344 905 407 quaedam
930 342 1238 407 imperfecta,
1266 344 1471 407 suisque

105 423 303 471 Trunca
319 422 490 471 vident
513 421 731 469 numeris
751 438 760 469 :
791 428 840 469 et
859 421 1034 468 eodem
1060 421 1109 467 in
1132 437 1337 484 corpore
1363 437 1498 485 saepe

106 500 279 548 Altera
302 516 416 565 pars
441 499 575 555 vivit,
602 498 737 546 rudis
764 505 840 546 est
865 513 978 562 pars
1005 498 1162 545 altera
1183 498 1348 545 tellus.

107 577 324 642 Quippe,
368 576 454 623 ubi
496 575 790 640 temperiem
838 590 1061 622 sumsere
1098 574 1375 638 humorque
1418 590 1498 621 ca-

305 655 497 717 lorque,

1400 654 1499 698 430

108 731 437 796 Concipiunt3
479 738 530 778 et
555 731 616 778 ab
642 729 718 777 his
745 730 970 775 oriuntur
995 735 1179 776 cuncta
1202 729 1428 776 duobus:

107 808 375 872 Quumque
402 808 467 855 sit
491 808 619 871 ignis
646 823 789 870 aquae
815 823 1019 871 pugnax
1042 825 1051 864 ;
1088 822 1241 871 vapor
1265 806 1499 853 humidus

305 902 478 933 Omnes

110 963 212 1011 Res
238 970 391 1020 creat,
419 970 469 1011 et
493 963 682 1010 discors
707 962 975 1010 concordia
999 961 1200 1008 foetibus
1227 969 1344 1025 apta
1369 967 1464 1008 est.

111 1040 243 1103 Ergo
268 1041 355 1089 ubi
380 1041 565 1088 diluvio
589 1041 737 1088 tellus
762 1040 1008 1087 lutulenta
1032 1038 1218 1086 recenti

113 1117 312 1165 Solibus
338 1118 570 1174 aetheriis,
599 1118 801 1180 altoque
828 1116 1085 1164 recanduit
1109 1122 1262 1172 aestu3

1403 1117 1501 1162 435

112 1194 283 1242 Edidit
306 1195 591 1242 innumeras
618 1194 842 1258 species;
883 1194 1169 1257 partimque
1192 1192 1376 1255 figuras

111 1273 306 1321 Retulit
331 1273 592 1337 antiquas;
622 1273 804 1337 partim
830 1288 955 1319 nova
979 1279 1202 1319 monstra
1225 1270 1425 1318 creavit.

149 1499 224 1532 428.
261 1499 329 1530 Suis
351 1486 463 1530 trunca
492 1501 634 1535 numeris,
659 1499 773 1540 quibus

106 1548 195 1580 deest
221 1559 367 1580 numerus
396 1558 504 1579 earum
528 1548 674 1590 partium,
700 1559 771 1589 quae

107 1598 278 1640 perfectum
302 1604 333 1629 et
347 1598 524 1629 absolutum
545 1598 662 1628 animal
675 1598 770 1628 effici-

106 1654 173 1678 unt.
217 1648 277 1678 Hae
297 1647 350 1678 ubi
367 1647 492 1683 adsunt,
509 1657 557 1677 res
576 1654 623 1678 est
639 1648 770 1677 omnibus

107 1699 239 1728 numeris
252 1698 401 1727 absoluta.
427 1696 551 1726 Etenim
564 1698 683 1726 numeri
699 1700 771 1725 sunt

107 1751 222 1788 partes,
238 1756 370 1788 quarum
391 1745 526 1776 numeris
547 1745 724 1787 requiritur,
737 1750 772 1775 ut

109 1806 158 1826 res
182 1795 290 1837 aliqua
311 1795 451 1837 perfecta
475 1794 533 1825 sit:
558 1794 624 1825 vid.
650 1792 772 1824 Ernesti

108 1844 198 1876 Clav.
218 1845 286 1876 Cic.
307 1845 339 1876 h.
354 1855 422 1876 voc.
446 1844 499 1875 Cf.
523 1844 603 1875 infra
624 1844 682 1875 vii.
704 1844 774 1874 126.

111 1895 221 1937 Pomp.
246 1895 337 1926 Mela
365 1895 399 1926 d.
425 1894 447 1925 l.
479 1898 498 1911 “
519 1894 579 1925 Per
607 1893 773 1924 humentes

109 1954 236 1986 campos
274 1944 419 1985 quaedam
456 1943 595 1974 nondum
632 1942 773 1985 perfecta

111 1993 271 2030 animalia,
286 1993 342 2024 sed
356 1999 422 2024 tum
438 1992 566 2023 demum
588 1991 776 2034 accipientia

108 2042 260 2084 spiritum¹
277 2048 309 2073 et
330 2053 367 2073 ex
384 2048 471 2084 parte
489 2042 556 2083 jam
580 2041 723 2076 formata,
737 2051 774 2071 ex

112 2098 199 2133 parte
220 2092 324 2123 adhuc
341 2098 464 2122 terrena
478 2091 655 2122 visuntur.’'
679 2092 775 2121 Lucr.

112 2151 140 2170 v.
153 2142 227 2172 838.
251 2145 270 2158 ‘¹
281 2141 369 2172 Orba
379 2140 493 2184 pedum
504 2139 616 2182 partim
629 2150 776 2170 manuum

109 2189 237 2221 viduata
245 2190 393 2225 vicissim,
406 2189 582 2220 Multasine
590 2200 641 2220 ore
649 2189 780 2225 etiam,'’

114 2246 174 2270 etc.
202 2239 316 2270 Totum
333 2245 438 2270 autem
461 2239 615 2270 somnium
634 2238 708 2269 inde
723 2244 781 2270 est.

113 2290 219 2326 Quum
234 2299 317 2320 ranae
338 2288 370 2319 in
391 2288 562 2331 paludibus
576 2288 670 2319 ovula
684 2288 781 2330 depo-

115 2348 188 2369 nere
220 2338 353 2374 soleant,
381 2348 451 2379 quae
479 2336 593 2369 deinde
622 2337 723 2367 calore
750 2342 781 2367 et

116 2386 243 2418 humore
263 2387 484 2423 excluduntur,
499 2397 580 2418 error
595 2386 669 2417 inde
688 2392 779 2417 natus

113 2442 170 2472 est,
199 2447 291 2467 ranas
324 2436 411 2467 nasci
441 2447 480 2467 ex
511 2436 595 2479 limo,
625 2446 677 2466 xv.
705 2436 779 2466 375.

112 2484 258 2527 idemque
279 2496 361 2517 error
379 2496 450 2516 mox
475 2485 638 2516 traductus
657 2485 697 2516 ad
719 2485 781 2516 alia

114 2534 274 2565 animalia.

157 2584 230 2615 430.
256 2584 372 2625 Quippe
393 2586 457 2621 ubi,
476 2585 554 2625 etc.]
582 2583 704 2615 Laudat
720 2582 777 2614 hos

115 2643 220 2664 versus
236 2639 266 2664 et
288 2645 344 2665 suo
367 2634 459 2665 modo
482 2633 622 2676 explicat
637 2634 780 2664 Lactant.

116 2682 197 2714 Iust.
213 2683 290 2714 Div.
313 2684 359 2714 ΙΙ.
383 2684 425 2715 ix.
450 2686 488 2716 15
509 2694 580 2725 sqq.
627 2684 709 2715 Cum
734 2681 781 2713 his

118 2730 239 2763 duobus
263 2733 482 2776 AEgyptiorum
510 2732 671 2775 principiis
699 2742 783 2763 com—

118 2791 227 2821 parare
244 2782 378 2813 Valken.
401 2782 538 2813 Diatrib.
561 2782 594 2812 in
619 2780 728 2822 Eurip.
748 2792 781 2822 p.

840 1501 893 1531 54.
911 1499 1003 1541 jubet
1026 1498 1233 1539 Anaxagorea
1255 1497 1294 1528 de
1320 1496 1449 1527 AEthere
1475 1502 1506 1527 et

841 1550 958 1587 Terra3
980 1549 1097 1590 quippe
1120 1559 1157 1579 ex
1175 1548 1284 1579 eodem
1301 1548 1384 1578 fonte
1400 1548 1506 1578 ducta.

843 1600 1023 1639 Temperiem
1038 1610 1162 1633 swnere,
1180 1597 1357 1639 temperari.

882 1650 957 1679 431.
984 1649 1028 1678 Ab
1044 1648 1098 1683 his,
1115 1648 1224 1678 horum
1241 1647 1427 1677 interventu.

883 1699 957 1728 432.
1000 1697 1095 1736 Vapor
1117 1701 1163 1727 est
1185 1696 1284 1731 calor,
1302 1702 1334 1726 ut
1360 1695 1403 1725 iii.
1434 1697 1508 1727 152.

840 1752 871 1778 et
908 1746 994 1777 alibi.

841 1795 995 1826 creandis.

886 1846 960 1875 433.
999 1845 1137 1874 Discordi
1165 1844 1322 1874 concordia
1354 1842 1505 1873 mundum

841 1900 993 1929 constare,
1021 1892 1112 1924 multi
1143 1892 1317 1934 philosophi
1347 1898 1378 1922 et
1408 1898 1506 1934 poetae

841 1949 1040 1975 censuerunt.
1086 1942 1137 1973 Cf.
1156 1943 1267 1972 Horat.
1283 1942 1383 1983 Epist.
1404 1942 1431 1972 l.
1455 1941 1509 1972 xii.

845 1994 897 2024 19.
913 1992 1027 2024 Manil.
1039 1992 1060 2023 i.
1076 1991 1211 2022 14l.ubi
1219 1993 1366 2021 discordia
1380 2002 1509 2022 concors.

844 2042 1060 2085 Empedocles,
1076 2047 1187 2084 praeter
1202 2046 1335 2083 quatuor
1353 2041 1509 2071 elementa

844 2091 1032 2126 materialia,
1046 2090 1156 2122 statuit
1166 2089 1228 2121 duo
1241 2089 1416 2132 operantia,
1426 2089 1509 2131 φιλί-

845 2154 889 2172 αν
906 2147 937 2172 et
953 2142 1057 2178 νεῖκος
1072 2153 1078 2171 :
1104 2142 1291 2171 concordiam
1312 2144 1343 2169 et
1364 2141 1509 2169 discordi-

847 2203 905 2221 am.
950 2190 1046 2231 Diog.
1061 2190 1169 2220 Laert.
1183 2189 1216 2218 in
1231 2187 1415 2229 Empedocl.

892 2241 966 2271 435.
990 2240 1091 2275 Altus,
1115 2238 1180 2269 sole
1206 2238 1239 2268 in
1268 2238 1331 2269 alto
1355 2237 1437 2268 coelo
1461 2237 1507 2268 ef-

848 2290 958 2321 fectus.
1004 2289 1190 2319 Recanduit.
1212 2287 1295 2318 Vide
1320 2287 1360 2317 ad
1382 2286 1435 2317 xii.
1457 2288 1509 2318 12.

848 2340 932 2371 Plin.
952 2339 1031 2369 Pan.
1053 2339 1108 2368 30.
1132 2338 1290 2380 AEgyptus
1307 2337 1370 2368 alto
1386 2338 1510 2376 pulvere

847 2390 1020 2424 incanduit,
1036 2387 1089 2418 ubi
1104 2399 1134 2418 v.
1150 2386 1309 2417 Schwarz.

890 2438 968 2468 436.
1006 2437 1120 2477 Species
1143 2436 1323 2478 etfiguras,
1347 2435 1508 2467 animalia.

847 2487 930 2518 Vide
946 2486 986 2517 ad
1002 2496 1065 2516 ver.
1084 2486 1111 2516 l.

892 2536 965 2566 437.
983 2535 1115 2570 Retulit,
1135 2533 1246 2564 iterum
1269 2533 1397 2564 creavit.
1421 2534 1509 2566 Man-

845 2593 919 2622 stra,
941 2584 1073 2626 τέρατα,
1100 2583 1257 2619 dicuntur,
1280 2589 1314 2614 ut
1334 2594 1441 2614 omnes
1463 2595 1511 2615 res

848 2634 997 2666 inauditae
1014 2639 1046 2665 et
1060 2633 1156 2669 mirae,
1170 2632 1214 2663 ita
1229 2632 1323 2663 etiam
1337 2632 1406 2663 serae
1425 2633 1512 2663 terri-

848 2684 937 2715 biles.
976 2683 1101 2713 Lucret.
1128 2681 1159 2712 d.
1187 2681 1209 2712 l.
1253 2681 1413 2721 Multaque
1448 2688 1512 2711 tum

852 2734 952 2764 Tellus
982 2733 1069 2762 etiam
1099 2737 1238 2770 portenta
1266 2741 1368 2761 creare
1397 2731 1512 2761 (lanata

851 2789 904 2813 est.
952 2781 1055 2811 Etiam
1076 2779 1159 2821 apud
1182 2781 1292 2810 Horat.
1306 2780 1333 2810 Ι.
1351 2779 1413 2810 Od.
1427 2779 1461 2809 ii.
1479 2780 1511 2810 6.

1040 1746 1183 1780 Fastibus,
1209 1744 1400 1775 animalibus
1435 1755 1506 1786 pro-
