1763 3181
397 154 1016 202 METAMORPHOSEON
1049 154 1168 197 LIB.
1190 154 1273 197 VI.
1440 155 1527 198 425

142 273 173 321 J
177 273 345 322 ustitia
367 273 590 328 dubium,
615 270 854 320 validisne
878 270 1125 335 potentior
1149 269 1312 318 armis.

145 351 389 406 Quattuor
412 351 495 399 ille
520 350 721 414 quidem
749 351 973 413 juvenes,
1000 348 1310 412 totidemque
1334 348 1528 395 crearat

144 427 392 477 Femineae
415 428 588 476 sortis:
628 427 717 475 sed
738 433 842 475 erat
865 443 954 490 par
978 426 1133 473 forma
1156 426 1382 481 duarum,
1430 428 1526 472 680

145 504 188 553 Ε
208 506 388 569 quibus
413 505 632 553 AEolides
660 505 915 569 Cephalus
941 511 991 552 te
1016 505 1227 567 conjuge
1250 502 1386 559 felix,

143 582 332 640 Procri,
348 582 466 631 suit:
497 582 672 630 Boreae
691 581 877 630 Tereus
903 581 1224 644 Thracesque
1249 580 1524 636 nocebant,

145 660 442 724 Dilectaque
466 659 551 707 diu
576 660 733 708 caruit
759 659 896 708 Deus
923 659 1169 722 Orithyia,

148 736 283 784 Dum
306 743 462 800 rogat,
482 743 533 785 et
553 736 784 801 precibus
808 737 1012 793 mavult,
1040 751 1190 799 quam
1213 734 1414 789 viribUS‚
1440 732 1528 780 uti.

145 813 241 862 Ast
264 813 349 862 ubi
369 813 621 862 blanditiis
647 814 807 876 agitur
832 813 970 869 nihil,
996 812 1222 860 horridus
1247 811 1333 866 ira,
1433 812 1529 856 685

148 890 272 946 Quae
298 891 443 939 solita
466 898 543 939 est
565 891 651 947 illi,
677 889 984 954 nimiumque
1009 888 1297 943 domestica,
1323 893 1497 941 vento;

148 974 179 993 “
207 968 274 1015 Et
297 968 520 1025 merito‚”
546 968 689 1025 dixit,
718 974 749 992 “
776 968 898 1032 quid
923 967 1054 1016 enim
1078 982 1191 1014 mea
1213 966 1315 1013 tela
1337 963 1530 1028 reliqui,

149 1140 189 1172 ab
218 1139 342 1172 homine
375 1139 416 1171 ad
445 1145 574 1171 ventum
607 1139 805 1171 transferunt.
872 1141 998 1180 conjuge
1016 1138 1121 1179 sehr,-
1158 1135 1263 1168 confer
1286 1135 1342 1166 vii.
1366 1136 1448 1167 696:
1479 1135 1537 1167 fuit

150 1189 295 1221 Hermias
318 1199 390 1220 vero
426 1188 609 1220 Platonicus
637 1187 806 1220 Erechthei
873 1188 973 1219 veluti
1024 1186 1157 1218 formula
1207 1184 1358 1216 solennis.
1430 1185 1538 1215 Tereus

147 1238 246 1270 filiam
261 1238 428 1281 Aquilonis
442 1238 559 1280 impetu
576 1249 613 1270 ex
626 1238 689 1269 alto
705 1238 806 1280 dejec-
877 1237 1058 1278 Thracesque
1086 1237 1228 1266 nocebant
1239 1247 1250 1272 ,·
1282 1234 1450 1265 crudelitas
1477 1234 1537 1264 Te-

149 1293 214 1320 tam
228 1289 354 1331 periisse
370 1288 480 1325 credit,
495 1294 526 1319 et
542 1287 614 1319 inde
630 1287 761 1323 factum,
774 1293 809 1318 ut

147 1338 308 1370 hominum
321 1349 405 1369 more
421 1348 439 1369 a
454 1343 547 1369 vento
566 1342 658 1380 rapta
677 1336 810 1367 dicatur.

147 1388 239 1419 Idem
252 1388 347 1419 docet
357 1387 533 1423 Acesilaus‚
548 1387 698 1418 referente
713 1385 811 1428 Apol-

149 1437 288 1469 lodoro.'’
329 1437 427 1480 Apud
437 1436 667 1479 Palaephatum,
677 1446 748 1478 cap.
758 1436 811 1466 23.

150 1487 267 1518 Boreas
280 1486 332 1518 hic
348 1492 474 1518 vocatur
493 1485 582 1528 ἀνὴρ
596 1485 654 1516 οὐκ
673 1485 810 1526 ἄσημος.

151 1536 308 1568 Caeterum
322 1536 390 1567 haee
404 1535 514 1578 rapina
529 1544 673 1577 expressa
697 1538 763 1564 erat
780 1533 812 1563 in

151 1596 226 1618 arca
240 1585 380 1628 Cypseli,
394 1584 449 1616 ubi
464 1585 581 1615 Boreas
604 1583 673 1614 loco
696 1582 812 1624 pedum

152 1635 301 1677 anguium
315 1634 431 1667 caudas
445 1634 595 1665 habebat.
641 1631 813 1663 Pausanias

152 1684 256 1716 Eliac.
278 1695 310 1726 p.
333 1685 407 1714 424.
455 1683 639 1714 Erechtheus
663 1681 814 1713 successit

152 1733 306 1765 Pandioni
321 1733 349 1773 j.
364 1743 445 1764 anno
468 1734 549 1763 1423
573 1738 645 1763 ante
667 1741 721 1762 aer.
739 1731 813 1762 Chr.

153 1785 187 1815 Is
207 1783 332 1826 justitia
354 1794 416 1814 non
440 1782 556 1818 minus,
581 1792 676 1823 quam
703 1780 813 1812 virtute

151 1832 280 1870 bellica,
319 1832 510 1864 excellebat.

155 1882 236 1914 laus.

200 1931 274 1962 679.
299 1931 453 1966 Quattuor
466 1927 709 1969 ille-juvenes.]
733 1928 761 1958 E
781 1927 816 1958 fi-

153 1980 205 2012 liis
220 1980 357 2021 Cecrops
371 1979 416 2009 II.
430 1978 579 2010 successit
592 1978 685 2020 patri.
719 1977 816 2012 Quat-

159 2037 229 2062 tuor
252 2029 378 2073 plurimi
403 2034 590 2060 memorant.
634 2027 817 2063 Pausanias,

156 2079 191 2111 ii.
220 2081 283 2118 255
309 2078 453 2110 Eustath.
482 2078 522 2109 ad
549 2078 591 2109 Il.
618 2078 658 2108 B.
687 2088 718 2119 p.
743 2077 816 2108 291.

154 2129 258 2161 Etiam
273 2128 357 2171 apud
366 2128 593 2171 Apollodorum
604 2127 658 2158 ubi
673 2132 734 2158 tres
746 2132 814 2158 tan-

157 2184 225 2210 tum
249 2183 469 2213 memorantur,
493 2177 636 2220 Heynius
662 2175 815 2207 excidisse

154 2232 246 2269 putat
268 2231 414 2269 quartum
436 2227 548 2258 OEnea.
594 2226 700 2262 Sortis,
714 2235 816 2256 sexus.

157 2277 197 2309 In
219 2275 345 2308 filiabus
359 2275 430 2307 duae
454 2274 513 2306 sibi
528 2275 666 2317 aequales
679 2273 816 2316 pulchri-

155 2325 277 2362 tudine,
288 2336 306 2356 e
321 2325 436 2366 quibus
446 2324 574 2355 Procrin
592 2324 681 2355 duxit
691 2323 815 2366 Cepha-

156 2375 217 2411 lus,
241 2373 375 2406 Deionei
401 2373 495 2410 filius,
515 2374 598 2405 AEoli
622 2383 729 2416 ηεροδ,
755 2372 817 2404 vid.

157 2424 319 2461 Heinsius,
343 2423 384 2455 ad
407 2422 461 2454 vii.
484 2424 570 2462 6723
604 2423 751 2454 Munker.
777 2422 818 2453 ad

158 2474 278 2516 Hygini
303 2473 443 2505 fabulam
473 2473 534 2511 143
556 2482 736 2514 quanquam
766 2471 818 2502 alii

157 2534 230 2556 eum
241 2523 389 2555 Mercurii
400 2522 500 2553 filium
513 2522 642 2558 faciunt,
650 2522 733 2552 unde
746 2521 817 2562 Cyl-

160 2574 241 2604 lenia
252 2574 361 2613 proles,
372 2572 445 2603 Art.
457 2571 565 2603 Amat.
578 2571 623 2602 iii.
639 2572 711 2602 725.
749 2569 819 2601 Ori-

159 2621 268 2663 thyian
282 2621 384 2663 rapuit
395 2621 522 2656 Boreas,
534 2620 585 2651 cui
594 2619 713 2662 petenti
724 2619 820 2650 filiam

159 2670 352 2702 Erechtheus
365 2670 439 2701 dare
460 2670 613 2706 noluerat,
630 2669 754 2700 territus
772 2668 819 2699 in-

160 2719 268 2751 audita
285 2720 370 2751 Terei
387 2719 517 2751 Threicii
540 2718 735 2750 crudelitate.
783 2718 821 2748 Te

567 1831 696 1862 Summa
734 1829 815 1871 regis

876 1286 920 1317 rei
943 1296 979 1317 ac
994 1285 1152 1316 Thracum
1174 1285 1295 1320 Boreae,
1310 1294 1349 1314 ne
1371 1283 1538 1324 Orithyian

877 1336 1015 1371 duceret,
1027 1335 1171 1365 nocebat.
1202 1334 1297 1364 Deus.
1325 1333 1440 1363 Boreas
1456 1333 1539 1363 enim

878 1386 967 1417 Deus
991 1384 1176 1419 habebatur,
1197 1382 1247 1414 cui
1271 1392 1359 1413 sacra
1384 1381 1541 1413 faciebant

878 1433 1117 1477 Megapolitani,
1156 1431 1276 1469 Thurii,
1321 1431 1540 1463 Athenienses.

882 1483 1067 1519 Pausanias,
1079 1481 1197 1513 Arcad.
1211 1493 1243 1523 p.
1259 1482 1342 1518 6733
1366 1480 1484 1511 AElian.
1495 1481 1538 1512 V.

879 1533 920 1565 H.
941 1532 995 1563 xii.
1010 1532 1069 1570 615
1094 1530 1211 1562 Herod.
1226 1530 1278 1561 vii.
1296 1531 1369 1561 189.
1414 1530 1541 1571 Hymno

878 1593 952 1615 eum
964 1580 1135 1612 celebravit
1150 1579 1312 1622 Orpheus:
1338 1578 1364 1610 is
1379 1584 1426 1610 est
1441 1579 1474 1610 h.
1488 1580 1541 1610 79.

879 1632 1089 1663 Athenienses
1108 1640 1180 1661 vero
1203 1630 1243 1660 ob
1263 1634 1384 1671 raptam
1401 1628 1541 1670 Orithyi-

880 1691 933 1717 an,
946 1691 1017 1712 eum
1033 1680 1158 1711 affinem
1173 1679 1231 1710 sibi
1247 1684 1444 1710 censuerunt.
1482 1680 1541 1710 AE-

879 1730 994 1767 Uanus,
1011 1729 1043 1761 d.
1057 1730 1078 1761 l.
1095 1729 1148 1760 ubi
1163 1728 1227 1760 vid.
1243 1728 1383 1759 Perizon.

924 1780 1000 1811 685.
1025 1779 1179 1810 Horridus
1192 1778 1270 1818 ira.]
1296 1778 1370 1809 Non
1384 1777 1468 1808 mala
1478 1778 1541 1808 Bo-

881 1839 941 1860 reae
964 1828 1080 1860 horridi
1103 1827 1290 1869 descriptio:
1320 1827 1382 1858 Hic
1407 1828 1490 1858 Deus
1513 1834 1542 1858 et

884 1886 979 1910 terras
1000 1885 1029 1910 et
1050 1880 1148 1909 maria
1171 1878 1235 1908 alta
1259 1879 1377 1914 donum
1402 1877 1543 1919 Propert.

884 1928 930 1960 II.
951 1939 1005 1959 xx.
1021 1928 1082 1966 523
1105 1926 1146 1958 cf.
1161 1926 1331 1958 Claudian.
1347 1926 1444 1968 Rapt.
1464 1926 1484 1957 i.
1501 1927 1542 1958 69

883 1988 954 2019 sqq.
1000 1978 1182 2012 Domestica,
1198 1976 1257 2007 sibi
1276 1976 1398 2018 propria
1415 1981 1447 2007 et
1469 1986 1543 2006 con-

883 2032 989 2066 sueta3
1012 2037 1090 2058 nove
1111 2025 1155 2057 sic
1170 2025 1300 2056 dictum.
1345 2026 1543 2056 Burmannus

883 2081 984 2118 putat,
1006 2075 1155 2107 Ovidium
1185 2074 1233 2105 his
1262 2074 1383 2106 duabus
1405 2075 1544 2111 vocibus,

882 2127 968 2157 solita
984 2131 1015 2157 et
1037 2126 1206 2160 domestica,
1224 2123 1395 2166 exprimere
1411 2124 1543 2155 voluisse

883 2176 987 2207 Graec.
1011 2174 1136 2211 οἰκεῖος,
1161 2173 1249 2215 cujus
1275 2173 1338 2203 vim
1369 2173 1543 2215 exposuerit

884 2224 1003 2255 Victor.
1018 2223 1058 2254 ad
1074 2222 1142 2254 Cic.
1157 2222 1181 2253 i.
1196 2222 1266 2252 Att.
1282 2222 1331 2252 10.

926 2274 1000 2304 687.
1025 2273 1066 2304 Et
1088 2274 1192 2303 merito
1215 2272 1345 2313 abrupte
1366 2270 1487 2313 incipit,
1511 2276 1545 2301 ut

883 2322 926 2354 ix.
943 2323 1017 2354 584.
1028 2321 1080 2353 ubi
1097 2320 1164 2351 vid.
1177 2325 1262 2351 nota.
1292 2321 1343 2350 Ita
1358 2326 1389 2350 et
1403 2320 1544 2361 Propert.

883 2373 911 2403 Ι.
927 2370 1001 2402 xvii.
1019 2372 1049 2401 1.
1095 2371 1257 2400 Admovere
1276 2380 1387 2409 preces,
1402 2369 1484 2399 bona
1499 2368 1544 2398 lo-

884 2420 1004 2463 quutio‚
1020 2425 1055 2450 ut
1075 2419 1189 2450 docent
1205 2418 1261 2449 viri
1283 2418 1366 2449 docti
1390 2417 1430 2448 ad
1451 2417 1543 2448 Phae-

885 2470 986 2506 drum,
999 2469 1026 2501 I.
1042 2469 1104 2500 fab.
1119 2468 1184 2499 xix.
1200 2469 1230 2499 6.
1274 2469 1422 2498 Adhibere
1435 2477 1545 2506 preces,

885 2519 964 2550 dixit
986 2519 1110 2553 Noster,
1126 2516 1170 2548 iii.
1185 2517 1259 2548 376.
1274 2521 1305 2547 et
1321 2516 1390 2547 Cic.
1407 2516 1448 2546 N.
1465 2515 1509 2546 D.
1524 2515 1545 2546 i.

886 2570 916 2600 2.
965 2568 1030 2598 Vim
1055 2566 1157 2597 verbis
1185 2564 1372 2607 gravissimis
1396 2564 1546 2600 declarat,

886 2616 1020 2647 maxime
1036 2616 1069 2646 in
1084 2615 1154 2645 fine.
1199 2615 1279 2655 Ergo
1295 2612 1426 2654 assurgit
1437 2613 1545 2643 oratio.

887 2666 972 2703 Quia
986 2666 1092 2696 nubila
1108 2665 1206 2704 pellit,
1220 2668 1383 2705 propterea
1399 2662 1545 2704 αἰθρηγε-

886 2715 992 2754 νέτης,
1021 2721 1053 2746 et
1080 2715 1181 2745 clarus
1216 2712 1341 2743 dieitur.
1387 2712 1543 2747 concutio,
