1729 3207
261 223 349 264 DE
382 221 598 263 OPERE
630 219 1282 262 METAMORPHOSEON.
1413 220 1468 260 xli

287 336 494 386 Tisiphone
513 334 762 372 madefactam
781 335 965 384 sanguine
984 335 1100 372 sumit

183 399 405 449 Importuna
423 397 556 441 facem,
577 396 767 447 fluidoque
786 410 915 434 cruore
933 398 1132 434 rubentem

182 460 364 497 Induitur
381 459 533 510 pallam,
553 466 726 510 tortoque
741 459 948 509 incingitur
962 473 1097 509 angue,

181 523 467 573 Egrediturque
486 522 607 559 domo.
653 521 800 558 Luctus
820 521 1022 559 comitatur
1042 529 1196 559 euntem

182 585 238 623 Et
258 585 391 630 Pavor,
411 593 450 623 et
471 585 621 629 Terror,
641 585 864 636 trepidoque
884 585 1037 623 Insania
1055 585 1178 623 vultu.

80 722 274 763 Incessus
306 722 464 776 reginae
497 722 694 776 superbae
729 721 1006 775 ejusdemque
1039 722 1158 762 iratae
1193 721 1382 772 mirifice,
1412 723 1464 762 vi.

85 802 178 850 165,
201 808 394 842 notatus:

182 890 284 927 Ecce
302 890 408 927 venit
427 889 607 927 comitum
627 889 752 927 Niobe
771 889 1014 927 celeberrima
1033 891 1157 934 turba,

183 952 368 990 Vestibus
387 953 536 990 intexto
556 953 734 1004 Phrygiis
753 953 968 1004 spectabilis
988 967 1090 998 auro,

183 1015 250 1060 Et,
271 1023 458 1066 quantum
477 1016 531 1053 ira
549 1015 655 1060 sinit,
676 1016 858 1061 formosa,
880 1030 1107 1067 movensque
1126 1017 1258 1054 decoro

185 1078 284 1116 Cum
303 1079 426 1130 capite
440 1078 625 1115 immissos
643 1079 843 1115 humerum
863 1092 930 1129 per
950 1087 1155 1129 utrumque
1176 1079 1330 1130 capillos

184 1141 389 1179 Constitit:
419 1148 540 1191 utque
559 1140 686 1178 oculos
705 1141 941 1180 circumtulit
960 1141 1037 1179 alta
1056 1142 1247 1192 superbos,
1269 1149 1339 1180 etc.

81 1272 276 1327 Pugnan]
308 1271 456 1312 Persei
490 1286 585 1312 cum
619 1270 760 1312 bellua
789 1272 963 1321 marina,
993 1273 1045 1312 iv.
1081 1273 1178 1322 710,
1207 1274 1469 1314 venationem

80 1353 182 1394 ferae
209 1350 448 1401 Thebanae,
471 1352 539 1392 vii.
564 1352 661 1402 765,
691 1358 734 1392 et
759 1352 851 1405 apri
881 1350 1118 1406 Calydonii,
1139 1353 1223 1393 viii.
1247 1353 1345 1402 3529,
1376 1353 1470 1407 quis

81 1445 253 1471 narrare
273 1430 532 1485 ingeniosius
553 1431 687 1484 possit
699 1432 714 1470 ’ἓ
760 1429 909 1484 Byblis
931 1429 1051 1471 fratri
1078 1430 1220 1473 literas
1245 1433 1470 1486 scriptura,

82 1510 138 1550 ix.
163 1511 240 1551 5921
261 1526 269 1550 z

184 1605 334 1643 Dextra
351 1612 459 1644 tenet
477 1606 632 1649 ferrum,
652 1619 809 1643 vacuam
827 1613 934 1643 tenet
955 1606 1075 1643 altera
1094 1619 1228 1643 ceram.

186 1669 328 1719 Incipit
349 1676 388 1706 et
407 1668 558 1706 dubitat
570 1683 581 1713 3
610 1669 739 1706 scribit
760 1668 989 1719 damnatque
1008 1668 1192 1713 tabellas,

188 1732 242 1769 Et
261 1739 367 1769 notat
387 1739 425 1769 et
444 1731 569 1775 delet,-
599 1738 736 1775 mutat,
757 1731 974 1781 culpatque,
995 1732 1215 1781 probatque,

186 1795 309 1846 Inque
327 1795 448 1832 vicem
468 1800 611 1832 sumtas
630 1794 749 1844 ponit,
770 1793 983 1843 positasque
1002 1794 1172 1831 resumit.

86 1920 349 1977 Pygmalion,
371 1935 501 1975 quum
523 1926 705 1960 statuam
725 1934 842 1960 suam
863 1919 1126 1969 absolvisset,
1149 1935 1190 1960 x.
1214 1920 1323 1960 254:

190 2022 299 2073 Saepe
317 2035 452 2059 manus
471 2021 575 2071 operi
594 2027 789 2058 tentantes
808 2020 995 2065 admovet,
1016 2034 1064 2058 an
1083 2021 1132 2058 sit

189 2096 347 2146 Corpus,
367 2109 416 2132 an
433 2094 531 2132 illud
550 2095 665 2132 ebur:
695 2108 765 2132 nec
784 2095 877 2132 ebur
895 2101 1023 2131 tamen
1043 2108 1124 2132 esse
1143 2094 1297 2131 fatetur.

189 2169 331 2207 Oscula
350 2169 427 2213 dat,
446 2168 628 2219 reddique
647 2175 779 2219 putat:
810 2167 1054 2218 loquiturque
1073 2175 1268 2218 tenetque,

189 2243 244 2281 Et
263 2243 395 2287 credit,
415 2243 527 2280 tactis
546 2242 682 2293 digitos
702 2242 865 2279 insidere
884 2242 1076 2286 membris,

188 2317 244 2355 Et
262 2317 414 2361 metuit,
433 2331 578 2368 pressos
596 2317 724 2355 veniat
742 2330 790 2354 ne
809 2316 902 2354 livor
923 2317 961 2353 in
981 2324 1096 2354 artus.

88 2456 130 2490 et
149 2464 244 2504 quae
263 2448 388 2503 plura
408 2457 657 2504 sequuntur.
722 2449 916 2503 Myrrha,
940 2464 981 2488 x,
1005 2448 1103 2497 455,

191 2556 440 2606 Nutricisque
458 2570 612 2594 manum
630 2557 723 2594 laeva
741 2565 848 2594 tenet
864 2571 875 2601 3
905 2556 1022 2593 altera
1041 2562 1145 2592 motu

191 2629 348 2667 Coecum
371 2630 444 2667 iter
463 2629 633 2680 explorat
650 2644 657 2666 τ
688 2629 845 2666 thalami
862 2629 942 2678 jam
962 2627 1095 2665 limina
1113 2628 1237 2676 tangit
1254 2642 1262 2671 ;

193 2701 355 2753 Jamque
376 2703 474 2740 fores
493 2703 638 2753 aperit3
663 2703 742 2752 jam
762 2701 915 2739 ducitur
933 2701 1058 2738 intus:
1090 2708 1128 2737 at
1147 2700 1204 2736 illi

192 2774 343 2826 Poplite
362 2776 539 2813 succiduo
557 2789 681 2825 genua
699 2775 942 2818 intremuere,
963 2781 1033 2811 etc.

151 2860 245 2888 voL.
271 2861 334 2888 111.
1118 2846 1140 2885 f
