<?xml version="1.0" encoding="UTF-8"?>
<!DOCTYPE html PUBLIC "-//W3C//DTD XHTML 1.0 Transitional//EN"
    "http://www.w3.org/TR/xhtml1/DTD/xhtml1-transitional.dtd">
<html xmlns="http://www.w3.org/1999/xhtml" xml:lang="en" lang="en">
 <head>
  <title>
</title>
<meta http-equiv="Content-Type" content="text/html;charset=utf-8" />
  <meta name='ocr-system' content='tesseract 3.04.00' />
  <meta name='ocr-capabilities' content='ocr_page ocr_carea ocr_par ocr_line ocrx_word'/>
</head>
<body>
  <div class='ocr_page' id='page_1' title='image "./povidiinasonisop03oviduoft_0044.png"; bbox 0 0 1729 3207; ppageno 0'>
   <div class='ocr_carea' id='block_1_1' title="bbox 236 188 1096 238">
    <p class='ocr_par' dir='ltr' id='par_1_1' title="bbox 236 188 1096 238">
     <span class='ocr_line' id='line_1_1' title="bbox 236 188 1096 238; baseline -0.01 0"><span class='ocrx_word' id='word_1_1' title='bbox 236 199 362 238; x_wconf 80' lang='lat' dir='ltr'>xxxiv</span> <span class='ocrx_word' id='word_1_2' title='bbox 757 188 1096 232; x_wconf 82' lang='lat' dir='ltr'><strong>PRAEFATIO</strong></span> 
     </span>
    </p>
   </div>
   <div class='ocr_carea' id='block_1_2' title="bbox 233 301 1628 2710">
    <p class='ocr_par' dir='ltr' id='par_1_2' title="bbox 233 301 1628 2479">
     <span class='ocr_line' id='line_1_2' title="bbox 235 301 1618 360; baseline -0.007 -9"><span class='ocrx_word' id='word_1_3' title='bbox 235 311 485 357; x_wconf 81' lang='lat' dir='ltr'>notationes,</span> <span class='ocrx_word' id='word_1_4' title='bbox 507 307 829 360; x_wconf 76' lang='lat' dir='ltr'>descriptioneS,</span> <span class='ocrx_word' id='word_1_5' title='bbox 852 303 1166 358; x_wconf 86' lang='lat' dir='ltr'>dispositiones,</span> <span class='ocrx_word' id='word_1_6' title='bbox 1189 301 1496 350; x_wconf 89' lang='lat' dir='ltr'>similitudines,</span> <span class='ocrx_word' id='word_1_7' title='bbox 1518 301 1618 342; x_wconf 87' lang='lat' dir='ltr'>alia-</span> 
     </span>
     <span class='ocr_line' id='line_1_3' title="bbox 235 379 1617 443; baseline -0.007 -14"><span class='ocrx_word' id='word_1_8' title='bbox 235 403 317 443; x_wconf 86' lang='lat' dir='ltr'>que</span> <span class='ocrx_word' id='word_1_9' title='bbox 345 394 590 429; x_wconf 84' lang='lat' dir='ltr'>ornamenta</span> <span class='ocrx_word' id='word_1_10' title='bbox 615 385 711 433; x_wconf 90' lang='lat' dir='ltr'>sint,</span> <span class='ocrx_word' id='word_1_11' title='bbox 740 383 855 437; x_wconf 89' lang='lat' dir='ltr'>quod</span> <span class='ocrx_word' id='word_1_12' title='bbox 883 382 1077 429; x_wconf 85' lang='lat' dir='ltr'>sciamus,</span> <span class='ocrx_word' id='word_1_13' title='bbox 1101 381 1233 434; x_wconf 85' lang='lat' dir='ltr'>ipsius</span> <span class='ocrx_word' id='word_1_14' title='bbox 1255 379 1414 420; x_wconf 90' lang='lat' dir='ltr'>Ovidii.</span> <span class='ocrx_word' id='word_1_15' title='bbox 1476 379 1617 420; x_wconf 86' lang='lat' dir='ltr'>Famae</span> 
     </span>
     <span class='ocr_line' id='line_1_4' title="bbox 235 458 1617 521; baseline -0.007 -13"><span class='ocrx_word' id='word_1_16' title='bbox 235 465 576 521; x_wconf 84' lang='lat' dir='ltr'>prosopopoeiam</span> <span class='ocrx_word' id='word_1_17' title='bbox 612 476 873 504; x_wconf 83' lang='lat' dir='ltr'>communem</span> <span class='ocrx_word' id='word_1_18' title='bbox 909 460 1082 514; x_wconf 88' lang='lat' dir='ltr'>quidem</span> <span class='ocrx_word' id='word_1_19' title='bbox 1118 474 1212 500; x_wconf 91' lang='lat' dir='ltr'>cum</span> <span class='ocrx_word' id='word_1_20' title='bbox 1248 458 1427 513; x_wconf 82' lang='lat' dir='ltr'>Virgilio</span> <span class='ocrx_word' id='word_1_21' title='bbox 1460 458 1617 508; x_wconf 88' lang='lat' dir='ltr'>habet;</span> 
     </span>
     <span class='ocr_line' id='line_1_5' title="bbox 233 537 1616 596; baseline -0.006 -11"><span class='ocrx_word' id='word_1_22' title='bbox 233 545 308 586; x_wconf 88' lang='lat' dir='ltr'>sed</span> <span class='ocrx_word' id='word_1_23' title='bbox 335 545 377 583; x_wconf 93' lang='lat' dir='ltr'>in</span> <span class='ocrx_word' id='word_1_24' title='bbox 396 557 447 583; x_wconf 90' lang='lat' dir='ltr'>ea</span> <span class='ocrx_word' id='word_1_25' title='bbox 467 541 667 596; x_wconf 81' lang='lat' dir='ltr'>fingenda</span> <span class='ocrx_word' id='word_1_26' title='bbox 691 554 812 581; x_wconf 90' lang='lat' dir='ltr'>suum</span> <span class='ocrx_word' id='word_1_27' title='bbox 840 539 1055 593; x_wconf 85' lang='lat' dir='ltr'>ingenium</span> <span class='ocrx_word' id='word_1_28' title='bbox 1072 546 1242 579; x_wconf 88' lang='lat' dir='ltr'>secutus</span> <span class='ocrx_word' id='word_1_29' title='bbox 1269 546 1348 586; x_wconf 84' lang='lat' dir='ltr'>est,</span> <span class='ocrx_word' id='word_1_30' title='bbox 1370 537 1486 591; x_wconf 88' lang='lat' dir='ltr'>quod</span> <span class='ocrx_word' id='word_1_31' title='bbox 1511 545 1553 579; x_wconf 89' lang='lat' dir='ltr'>et</span> <span class='ocrx_word' id='word_1_32' title='bbox 1573 537 1616 578; x_wconf 90' lang='lat' dir='ltr'>in</span> 
     </span>
     <span class='ocr_line' id='line_1_6' title="bbox 236 616 1619 672; baseline -0.006 -9"><span class='ocrx_word' id='word_1_33' title='bbox 236 623 391 670; x_wconf 85' lang='lat' dir='ltr'>Famis,</span> <span class='ocrx_word' id='word_1_34' title='bbox 415 621 588 661; x_wconf 89' lang='lat' dir='ltr'>Invidiae</span> <span class='ocrx_word' id='word_1_35' title='bbox 617 627 659 660; x_wconf 90' lang='lat' dir='ltr'>et</span> <span class='ocrx_word' id='word_1_36' title='bbox 688 618 833 659; x_wconf 89' lang='lat' dir='ltr'>Somni</span> <span class='ocrx_word' id='word_1_37' title='bbox 861 618 1052 672; x_wconf 89' lang='lat' dir='ltr'>personis</span> <span class='ocrx_word' id='word_1_38' title='bbox 1080 616 1332 671; x_wconf 87' lang='lat' dir='ltr'>effingendis</span> <span class='ocrx_word' id='word_1_39' title='bbox 1358 616 1401 656; x_wconf 91' lang='lat' dir='ltr'>in</span> <span class='ocrx_word' id='word_1_40' title='bbox 1425 630 1619 670; x_wconf 87' lang='lat' dir='ltr'>magnam</span> 
     </span>
     <span class='ocr_line' id='line_1_7' title="bbox 237 697 1619 751; baseline -0.006 -9"><span class='ocrx_word' id='word_1_41' title='bbox 237 715 353 742; x_wconf 87' lang='lat' dir='ltr'>suam</span> <span class='ocrx_word' id='word_1_42' title='bbox 377 699 545 740; x_wconf 89' lang='lat' dir='ltr'>laudem</span> <span class='ocrx_word' id='word_1_43' title='bbox 570 698 683 739; x_wconf 89' lang='lat' dir='ltr'>fecit.</span> <span class='ocrx_word' id='word_1_44' title='bbox 749 697 958 751; x_wconf 90' lang='lat' dir='ltr'>Lycaonis</span> <span class='ocrx_word' id='word_1_45' title='bbox 985 697 1244 751; x_wconf 84' lang='lat' dir='ltr'>impietatem</span> <span class='ocrx_word' id='word_1_46' title='bbox 1265 702 1308 735; x_wconf 94' lang='lat' dir='ltr'>et</span> <span class='ocrx_word' id='word_1_47' title='bbox 1337 709 1508 749; x_wconf 86' lang='lat' dir='ltr'>poenam</span> <span class='ocrx_word' id='word_1_48' title='bbox 1534 708 1619 735; x_wconf 89' lang='lat' dir='ltr'>non</span> 
     </span>
     <span class='ocr_line' id='line_1_8' title="bbox 236 772 1621 833; baseline -0.005 -14"><span class='ocrx_word' id='word_1_49' title='bbox 236 781 328 833; x_wconf 86' lang='lat' dir='ltr'>ipse</span> <span class='ocrx_word' id='word_1_50' title='bbox 368 777 512 825; x_wconf 87' lang='lat' dir='ltr'>refert,</span> <span class='ocrx_word' id='word_1_51' title='bbox 549 776 624 817; x_wconf 91' lang='lat' dir='ltr'>sed</span> <span class='ocrx_word' id='word_1_52' title='bbox 663 775 814 816; x_wconf 77' lang='lat' dir='ltr'>Jovem</span> <span class='ocrx_word' id='word_1_53' title='bbox 855 782 1094 816; x_wconf 86' lang='lat' dir='ltr'>narrantem</span> <span class='ocrx_word' id='word_1_54' title='bbox 1135 773 1309 814; x_wconf 88' lang='lat' dir='ltr'>inducit.</span> <span class='ocrx_word' id='word_1_55' title='bbox 1372 772 1457 813; x_wconf 91' lang='lat' dir='ltr'>Hic</span> <span class='ocrx_word' id='word_1_56' title='bbox 1492 773 1621 827; x_wconf 82' lang='lat' dir='ltr'>igitur</span> 
     </span>
     <span class='ocr_line' id='line_1_9' title="bbox 238 851 1622 908; baseline -0.004 -11"><span class='ocrx_word' id='word_1_57' title='bbox 238 857 354 897; x_wconf 90' lang='lat' dir='ltr'>haud</span> <span class='ocrx_word' id='word_1_58' title='bbox 382 855 511 896; x_wconf 90' lang='lat' dir='ltr'>dubie</span> <span class='ocrx_word' id='word_1_59' title='bbox 540 855 631 908; x_wconf 88' lang='lat' dir='ltr'>ipse</span> <span class='ocrx_word' id='word_1_60' title='bbox 666 868 754 895; x_wconf 89' lang='lat' dir='ltr'>rem</span> <span class='ocrx_word' id='word_1_61' title='bbox 785 854 843 894; x_wconf 89' lang='lat' dir='ltr'>ita</span> <span class='ocrx_word' id='word_1_62' title='bbox 864 854 1089 908; x_wconf 83' lang='lat' dir='ltr'>disposuit,</span> <span class='ocrx_word' id='word_1_63' title='bbox 1118 861 1166 893; x_wconf 93' lang='lat' dir='ltr'>ut</span> <span class='ocrx_word' id='word_1_64' title='bbox 1193 851 1289 894; x_wconf 91' lang='lat' dir='ltr'>coeli</span> <span class='ocrx_word' id='word_1_65' title='bbox 1323 853 1495 907; x_wconf 87' lang='lat' dir='ltr'>regiam,</span> <span class='ocrx_word' id='word_1_66' title='bbox 1524 865 1622 892; x_wconf 91' lang='lat' dir='ltr'>con-</span> 
     </span>
     <span class='ocr_line' id='line_1_10' title="bbox 238 929 1623 986; baseline -0.004 -10"><span class='ocrx_word' id='word_1_67' title='bbox 238 942 408 976; x_wconf 80' lang='lat' dir='ltr'>ventum</span> <span class='ocrx_word' id='word_1_68' title='bbox 434 933 640 981; x_wconf 89' lang='lat' dir='ltr'>Deorum,</span> <span class='ocrx_word' id='word_1_69' title='bbox 669 932 788 972; x_wconf 83' lang='lat' dir='ltr'>Jovis</span> <span class='ocrx_word' id='word_1_70' title='bbox 820 931 1066 986; x_wconf 72' lang='lat' dir='ltr'>praesidium</span> <span class='ocrx_word' id='word_1_71' title='bbox 1099 931 1221 972; x_wconf 93' lang='lat' dir='ltr'>nobis</span> <span class='ocrx_word' id='word_1_72' title='bbox 1248 938 1344 971; x_wconf 89' lang='lat' dir='ltr'>ante</span> <span class='ocrx_word' id='word_1_73' title='bbox 1377 929 1521 970; x_wconf 89' lang='lat' dir='ltr'>oculos</span> <span class='ocrx_word' id='word_1_74' title='bbox 1548 944 1623 984; x_wconf 93' lang='lat' dir='ltr'>po-</span> 
     </span>
     <span class='ocr_line' id='line_1_11' title="bbox 237 1008 1621 1064; baseline -0.004 -11"><span class='ocrx_word' id='word_1_75' title='bbox 237 1019 370 1061; x_wconf 89' lang='lat' dir='ltr'>neret,</span> <span class='ocrx_word' id='word_1_76' title='bbox 402 1011 624 1064; x_wconf 87' lang='lat' dir='ltr'>eidemque</span> <span class='ocrx_word' id='word_1_77' title='bbox 658 1010 754 1050; x_wconf 90' lang='lat' dir='ltr'>Deo</span> <span class='ocrx_word' id='word_1_78' title='bbox 783 1011 1015 1050; x_wconf 87' lang='lat' dir='ltr'>orationem</span> <span class='ocrx_word' id='word_1_79' title='bbox 1050 1009 1257 1050; x_wconf 85' lang='lat' dir='ltr'>tribueret</span> <span class='ocrx_word' id='word_1_80' title='bbox 1290 1008 1621 1056; x_wconf 82' lang='lat' dir='ltr'>disertissimam,</span> 
     </span>
     <span class='ocr_line' id='line_1_12' title="bbox 239 1086 1625 1143; baseline -0.003 -13"><span class='ocrx_word' id='word_1_81' title='bbox 239 1091 306 1131; x_wconf 93' lang='lat' dir='ltr'>cui</span> <span class='ocrx_word' id='word_1_82' title='bbox 322 1089 466 1130; x_wconf 86' lang='lat' dir='ltr'>fabula</span> <span class='ocrx_word' id='word_1_83' title='bbox 483 1090 536 1130; x_wconf 90' lang='lat' dir='ltr'>de</span> <span class='ocrx_word' id='word_1_84' title='bbox 552 1088 751 1143; x_wconf 86' lang='lat' dir='ltr'>Lycaone</span> <span class='ocrx_word' id='word_1_85' title='bbox 772 1089 948 1129; x_wconf 85' lang='lat' dir='ltr'>intexta.</span> <span class='ocrx_word' id='word_1_86' title='bbox 989 1087 1132 1136; x_wconf 86' lang='lat' dir='ltr'>Adde,</span> <span class='ocrx_word' id='word_1_87' title='bbox 1150 1102 1246 1141; x_wconf 87' lang='lat' dir='ltr'>quae</span> <span class='ocrx_word' id='word_1_88' title='bbox 1272 1088 1315 1127; x_wconf 93' lang='lat' dir='ltr'>in</span> <span class='ocrx_word' id='word_1_89' title='bbox 1333 1086 1625 1128; x_wconf 86' lang='lat' dir='ltr'>Deucalioneo</span> 
     </span>
     <span class='ocr_line' id='line_1_13' title="bbox 240 1166 1624 1221; baseline -0.001 -13"><span class='ocrx_word' id='word_1_90' title='bbox 240 1168 398 1209; x_wconf 87' lang='lat' dir='ltr'>diluvio</span> <span class='ocrx_word' id='word_1_91' title='bbox 420 1168 474 1208; x_wconf 93' lang='lat' dir='ltr'>de</span> <span class='ocrx_word' id='word_1_92' title='bbox 503 1167 622 1208; x_wconf 90' lang='lat' dir='ltr'>Noto</span> <span class='ocrx_word' id='word_1_93' title='bbox 651 1166 858 1215; x_wconf 88' lang='lat' dir='ltr'>evolante,</span> <span class='ocrx_word' id='word_1_94' title='bbox 881 1167 934 1207; x_wconf 91' lang='lat' dir='ltr'>de</span> <span class='ocrx_word' id='word_1_95' title='bbox 957 1167 1166 1221; x_wconf 72' lang='lat' dir='ltr'>Neptuno</span> <span class='ocrx_word' id='word_1_96' title='bbox 1187 1180 1329 1207; x_wconf 85' lang='lat' dir='ltr'>amnes</span> <span class='ocrx_word' id='word_1_97' title='bbox 1351 1173 1624 1213; x_wconf 85' lang='lat' dir='ltr'>convocante,</span> 
     </span>
     <span class='ocr_line' id='line_1_14' title="bbox 238 1244 1624 1300; baseline -0.002 -13"><span class='ocrx_word' id='word_1_98' title='bbox 238 1247 292 1287; x_wconf 89' lang='lat' dir='ltr'>de</span> <span class='ocrx_word' id='word_1_99' title='bbox 313 1246 492 1287; x_wconf 88' lang='lat' dir='ltr'>Tritone</span> <span class='ocrx_word' id='word_1_100' title='bbox 520 1247 685 1300; x_wconf 86' lang='lat' dir='ltr'>signum</span> <span class='ocrx_word' id='word_1_101' title='bbox 712 1246 913 1288; x_wconf 83' lang='lat' dir='ltr'>fluctibus</span> <span class='ocrx_word' id='word_1_102' title='bbox 935 1246 1077 1295; x_wconf 88' lang='lat' dir='ltr'>dante,</span> <span class='ocrx_word' id='word_1_103' title='bbox 1101 1247 1154 1287; x_wconf 92' lang='lat' dir='ltr'>de</span> <span class='ocrx_word' id='word_1_104' title='bbox 1176 1244 1452 1287; x_wconf 84' lang='lat' dir='ltr'>Deucalionis</span> <span class='ocrx_word' id='word_1_105' title='bbox 1473 1259 1624 1298; x_wconf 86' lang='lat' dir='ltr'>quere·</span> 
     </span>
     <span class='ocr_line' id='line_1_15' title="bbox 239 1323 1625 1379; baseline -0.002 -14"><span class='ocrx_word' id='word_1_106' title='bbox 239 1326 302 1374; x_wconf 91' lang='lat' dir='ltr'>lis,</span> <span class='ocrx_word' id='word_1_107' title='bbox 333 1326 387 1365; x_wconf 89' lang='lat' dir='ltr'>ab</span> <span class='ocrx_word' id='word_1_108' title='bbox 415 1340 465 1366; x_wconf 90' lang='lat' dir='ltr'>eo</span> <span class='ocrx_word' id='word_1_109' title='bbox 493 1326 661 1366; x_wconf 90' lang='lat' dir='ltr'>inventa</span> <span class='ocrx_word' id='word_1_110' title='bbox 692 1332 802 1365; x_wconf 87' lang='lat' dir='ltr'>sunt.</span> <span class='ocrx_word' id='word_1_111' title='bbox 865 1325 1096 1379; x_wconf 86' lang='lat' dir='ltr'>Spreverat</span> <span class='ocrx_word' id='word_1_112' title='bbox 1124 1324 1266 1365; x_wconf 87' lang='lat' dir='ltr'>Niobe</span> <span class='ocrx_word' id='word_1_113' title='bbox 1297 1323 1506 1364; x_wconf 86' lang='lat' dir='ltr'>Latonam</span> <span class='ocrx_word' id='word_1_114' title='bbox 1536 1337 1625 1377; x_wconf 88' lang='lat' dir='ltr'>prae</span> 
     </span>
     <span class='ocr_line' id='line_1_16' title="bbox 242 1401 1627 1458; baseline -0.002 -13"><span class='ocrx_word' id='word_1_115' title='bbox 242 1419 300 1453; x_wconf 89' lang='lat' dir='ltr'>se,</span> <span class='ocrx_word' id='word_1_116' title='bbox 323 1419 401 1445; x_wconf 90' lang='lat' dir='ltr'>nec</span> <span class='ocrx_word' id='word_1_117' title='bbox 422 1405 512 1458; x_wconf 86' lang='lat' dir='ltr'>pati</span> <span class='ocrx_word' id='word_1_118' title='bbox 533 1402 723 1445; x_wconf 87' lang='lat' dir='ltr'>voluerat</span> <span class='ocrx_word' id='word_1_119' title='bbox 753 1418 871 1445; x_wconf 85' lang='lat' dir='ltr'>sacra</span> <span class='ocrx_word' id='word_1_120' title='bbox 892 1404 930 1444; x_wconf 94' lang='lat' dir='ltr'>ei</span> <span class='ocrx_word' id='word_1_121' title='bbox 951 1403 1057 1444; x_wconf 89' lang='lat' dir='ltr'>fieri.</span> <span class='ocrx_word' id='word_1_122' title='bbox 1121 1402 1350 1449; x_wconf 83' lang='lat' dir='ltr'>Quomodo</span> <span class='ocrx_word' id='word_1_123' title='bbox 1370 1401 1453 1442; x_wconf 91' lang='lat' dir='ltr'>hoc</span> <span class='ocrx_word' id='word_1_124' title='bbox 1475 1408 1627 1442; x_wconf 88' lang='lat' dir='ltr'>tracta-</span> 
     </span>
     <span class='ocr_line' id='line_1_17' title="bbox 240 1481 1626 1537; baseline -0.001 -15"><span class='ocrx_word' id='word_1_125' title='bbox 240 1483 299 1522; x_wconf 90' lang='lat' dir='ltr'>vit</span> <span class='ocrx_word' id='word_1_126' title='bbox 328 1484 483 1537; x_wconf 73' lang='lat' dir='ltr'>poeta?</span> <span class='ocrx_word' id='word_1_127' title='bbox 530 1481 700 1536; x_wconf 85' lang='lat' dir='ltr'>Nempe</span> <span class='ocrx_word' id='word_1_128' title='bbox 727 1490 864 1523; x_wconf 82' lang='lat' dir='ltr'>vatem</span> <span class='ocrx_word' id='word_1_129' title='bbox 893 1483 1074 1536; x_wconf 90' lang='lat' dir='ltr'>primum</span> <span class='ocrx_word' id='word_1_130' title='bbox 1103 1482 1267 1522; x_wconf 88' lang='lat' dir='ltr'>inducit</span> <span class='ocrx_word' id='word_1_131' title='bbox 1296 1481 1475 1521; x_wconf 87' lang='lat' dir='ltr'>Latonae</span> <span class='ocrx_word' id='word_1_132' title='bbox 1508 1495 1626 1522; x_wconf 89' lang='lat' dir='ltr'>sacra</span> 
     </span>
     <span class='ocr_line' id='line_1_18' title="bbox 240 1559 1627 1614; baseline 0.001 -15"><span class='ocrx_word' id='word_1_133' title='bbox 240 1560 509 1608; x_wconf 81' lang='lat' dir='ltr'>indicentem,</span> <span class='ocrx_word' id='word_1_134' title='bbox 532 1567 621 1600; x_wconf 89' lang='lat' dir='ltr'>tum</span> <span class='ocrx_word' id='word_1_135' title='bbox 644 1560 819 1601; x_wconf 87' lang='lat' dir='ltr'>Nioben</span> <span class='ocrx_word' id='word_1_136' title='bbox 847 1561 888 1600; x_wconf 91' lang='lat' dir='ltr'>in</span> <span class='ocrx_word' id='word_1_137' title='bbox 914 1560 1131 1614; x_wconf 86' lang='lat' dir='ltr'>publicum</span> <span class='ocrx_word' id='word_1_138' title='bbox 1157 1575 1252 1602; x_wconf 92' lang='lat' dir='ltr'>cum</span> <span class='ocrx_word' id='word_1_139' title='bbox 1276 1559 1388 1601; x_wconf 88' lang='lat' dir='ltr'>fastu</span> <span class='ocrx_word' id='word_1_140' title='bbox 1411 1560 1627 1614; x_wconf 86' lang='lat' dir='ltr'>prodeun-</span> 
     </span>
     <span class='ocr_line' id='line_1_19' title="bbox 240 1638 1626 1693; baseline 0 -14"><span class='ocrx_word' id='word_1_141' title='bbox 240 1647 338 1686; x_wconf 88' lang='lat' dir='ltr'>tem,</span> <span class='ocrx_word' id='word_1_142' title='bbox 357 1645 483 1691; x_wconf 88' lang='lat' dir='ltr'>atque</span> <span class='ocrx_word' id='word_1_143' title='bbox 505 1638 693 1678; x_wconf 85' lang='lat' dir='ltr'>oratione</span> <span class='ocrx_word' id='word_1_144' title='bbox 710 1638 990 1678; x_wconf 88' lang='lat' dir='ltr'>audacissima</span> <span class='ocrx_word' id='word_1_145' title='bbox 1010 1653 1054 1679; x_wconf 92' lang='lat' dir='ltr'>se</span> <span class='ocrx_word' id='word_1_146' title='bbox 1078 1639 1186 1679; x_wconf 84' lang='lat' dir='ltr'>Deae</span> <span class='ocrx_word' id='word_1_147' title='bbox 1203 1638 1513 1693; x_wconf 72' lang='lat' dir='ltr'>praeferentem.</span> <span class='ocrx_word' id='word_1_148' title='bbox 1567 1639 1626 1679; x_wconf 91' lang='lat' dir='ltr'>Et</span> 
     </span>
     <span class='ocr_line' id='line_1_20' title="bbox 240 1715 1626 1770; baseline 0.002 -15"><span class='ocrx_word' id='word_1_149' title='bbox 240 1716 343 1769; x_wconf 87' lang='lat' dir='ltr'>quid</span> <span class='ocrx_word' id='word_1_150' title='bbox 383 1716 437 1756; x_wconf 91' lang='lat' dir='ltr'>de</span> <span class='ocrx_word' id='word_1_151' title='bbox 469 1715 620 1769; x_wconf 89' lang='lat' dir='ltr'>Ceycis</span> <span class='ocrx_word' id='word_1_152' title='bbox 656 1723 783 1770; x_wconf 87' lang='lat' dir='ltr'>atque</span> <span class='ocrx_word' id='word_1_153' title='bbox 822 1715 1064 1770; x_wconf 86' lang='lat' dir='ltr'>Halcyones</span> <span class='ocrx_word' id='word_1_154' title='bbox 1105 1718 1233 1758; x_wconf 88' lang='lat' dir='ltr'>rebus</span> <span class='ocrx_word' id='word_1_155' title='bbox 1273 1717 1437 1758; x_wconf 72' lang='lat' dir='ltr'>dicam?</span> <span class='ocrx_word' id='word_1_156' title='bbox 1499 1717 1549 1758; x_wconf 93' lang='lat' dir='ltr'>In</span> <span class='ocrx_word' id='word_1_157' title='bbox 1577 1718 1626 1758; x_wconf 90' lang='lat' dir='ltr'>iis</span> 
     </span>
     <span class='ocr_line' id='line_1_21' title="bbox 240 1794 1625 1851; baseline 0.004 -18"><span class='ocrx_word' id='word_1_158' title='bbox 240 1794 516 1847; x_wconf 87' lang='lat' dir='ltr'>tempestatis,</span> <span class='ocrx_word' id='word_1_159' title='bbox 552 1794 652 1834; x_wconf 88' lang='lat' dir='ltr'>artis</span> <span class='ocrx_word' id='word_1_160' title='bbox 688 1794 1067 1842; x_wconf 78' lang='lat' dir='ltr'>nauticae,&#39;Somni</span> <span class='ocrx_word' id='word_1_161' title='bbox 1109 1795 1396 1851; x_wconf 89' lang='lat' dir='ltr'>Morpheique</span> <span class='ocrx_word' id='word_1_162' title='bbox 1437 1796 1625 1851; x_wconf 88' lang='lat' dir='ltr'>descrip-</span> 
     </span>
     <span class='ocr_line' id='line_1_22' title="bbox 240 1870 1627 1919; baseline 0.004 -8"><span class='ocrx_word' id='word_1_163' title='bbox 240 1872 389 1919; x_wconf 88' lang='lat' dir='ltr'>tiones,</span> <span class='ocrx_word' id='word_1_164' title='bbox 430 1879 518 1911; x_wconf 91' lang='lat' dir='ltr'>tum</span> <span class='ocrx_word' id='word_1_165' title='bbox 564 1870 808 1912; x_wconf 88' lang='lat' dir='ltr'>adfectuum</span> <span class='ocrx_word' id='word_1_166' title='bbox 858 1872 1094 1913; x_wconf 88' lang='lat' dir='ltr'>notationes</span> <span class='ocrx_word' id='word_1_167' title='bbox 1136 1880 1346 1915; x_wconf 88' lang='lat' dir='ltr'>testantur</span> <span class='ocrx_word' id='word_1_168' title='bbox 1384 1873 1627 1916; x_wconf 86' lang='lat' dir='ltr'>faecundum</span> 
     </span>
     <span class='ocr_line' id='line_1_23' title="bbox 241 1949 1628 2007; baseline 0.004 -18"><span class='ocrx_word' id='word_1_169' title='bbox 241 1949 368 1990; x_wconf 89' lang='lat' dir='ltr'>fuisse</span> <span class='ocrx_word' id='word_1_170' title='bbox 401 1950 547 1990; x_wconf 88' lang='lat' dir='ltr'>Ovidii</span> <span class='ocrx_word' id='word_1_171' title='bbox 581 1951 623 1990; x_wconf 89' lang='lat' dir='ltr'>in</span> <span class='ocrx_word' id='word_1_172' title='bbox 657 1950 910 1990; x_wconf 86' lang='lat' dir='ltr'>inveniendo</span> <span class='ocrx_word' id='word_1_173' title='bbox 945 1950 1173 2005; x_wconf 85' lang='lat' dir='ltr'>ingenium.</span> <span class='ocrx_word' id='word_1_174' title='bbox 1236 1951 1368 1993; x_wconf 91' lang='lat' dir='ltr'>Mitto</span> <span class='ocrx_word' id='word_1_175' title='bbox 1395 1952 1520 2007; x_wconf 87' lang='lat' dir='ltr'>plura</span> <span class='ocrx_word' id='word_1_176' title='bbox 1553 1954 1628 1994; x_wconf 90' lang='lat' dir='ltr'>ad-</span> 
     </span>
     <span class='ocr_line' id='line_1_24' title="bbox 241 2027 1627 2086; baseline 0.005 -19"><span class='ocrx_word' id='word_1_177' title='bbox 241 2027 365 2076; x_wconf 85' lang='lat' dir='ltr'>dere;</span> <span class='ocrx_word' id='word_1_178' title='bbox 398 2042 491 2068; x_wconf 87' lang='lat' dir='ltr'>narn</span> <span class='ocrx_word' id='word_1_179' title='bbox 517 2027 707 2082; x_wconf 87' lang='lat' dir='ltr'>plurimae</span> <span class='ocrx_word' id='word_1_180' title='bbox 729 2028 883 2069; x_wconf 80' lang='lat' dir='ltr'>fabulae</span> <span class='ocrx_word' id='word_1_181' title='bbox 904 2028 988 2070; x_wconf 88' lang='lat' dir='ltr'>huc</span> <span class='ocrx_word' id='word_1_182' title='bbox 1010 2031 1205 2072; x_wconf 81' lang='lat' dir='ltr'>advocari</span> <span class='ocrx_word' id='word_1_183' title='bbox 1226 2039 1413 2086; x_wconf 88' lang='lat' dir='ltr'>possent.</span> <span class='ocrx_word' id='word_1_184' title='bbox 1475 2032 1627 2074; x_wconf 90' lang='lat' dir='ltr'>Monui</span> 
     </span>
     <span class='ocr_line' id='line_1_25' title="bbox 241 2106 1626 2164; baseline 0.006 -19"><span class='ocrx_word' id='word_1_185' title='bbox 241 2106 410 2159; x_wconf 90' lang='lat' dir='ltr'>quidem</span> <span class='ocrx_word' id='word_1_186' title='bbox 439 2122 582 2161; x_wconf 89' lang='lat' dir='ltr'>supra,</span> <span class='ocrx_word' id='word_1_187' title='bbox 604 2109 765 2149; x_wconf 87' lang='lat' dir='ltr'>nescire</span> <span class='ocrx_word' id='word_1_188' title='bbox 790 2123 880 2157; x_wconf 87' lang='lat' dir='ltr'>nos,</span> <span class='ocrx_word' id='word_1_189' title='bbox 903 2109 1021 2162; x_wconf 87' lang='lat' dir='ltr'>quid,</span> <span class='ocrx_word' id='word_1_190' title='bbox 1040 2118 1082 2150; x_wconf 90' lang='lat' dir='ltr'>et</span> <span class='ocrx_word' id='word_1_191' title='bbox 1110 2118 1314 2164; x_wconf 87' lang='lat' dir='ltr'>quantum</span> <span class='ocrx_word' id='word_1_192' title='bbox 1338 2112 1376 2152; x_wconf 90' lang='lat' dir='ltr'>ei</span> <span class='ocrx_word' id='word_1_193' title='bbox 1404 2111 1446 2152; x_wconf 90' lang='lat' dir='ltr'>in</span> <span class='ocrx_word' id='word_1_194' title='bbox 1471 2111 1626 2153; x_wconf 89' lang='lat' dir='ltr'>fabulis</span> 
     </span>
     <span class='ocr_line' id='line_1_26' title="bbox 240 2183 1627 2245; baseline 0.006 -21"><span class='ocrx_word' id='word_1_195' title='bbox 240 2183 484 2225; x_wconf 86' lang='lat' dir='ltr'>excolendis</span> <span class='ocrx_word' id='word_1_196' title='bbox 500 2185 643 2227; x_wconf 87' lang='lat' dir='ltr'>Graeci</span> <span class='ocrx_word' id='word_1_197' title='bbox 661 2195 800 2241; x_wconf 86' lang='lat' dir='ltr'>poetae</span> <span class='ocrx_word' id='word_1_198' title='bbox 817 2188 1164 2238; x_wconf 84' lang='lat' dir='ltr'>ministraverint3</span> <span class='ocrx_word' id='word_1_199' title='bbox 1189 2190 1264 2230; x_wconf 89' lang='lat' dir='ltr'>sed</span> <span class='ocrx_word' id='word_1_200' title='bbox 1284 2191 1498 2245; x_wconf 85' lang='lat' dir='ltr'>ingenium</span> <span class='ocrx_word' id='word_1_201' title='bbox 1518 2206 1627 2245; x_wconf 86' lang='lat' dir='ltr'>prae-</span> 
     </span>
     <span class='ocr_line' id='line_1_27' title="bbox 240 2262 1627 2324; baseline 0.006 -22"><span class='ocrx_word' id='word_1_202' title='bbox 240 2262 414 2311; x_wconf 91' lang='lat' dir='ltr'>clarum,</span> <span class='ocrx_word' id='word_1_203' title='bbox 437 2264 559 2318; x_wconf 89' lang='lat' dir='ltr'>quale</span> <span class='ocrx_word' id='word_1_204' title='bbox 587 2265 628 2306; x_wconf 90' lang='lat' dir='ltr'>in</span> <span class='ocrx_word' id='word_1_205' title='bbox 656 2266 849 2307; x_wconf 90' lang='lat' dir='ltr'>omnibus</span> <span class='ocrx_word' id='word_1_206' title='bbox 872 2268 1018 2308; x_wconf 89' lang='lat' dir='ltr'>Ovidii</span> <span class='ocrx_word' id='word_1_207' title='bbox 1043 2269 1297 2310; x_wconf 87' lang='lat' dir='ltr'>carminibus</span> <span class='ocrx_word' id='word_1_208' title='bbox 1322 2268 1474 2319; x_wconf 90' lang='lat' dir='ltr'>elucet,</span> <span class='ocrx_word' id='word_1_209' title='bbox 1495 2270 1627 2324; x_wconf 88' lang='lat' dir='ltr'>impe-</span> 
     </span>
     <span class='ocr_line' id='line_1_28' title="bbox 240 2347 1625 2402; baseline 0.006 -22"><span class='ocrx_word' id='word_1_210' title='bbox 240 2349 351 2381; x_wconf 85' lang='lat' dir='ltr'>trare</span> <span class='ocrx_word' id='word_1_211' title='bbox 380 2357 401 2381; x_wconf 88' lang='lat' dir='ltr'>a</span> <span class='ocrx_word' id='word_1_212' title='bbox 431 2357 474 2382; x_wconf 87' lang='lat' dir='ltr'>se</span> <span class='ocrx_word' id='word_1_213' title='bbox 495 2357 578 2384; x_wconf 91' lang='lat' dir='ltr'>non</span> <span class='ocrx_word' id='word_1_214' title='bbox 599 2352 756 2398; x_wconf 89' lang='lat' dir='ltr'>potest,</span> <span class='ocrx_word' id='word_1_215' title='bbox 778 2352 840 2394; x_wconf 90' lang='lat' dir='ltr'>ut,</span> <span class='ocrx_word' id='word_1_216' title='bbox 861 2347 996 2387; x_wconf 89' lang='lat' dir='ltr'>missis</span> <span class='ocrx_word' id='word_1_217' title='bbox 1020 2347 1105 2387; x_wconf 90' lang='lat' dir='ltr'>suis</span> <span class='ocrx_word' id='word_1_218' title='bbox 1126 2348 1263 2397; x_wconf 87' lang='lat' dir='ltr'>bonis,</span> <span class='ocrx_word' id='word_1_219' title='bbox 1286 2355 1486 2402; x_wconf 89' lang='lat' dir='ltr'>tanquam</span> <span class='ocrx_word' id='word_1_220' title='bbox 1512 2348 1625 2390; x_wconf 85' lang='lat' dir='ltr'>fidus</span> 
     </span>
     <span class='ocr_line' id='line_1_29' title="bbox 241 2419 1094 2479; baseline 0.011 -21"><span class='ocrx_word' id='word_1_221' title='bbox 241 2419 464 2474; x_wconf 87' lang='lat' dir='ltr'>interpres,</span> <span class='ocrx_word' id='word_1_222' title='bbox 487 2420 590 2462; x_wconf 85' lang='lat' dir='ltr'>alios</span> <span class='ocrx_word' id='word_1_223' title='bbox 612 2437 778 2478; x_wconf 89' lang='lat' dir='ltr'>semper</span> <span class='ocrx_word' id='word_1_224' title='bbox 798 2425 1094 2479; x_wconf 87' lang='lat' dir='ltr'>subsequatur.</span> 
     </span>
    </p>

    <p class='ocr_par' dir='ltr' id='par_1_3' title="bbox 240 2497 1625 2710">
     <span class='ocr_line' id='line_1_30' title="bbox 297 2497 1623 2558; baseline 0.007 -21"><span class='ocrx_word' id='word_1_225' title='bbox 297 2497 399 2538; x_wconf 91' lang='lat' dir='ltr'>Non</span> <span class='ocrx_word' id='word_1_226' title='bbox 420 2514 580 2541; x_wconf 90' lang='lat' dir='ltr'>summo</span> <span class='ocrx_word' id='word_1_227' title='bbox 601 2502 750 2542; x_wconf 82' lang='lat' dir='ltr'>virium</span> <span class='ocrx_word' id='word_1_228' title='bbox 772 2503 865 2543; x_wconf 88' lang='lat' dir='ltr'>nisu</span> <span class='ocrx_word' id='word_1_229' title='bbox 887 2518 995 2558; x_wconf 90' lang='lat' dir='ltr'>opus</span> <span class='ocrx_word' id='word_1_230' title='bbox 1020 2519 1141 2545; x_wconf 89' lang='lat' dir='ltr'>suum</span> <span class='ocrx_word' id='word_1_231' title='bbox 1163 2504 1351 2554; x_wconf 83' lang='lat' dir='ltr'>excudit,</span> <span class='ocrx_word' id='word_1_232' title='bbox 1372 2505 1447 2546; x_wconf 86' lang='lat' dir='ltr'>sed</span> <span class='ocrx_word' id='word_1_233' title='bbox 1467 2520 1491 2546; x_wconf 87' lang='lat' dir='ltr'>e</span> <span class='ocrx_word' id='word_1_234' title='bbox 1512 2505 1623 2547; x_wconf 89' lang='lat' dir='ltr'>felici</span> 
     </span>
     <span class='ocr_line' id='line_1_31' title="bbox 240 2574 1625 2638; baseline 0.007 -24"><span class='ocrx_word' id='word_1_235' title='bbox 240 2574 311 2615; x_wconf 92' lang='lat' dir='ltr'>illa</span> <span class='ocrx_word' id='word_1_236' title='bbox 339 2577 494 2630; x_wconf 89' lang='lat' dir='ltr'>ingenii</span> <span class='ocrx_word' id='word_1_237' title='bbox 514 2594 620 2620; x_wconf 87' lang='lat' dir='ltr'>vena</span> <span class='ocrx_word' id='word_1_238' title='bbox 642 2582 822 2635; x_wconf 88' lang='lat' dir='ltr'>peperit,</span> <span class='ocrx_word' id='word_1_239' title='bbox 840 2597 936 2636; x_wconf 89' lang='lat' dir='ltr'>quae</span> <span class='ocrx_word' id='word_1_240' title='bbox 963 2590 1075 2623; x_wconf 89' lang='lat' dir='ltr'>tacta</span> <span class='ocrx_word' id='word_1_241' title='bbox 1104 2584 1242 2623; x_wconf 86' lang='lat' dir='ltr'>statim</span> <span class='ocrx_word' id='word_1_242' title='bbox 1263 2582 1482 2637; x_wconf 86' lang='lat' dir='ltr'>profundit</span> <span class='ocrx_word' id='word_1_243' title='bbox 1503 2584 1625 2638; x_wconf 92' lang='lat' dir='ltr'>quid-</span> 
     </span>
     <span class='ocr_line' id='line_1_32' title="bbox 240 2654 1623 2710; baseline 0.007 -17"><span class='ocrx_word' id='word_1_244' title='bbox 240 2654 343 2707; x_wconf 89' lang='lat' dir='ltr'>quid</span> <span class='ocrx_word' id='word_1_245' title='bbox 368 2655 420 2695; x_wconf 82' lang='lat' dir='ltr'>ad</span> <span class='ocrx_word' id='word_1_246' title='bbox 451 2671 535 2697; x_wconf 89' lang='lat' dir='ltr'>rem</span> <span class='ocrx_word' id='word_1_247' title='bbox 558 2658 757 2710; x_wconf 88' lang='lat' dir='ltr'>pertinet,</span> <span class='ocrx_word' id='word_1_248' title='bbox 781 2660 865 2701; x_wconf 88' lang='lat' dir='ltr'>sive</span> <span class='ocrx_word' id='word_1_249' title='bbox 890 2660 1028 2701; x_wconf 87' lang='lat' dir='ltr'>soluta</span> <span class='ocrx_word' id='word_1_250' title='bbox 1052 2662 1241 2702; x_wconf 87' lang='lat' dir='ltr'>oratione</span> <span class='ocrx_word' id='word_1_251' title='bbox 1263 2661 1409 2709; x_wconf 88' lang='lat' dir='ltr'>utaris,</span> <span class='ocrx_word' id='word_1_252' title='bbox 1432 2662 1518 2702; x_wconf 87' lang='lat' dir='ltr'>sive</span> <span class='ocrx_word' id='word_1_253' title='bbox 1538 2676 1623 2702; x_wconf 90' lang='lat' dir='ltr'>me-</span> 
     </span>
    </p>
   </div>
   <div class='ocr_carea' id='block_1_3' title="bbox 241 2733 1620 2793">
    <p class='ocr_par' dir='ltr' id='par_1_4' title="bbox 241 2733 1620 2793">
     <span class='ocr_line' id='line_1_33' title="bbox 241 2733 1620 2793; baseline 0.005 -21"><span class='ocrx_word' id='word_1_254' title='bbox 241 2733 313 2773; x_wconf 90' lang='lat' dir='ltr'>tris</span> <span class='ocrx_word' id='word_1_255' title='bbox 347 2736 586 2777; x_wconf 87' lang='lat' dir='ltr'>constricta.</span> <span class='ocrx_word' id='word_1_256' title='bbox 650 2738 791 2780; x_wconf 89' lang='lat' dir='ltr'>Datur</span> <span class='ocrx_word' id='word_1_257' title='bbox 830 2740 939 2781; x_wconf 90' lang='lat' dir='ltr'>enim</span> <span class='ocrx_word' id='word_1_258' title='bbox 980 2739 1060 2781; x_wconf 90' lang='lat' dir='ltr'>hoc</span> <span class='ocrx_word' id='word_1_259' title='bbox 1096 2740 1273 2793; x_wconf 86' lang='lat' dir='ltr'>ingeniis</span> <span class='ocrx_word' id='word_1_260' title='bbox 1310 2740 1565 2793; x_wconf 88' lang='lat' dir='ltr'>quibusdam</span> <span class='ocrx_word' id='word_1_261' title='bbox 1596 2754 1620 2779; x_wconf 90' lang='lat' dir='ltr'>a</span> 
     </span>
    </p>
   </div>
  </div>
 </body>
</html>
