1729 3207
421 214 1041 257 METAMORPHOSEON
1072 215 1191 256 LIB.
1225 216 1262 257 I.
1434 219 1518 259 139

138 327 285 376 Unde
309 330 477 386 oritur,
504 330 681 377 domus
706 337 783 378 est
807 337 948 379 terrae
974 331 1282 378 contermina
1306 339 1503 380 nostrae.

138 404 191 452 Si
232 407 378 454 modo
413 407 507 455 fert
542 407 764 464 animus;
812 408 1044 470 gradere3
1092 414 1142 454 et
1177 408 1419 456 scitabere
1457 411 1517 457 ab

136 480 333 531 Emicat
347 485 600 548 extemplo
611 485 753 532 laetus
769 492 883 548 post
897 485 1015 532 talia
1029 484 1200 532 matris
1222 485 1403 548 [ipso.''
1424 490 1518 534 775

137 559 287 608 Dicta
311 578 412 608 suae
432 562 710 618 Phaethon,
739 569 788 609 et
812 561 1030 626 concipit
1055 562 1239 609 aethera
1263 569 1458 619 mente3

135 636 496 702 AEthiopasque
521 655 653 694 suos,
679 638 968 702 positosque
995 639 1087 686 sub
1114 639 1311 701 ignibus
1339 639 1491 686 Indos

137 712 356 763 Sidereis
380 715 572 772 transit,
598 715 886 779 patriosque
912 716 1015 762 adit
1039 716 1250 779 impiger
1273 723 1425 763 ortus.

134 856 248 898 (ἡλίου
278 857 506 900 ὶπποςτοίσεις)
532 860 702 902 appellent.
748 861 796 891 Ea
905 860 980 890 776.
1020 859 1138 890 Emicat
1167 858 1361 891 celeritatem
1391 860 1522 892 indicat.

134 917 207 938 vero
233 913 280 939 est
306 908 480 951 AEthiopia,
506 909 568 945 cui,
593 909 709 952 quippe
737 911 794 940 sub
863 909 992 940 Emicat.
1043 909 1157 947 Exilit;
1194 919 1266 939 nam
1296 912 1422 940 emicare
1450 921 1521 941 cuni

135 956 282 989 calidiore
305 958 387 989 coelo
408 958 488 994 sitae,
507 958 635 989 vicinior
656 965 703 990 est
722 959 795 997 8013
861 959 1042 989 subsiliente
1069 969 1195 1000 corpore
1221 958 1363 989 laetitiam
1390 959 1520 990 indicat.

134 1014 207 1035 nam
220 1016 292 1036 mox
308 1007 462 1047 AEthiopas
476 1019 541 1038 suos
553 1014 713 1045 memorat,
727 1008 795 1050 qui-
862 1008 973 1049 Virgil.
989 1007 1116 1039 AEneid.
1131 1007 1171 1037 vi.
1186 1009 1205 1038 5
1219 1020 1224 1037 :
1250 1008 1403 1038 Juvenum
1418 1020 1524 1039 munus

134 1054 193 1085 bus
208 1054 326 1086 vicinos
347 1056 422 1088 facit
443 1057 542 1088 Indos.
587 1058 717 1089 Veteres
739 1068 794 1088 au·
862 1059 968 1087 emicat
983 1059 1091 1087 ardens
1107 1058 1197 1088 Litus
1219 1060 1251 1087 in
1269 1057 1467 1097 Hespe1·imn;
1492 1064 1523 1089 et

135 1107 198 1133 tem
213 1105 270 1135 sub
284 1104 431 1136 Indorum
444 1112 475 1138 et
486 1107 659 1146 AEthiopum
671 1107 794 1138 nomine
865 1107 948 1138 alibi.

134 1162 240 1184 omnes
252 1153 390 1185 Orientis
399 1155 530 1197 populos
540 1156 694 1198 complexi
711 1161 792 1192 sunt,
905 1157 977 1187 777.
1004 1156 1141 1195 Concipit
1165 1155 1263 1187 viator
1289 1163 1384 1187 mente
1408 1156 1522 1193 locum,

134 1201 167 1232 in
178 1203 365 1235 australibus
378 1204 573 1246 potissimum
586 1205 705 1247 plagis:
721 1206 793 1236 vide
861 1215 923 1245 quo
943 1204 1044 1235 tendit
1059 1217 1064 1234 :
1091 1205 1233 1247 proponit
1249 1205 1308 1235 sibi
1331 1205 1445 1240 locum,
1462 1217 1523 1247 quo

136 1250 253 1293 Cuper.
271 1252 439 1284 Observat.
451 1253 493 1284 iv.
510 1254 539 1285 7.
860 1254 978 1285 tendat.
1039 1255 1153 1285 Positos
1188 1256 1241 1285 sub
1276 1256 1394 1296 ignibus
1424 1254 1442 1283 I
1444 1257 1524 1285 ndns.

180 1300 252 1332 775.
276 1301 308 1331 Si
322 1302 481 1343 modofert
495 1306 625 1340 animus,
643 1302 668 1334 si
685 1303 792 1345 cupis:
860 1304 970 1334 Horat.
989 1304 1016 1335 Ι.
1032 1303 1094 1335 Od.
1111 1304 1162 1336 xii.
1179 1306 1220 1335 55
1234 1316 1240 1334 :
1265 1305 1406 1344 subjectos
1426 1306 1521 1335 orien-

140 1347 211 1380 vide
227 1350 266 1381 ad
284 1360 344 1382 ver.
359 1352 387 1383 l.
861 1354 899 1383 tis
913 1364 971 1384 07·oe
994 1352 1094 1384 Indos.
