1729 3207
229 225 313 267 108
617 226 666 266 P.
700 225 915 267 OVIDII
949 225 1228 268 NASONIS

227 340 320 387 Illa
335 340 536 403 quidem
557 341 728 395 nollet,
748 341 836 388 sed
856 348 905 388 te
926 357 1142 405 quoque,
1162 341 1377 389 maxime
1395 341 1612 405 Python,

227 416 356 463 Tum
381 417 578 479 genuit;
610 416 910 480 populisque
932 418 1085 473 novis,
1113 417 1367 480 incognita
1391 434 1612 482 serpens,

226 493 402 540 Terror
423 509 530 540 eras
554 510 563 541 :
593 500 788 540 tantum
813 493 959 557 spatii
981 494 1043 541 de
1070 501 1238 542 monte
1263 495 1471 543 tenebas
1489 495 1498 541 !
1516 498 1613 541 440

227 569 372 617 Hanc
400 570 537 618 Deus
563 570 858 627 arcitenens,
880 578 930 618 et
954 587 1212 634 nunquam
1237 572 1418 619 talibus
1445 571 1594 619 armis

225 647 372 703 Ante,
401 647 492 693 nisi
521 647 569 693 in
594 647 753 694 damis
775 647 1070 711 capreisque
1095 647 1374 710 fugacibus,
1401 664 1538 703 usus,

224 723 364 772 Mille
390 741 587 786 gravem
608 725 735 781 telis,
765 725 1015 773 exhausta
1037 741 1183 789 poene
1211 725 1464 789 pharetra,

223 800 464 856 Perdidit,
491 801 649 848 effuso
676 818 764 866 per
788 803 991 850 vulnera
1018 803 1160 865 nigra
1183 818 1390 850 veneno.

224 877 363 926 Neve
389 879 550 942 operis
574 879 756 926 famam
781 880 941 944 possit
965 881 1131 928 delere
1155 886 1393 935 vetustas,

1515 880 1612 925 445

226 955 449 1003 Instituit
473 972 640 1004 sacros
666 957 850 1004 celebri
877 957 1147 1005 certamine
1172 957 1333 1013 ludos,

220 1122 294 1141 noi-a
311 1118 454 1142 monstra.
502 1112 644 1143 Monstra
660 1112 807 1144 dicuntur
823 1113 881 1144 eti-

219 1171 269 1191 am
293 1160 512 1203 ἁτυχὴματαῑ
539 1168 688 1203 tanquam
714 1174 761 1194 res
781 1173 880 1199 novae,

217 1216 249 1241 et
263 1209 329 1241 sine
344 1221 428 1241 more
445 1218 651 1242 occurrentes.

262 1261 336 1291 438.
362 1260 491 1300 Nollem]
517 1261 640 1302 Nempe
659 1260 725 1292 sine
747 1271 804 1292 sua
829 1272 878 1292 vo-

216 1308 349 1345 luntate,
366 1310 528 1340 elementis
542 1310 586 1340 ita
600 1310 810 1352 operantibus,
823 1310 880 1341 hoc

217 1364 394 1400 portentum
416 1366 587 1401 pepererat.
613 1359 742 1400 Python.
767 1360 794 1389 A
818 1359 880 1390 πύ-

219 1407 287 1445 Θω;
313 1407 522 1439 exhalationis
543 1408 626 1438 enim
642 1409 839 1451 putredinem
863 1420 882 1439 a

217 1455 336 1487 diluvio
374 1467 500 1497 gravem
527 1457 579 1488 Sol
613 1457 781 1493 radiorum,
811 1464 879 1488 tan-

218 1515 311 1546 quam
335 1505 530 1546 sagittarum,
546 1506 611 1536 ictu
635 1506 809 1537 attenuavit
827 1517 880 1537 ex-

215 1554 420 1596 siccat-itque.
470 1555 632 1595 Pythonem
650 1556 729 1585 hunc
752 1556 879 1586 Homer.

217 1603 247 1634 h.
273 1603 378 1645 Apoll.
403 1615 466 1635 ver.
495 1606 569 1635 302.
592 1611 683 1635 vocat
707 1604 876 1646 ζατρεφέα,

215 1652 375 1694 μεγάλην,
402 1665 495 1695 repar:
518 1654 651 1695 a'yprov:
678 1653 786 1695 Apoll.
816 1653 879 1685 Rh.

217 1708 320 1731 autem
350 1702 381 1732 ii.
411 1703 486 1732 708.
513 1701 678 1743 δελφὺνην
708 1703 878 1745 πελώριον,

217 1751 299 1791 quod
325 1751 492 1792 Spanhem.
517 1751 549 1782 in
575 1750 730 1792 ἔελφῖνην
756 1759 878 1783 mutan-

217 1799 292 1829 dum
308 1806 417 1831 censet
435 1811 472 1831 ex
491 1801 608 1831 thetz.
623 1800 663 1831 ad
679 1801 833 1842 Lyeophr.
848 1813 879 1844 p.

217 1848 270 1878 43.
316 1849 395 1879 Inde
412 1849 529 1891 Apollo
544 1849 646 1880 dictus
661 1849 795 1881 creditur
807 1849 876 1882 δελ-

216 1897 329 1939 φίνιος.

259 1949 333 1978 439.
379 1947 537 1990 Incognita
577 1947 761 1979 femininum
800 1959 877 1990 prae-

215 1997 288 2028 tulit
301 1998 410 2028 Burm.
421 1998 494 2038 quia
508 1997 611 2028 Schol.
624 1997 771 2039 Apollon.
787 1998 827 2028 ad
842 1997 876 2028 ii.

217 2047 292 2077 708.
319 2046 424 2082 tradit,
453 2046 534 2077 hanc
564 2049 731 2077 dravernum
761 2046 877 2077 dictam

215 2105 283 2126 esse
302 2094 466 2137 δελφὺνην
480 2106 594 2137 genere
617 2094 776 2126 feminino.

258 2146 332 2176 440.
358 2145 488 2175 Tantum
503 2145 619 2185 spatii]
643 2144 737 2186 Apud
751 2143 878 2176 Callim.

215 2203 280 2224 ver.
310 2195 365 2225 93.
393 2195 567 2225 Parnasum
597 2193 738 2235 implicat
767 2204 878 2224 novem

215 2241 352 2278 orbibus,
383 2248 415 2273 et
443 2242 527 2284 apud
556 2242 702 2278 Statium,
726 2242 826 2273 Theb.
853 2242 876 2272 i.

215 2291 290 2321 563.
307 2290 488 2322 interfectus
506 2297 640 2332 occupat
655 2291 791 2332 spatium
806 2301 878 2322 cen-

214 2345 281 2369 tum
293 2340 449 2380 jugerum.
476 2339 520 2369 De
534 2346 631 2370 monte
646 2338 767 2375 maluit,
784 2350 877 2381 quarn

214 2391 333 2424 montis,
346 2395 380 2419 ut
393 2399 560 2419 concursus
573 2388 700 2419 duorum
715 2388 877 2420 Genitivo-

214 2447 281 2468 rum
304 2437 462 2468 vitaretur.
510 2438 556 2467 De
580 2444 686 2474 monte,
706 2438 878 2469 Parnasum

214 2493 351 2517 montem
381 2487 516 2522 tenebat,
542 2486 647 2528 ibique
671 2486 720 2517 vel
749 2487 875 2518 oracula

212 2535 337 2572 edebat,
351 2536 400 2567 vel
424 2535 595 2567 secundum
612 2536 793 2578 Apollodor.
807 2547 875 2567 ora-

213 2586 319 2616 culum
356 2585 568 2617 custodiebat:
618 2595 688 2616 nam
726 2585 875 2617 dracones

213 2645 296 2676 saepe
323 2635 469 2665 custodes
493 2635 630 2665 locorum
657 2641 755 2665 erant.
800 2635 875 2666 vid.

215 2683 254 2713 ad
281 2683 324 2714 iii.
353 2685 405 2715 31.
450 2685 491 2714 Et
518 2684 654 2726 tripodes
682 2683 713 2714 in
742 2684 876 2715 nummis

216 2732 303 2763 multi
320 2732 536 2764 circumvoluti
552 2732 738 2764 draconibus
753 2733 875 2775 conspi-

215 2781 349 2818 ciuntur,
365 2782 438 2823 quia
465 2781 557 2813 draco
581 2788 686 2823 aptum
712 2781 753 2812 ad
767 2782 874 2821 auguri

951 1123 969 1143 a
985 1112 1112 1143 animal.
1147 1111 1229 1142 Vide
1245 1109 1414 1153 Spanhem.
1428 1110 1467 1141 ad
1484 1109 1614 1141 Callim-

950 1162 1020 1194 achi
1036 1162 1066 1193 h.
1083 1161 1145 1192 del.
1158 1162 1210 1192 91.

994 1213 1070 1242 441.
1096 1213 1284 1246 Arcitenens,
1300 1210 1415 1251 Apollo
1429 1209 1611 1251 τοξοφόρος,

948 1261 1094 1299 τοξότης,
1110 1271 1223 1302 praeses
1243 1259 1470 1300 sagittariorum
1492 1264 1523 1290 et
1539 1269 1613 1289 auc-

949 1316 995 1342 tor
1012 1310 1087 1341 artis
1107 1308 1277 1350 sagittandi
1293 1321 1299 1338 :
1324 1308 1396 1339 vide
1411 1309 1554 1339 Macrob.
1567 1308 1612 1338 vi.

949 1362 978 1391 5.
1024 1360 1111 1390 Inter
1135 1358 1262 1389 Latinos
1275 1358 1405 1389 Naevius
1419 1357 1536 1400 primus
1554 1357 1613 1388 hoc

948 1408 1073 1439 nomine
1089 1419 1174 1438 usus.

991 1459 1065 1488 442.
1115 1456 1148 1487 ln
1181 1458 1286 1492 damis,
1320 1456 1351 1487 in
1387 1456 1506 1487 damas.
1549 1455 1613 1487 Sed

948 1507 1061 1549 Apollo
1077 1507 1158 1537 seras
1174 1506 1272 1547 figens
1287 1506 1371 1548 apud
1391 1505 1468 1536 alios
1482 1505 1611 1548 scripto-

948 1567 996 1588 res
1012 1567 1074 1587 non
1086 1555 1230 1586 occurrit.

990 1606 1064 1636 443.
1103 1604 1244 1640 Gravem,
1261 1609 1435 1645 gravatam,
1450 1609 1608 1640 onustam,

948 1654 1086 1696 plenam.
1133 1654 1222 1684 Mille
1244 1655 1319 1683 telis.
1342 1653 1471 1689 Statius,
1488 1664 1516 1683 v.
1531 1654 1608 1684 532.

948 1703 1025 1734 dicit
1054 1704 1252 1733 arundineam
1272 1710 1395 1733 centeno
1417 1703 1541 1733 vulnere
1555 1703 1609 1733 sie-

947 1763 1013 1782 vam
1028 1752 1161 1783 vexisse.

991 1802 1063 1831 444.
1103 1801 1216 1842 Nigra,
1256 1800 1305 1831 vel
1343 1800 1417 1842 quia
1453 1806 1611 1842 serpentes

945 1850 1004 1893 ipsi
1031 1849 1131 1893 poetis
1162 1852 1244 1892 nigri
1273 1850 1430 1885 dicuntur,
1459 1849 1507 1880 vel
1536 1849 1610 1891 quia

946 1899 1017 1930 inde
1034 1900 1155 1941 nigrum
1171 1910 1325 1930 venenum
1340 1899 1527 1941 profluebat.
1559 1899 1610 1931 Ita

947 1948 1036 1988 Virg.
1052 1949 1126 1978 AEn.
1143 1947 1187 1979 ix.
1206 1949 1280 1978 700.
1297 1955 1399 1978 atrum
1422 1948 1554 1985 2*ulnus,·
1578 1954 1611 1979 et

947 1997 1030 2039 apud
1058 1998 1220 2033 Nostrum,
1245 1999 1379 2028 calidum
1403 2003 1434 2028 et
1447 1997 1608 2037 fervidum

946 2047 1066 2076 vulnus.

988 2096 1062 2131 445,
1078 2096 1151 2126 446.
1177 2095 1260 2126 Neve
1282 2097 1386 2135 weris,
1410 2095 1489 2136 etc.]
1515 2095 1609 2126 Anti-

946 2143 1102 2185 quissimis
1117 2144 1308 2186 temporibus
1329 2155 1430 2175 rerum
1454 2154 1609 2175 memora-

945 2192 1055 2223 bilium
1072 2193 1220 2223 memoria
1232 2192 1315 2224 ludis
1330 2192 1480 2224 institutis
1494 2194 1609 2225 servari

944 2243 1075 2273 solebat.
1120 2243 1187 2274 Hos
1201 2243 1291 2274 ludos
1306 2243 1477 2274 Diomedes
1491 2243 1608 2285 primus

945 2290 1114 2323 instituisse
1127 2292 1158 2323 in
1171 2292 1317 2323 honorem
1329 2291 1487 2334 Apollinis
1499 2291 1609 2323 crede-

944 2341 1056 2371 batur:
1082 2341 1145 2372 vid.
1163 2341 1302 2372 Pausan.
1326 2341 1466 2372 Corinth.
1487 2352 1518 2383 p.
1537 2342 1608 2373 186.

948 2389 1008 2420 Per
1022 2390 1116 2421 breve
1139 2395 1262 2432 tempus
1284 2400 1364 2421 nono
1379 2400 1503 2432 quoque
1527 2400 1608 2421 anno

944 2438 1105 2474 celebrati,
1121 2439 1258 2470 renovati
1273 2445 1345 2470 sunt
1365 2440 1404 2470 ab
1419 2438 1607 2482 Amphicty—

944 2498 994 2518 on.
1010 2497 1039 2518 a.
1057 2489 1088 2519 3.
1103 2488 1233 2531 Olymp.
1246 2489 1298 2519 48.
1312 2495 1343 2519 et
1359 2494 1468 2530 quarto
1483 2499 1607 2530 quoque

943 2546 1024 2566 anno
1033 2536 1147 2567 habiti:
1163 2536 1442 2579 Pausan.Phoc.p.
1453 2538 1529 2568 813.
1546 2538 1607 2568 Ce-

942 2585 1143 2616 lebrabantur
1157 2592 1261 2617 autem
1277 2597 1338 2617 non
1352 2586 1458 2628 procul
1476 2587 1514 2617 ab
1530 2587 1606 2617 urbe

943 2634 1060 2670 Crissa,
1083 2645 1152 2676 quae
1174 2635 1247 2666 inde
1267 2635 1379 2676 Pytho,
1400 2641 1507 2677 postea
1530 2635 1607 2666 Del-

943 2684 997 2725 phi
1019 2684 1105 2714 dicta
1127 2690 1184 2715 est.
1229 2684 1327 2720 Sacri,
1344 2684 1488 2726 quoniam
1505 2684 1536 2714 in
1552 2684 1605 2714 ho-

945 2743 1048 2763 norem
1065 2733 1126 2763 Dei
1151 2733 1359 2764 celebrantur.
1407 2733 1522 2763 Celebri
1542 2743 1605 2762 cer-

945 2783 1065 2815 tamine,
1082 2781 1113 2812 in
1138 2781 1252 2822 quibus
1275 2782 1368 2812 totius
1389 2780 1451 2811 fere
1472 2780 1603 2812 Graeciae
