1763 3181
384 177 1002 220 METAMORPHOSEON
1037 177 1157 219 LIB.
1190 177 1254 218 Il.

129 294 194 343 Et
216 294 400 342 laniata
423 295 577 350 sinus,
600 299 761 340 totum
786 292 1074 356 percensuit
1097 293 1296 350 orbem;

1431 180 1512 221 171

1417 297 1512 341 335

129 371 501 435 Exanimesque
527 376 663 418 artus
688 371 863 434 primo,
891 387 1008 417 mox
1034 386 1148 417 ossa
1171 369 1446 433 requirens,

130 449 374 513 Repperit
398 464 512 496 ossa
535 454 703 494 tamen
728 447 990 510 peregrina
1014 446 1218 494 condita
1242 446 1365 510 ripa,

129 524 465 588 Incubuitque
489 525 629 581 loco;
670 539 953 586 nomenque
974 523 1023 569 in
1049 539 1290 570 marmore
1316 524 1500 571 lectum

133 602 361 650 Perfudit
385 601 617 653 lacrimis,
645 607 695 647 et
720 608 891 664 aperto
917 607 1118 664 pectore
1136 600 1285 648 fovit:

133 678 179 726 N
185 695 241 726 ec
266 678 429 725 minus
456 676 694 725 Heliades
719 677 885 733 fletus,
913 684 979 732 et,
1007 677 1171 725 inania
1194 677 1340 724 morti

1423 681 1519 724 340

132 754 359 811 Munera,
386 755 509 802 dant
531 753 789 811 lacrimas;
831 760 880 801 et
905 770 1046 800 caesae
1073 761 1279 818 pectora
1303 754 1497 818 palmis,

133 832 180 878 N
184 849 247 879 on
272 832 553 893 auditurum
577 831 782 878 miseras
808 830 1127 878 Phaethonta
1152 833 1396 894 querelas,

133 909 296 956 Nocte
321 909 502 972 dieque
525 916 731 965 vocant;
773 916 1190 972 asternunturque
1216 910 1460 973 sepulcro.

134 985 274 1033 Luna
297 993 473 1049 quater
490 985 681 1049 junctis
705 986 934 1049 implerat
958 986 1192 1034 cornibus
1218 987 1388 1035 orbem
1408 1005 1417 1035 :

133 1063 238 1110 Illae
263 1080 397 1111 more
423 1080 528 1119 suo,
556 1079 670 1111 nam
695 1079 882 1111 morem
907 1063 1094 1111 fecerat
1120 1080 1256 1119 usus,

1424 1067 1520 1111 345

133 1140 433 1202 Plangorem
458 1141 725 1189 dederant:
766 1157 793 1188 e
819 1141 963 1204 queis
992 1141 1247 1188 Phaetusa
1272 1157 1495 1189 sororum

133 1216 373 1274 Maxima,
408 1234 560 1280 quum
593 1218 743 1266 vellet
778 1226 921 1266 terrae
958 1220 1304 1283 procumbere,
1342 1227 1522 1282 questa

136 1293 413 1357 Diriguisse
436 1296 619 1359 pedes:
661 1296 723 1343 ad
748 1313 899 1360 quam
925 1304 1103 1344 conata
1126 1297 1292 1344 venire

1424 1298 1524 1359 [est

135 1370 367 1419 Candida
392 1371 666 1437 Lampetie,
695 1374 860 1421 subita
884 1374 1050 1422 radice
1074 1380 1269 1422 retenta
1293 1381 1384 1421 est.

137 1504 310 1537 foedabant.
342 1505 433 1546 Virg.
463 1507 538 1538 AEn.
561 1507 581 1538 i.
611 1508 686 1538 673.
743 1507 793 1539 Sic

134 1555 263 1593 repperit
280 1554 406 1596 quidem
426 1566 497 1591 ossa,
513 1555 544 1586 in
563 1558 723 1597 peregrina
748 1563 793 1587 ta-

133 1614 198 1633 men
222 1606 302 1643 ripa.
361 1604 400 1634 In
425 1610 506 1635 terra
529 1606 693 1646 peregrina
718 1606 795 1637 mori

134 1651 342 1683 tristissimum
366 1652 477 1684 visum.
500 1654 608 1685 Tibul.
631 1655 659 1685 Ι.
687 1655 733 1685 iii.
761 1657 793 1686 3.

134 1701 239 1743 ibique
255 1702 398 1744 Heynius
412 1703 443 1733 iu
454 1704 585 1734 Observ.
597 1715 605 1742 ;
621 1704 696 1735 item
707 1704 796 1746 Virg.

135 1751 209 1781 AEn.
229 1750 271 1781 ix.
295 1752 368 1782 485.
415 1752 534 1791 Aper-to,
561 1753 662 1783 nudo:
687 1754 796 1793 fovere

134 1810 238 1830 nomen
255 1799 368 1841 frigida
391 1800 557 1831 admodum
580 1801 695 1833 locutio
711 1802 796 1833 vide-

134 1853 184 1878 tur
212 1849 385 1880 Burmann.
444 1850 655 1891 Amplectitur
690 1851 797 1893 itaque

135 1897 274 1928 Gronov.
297 1898 379 1929 Cod.
396 1898 576 1935 lectionem,
591 1901 684 1936 saevit,
701 1901 732 1931 id
749 1906 796 1932 est

134 1946 284 1978 laceravit
294 1953 436 1990 apertum
447 1959 501 1979 seu
514 1949 665 1980 nudatum
677 1956 796 1992 pectus.

137 1996 198 2027 Sed
214 1996 324 2039 quidni
340 1997 493 2039 Clymene
509 2009 625 2035 nomen,
640 1999 724 2041 quod
743 2000 796 2031 diu

134 2052 257 2087 pectore
283 2052 390 2088 aperto
415 2048 553 2089 tegebat,
569 2049 682 2090 fouisse
710 2055 794 2080 recte

132 2094 266 2131 dicatur,
284 2106 379 2137 quum
403 2097 499 2127 locum
513 2096 621 2138 fovere
644 2098 726 2129 bona
747 2098 792 2129 lo-

134 2144 218 2175 cutio
240 2145 292 2180 sit,
309 2144 348 2176 de
368 2155 417 2181 eo,
432 2145 486 2187 qui
505 2145 629 2177 assidue
645 2152 676 2177 et
693 2147 747 2178 diu
763 2147 794 2178 in

135 2202 171 2223 eo
185 2196 343 2224 versatur!
379 2194 429 2225 Sic
446 2196 670 2237 casti-ajbvere,
682 2196 794 2237 Virgil.

136 2242 211 2272 AEn.
237 2241 280 2273 ix.
304 2244 364 2274 57:
399 2244 520 2274 humum
535 2245 653 2286 jovere,
682 2245 796 2286 Georg.

136 2290 182 2321 iii.
199 2292 273 2323 420.

179 2341 252 2371 340.
269 2341 411 2372 Heliades
416 2342 541 2384 fletus.]
573 2343 736 2379 Heliades,
748 2354 796 2374 so-

136 2399 218 2420 rores
228 2389 434 2421 Phaethontis
448 2392 700 2432 (Phaethontides
712 2393 796 2434 apud

137 2438 316 2470 Germanic.
331 2440 423 2471 Atat.
444 2452 507 2472 ver.
523 2442 615 2482 371.)
638 2441 751 2473 Ἠλίου
773 2453 798 2472 S.

136 2487 216 2518 Solis
240 2487 325 2519 filiae.
370 2489 401 2519 A
426 2490 541 2521 Nostro
567 2502 626 2522 non
653 2491 711 2522 nisi
737 2497 798 2522 tres

137 2543 430 2573 commemorantur,
465 2539 504 2569 ab
541 2539 680 2581 Hygino,
712 2540 799 2582 praef.

135 2590 289 2626 quatuor;
313 2586 366 2617 sed
391 2587 519 2619 Hesiod.
543 2594 663 2630 septem
691 2599 799 2619 nume-

138 2641 270 2667 raverat.
316 2637 432 2674 Fletus,
456 2638 604 2680 quoniam
627 2650 646 2670 a
669 2640 801 2670 lacrimis

139 2683 288 2726 distingui
311 2685 466 2724 videntur,
486 2688 563 2720 forte
587 2689 711 2720 omnino
735 2689 801 2719 luc-

140 2740 189 2763 tus
204 2734 305 2775 signa.
348 2736 492 2772 Munera,
512 2738 642 2769 honores
657 2738 799 2771 extremi,

861 1508 914 1550 qui
931 1507 1086 1538 habentur
1100 1506 1238 1543 mortuis,
1250 1512 1285 1537 ut
1294 1507 1385 1548 Virg.
1398 1507 1525 1538 AEneid.

860 1557 902 1587 vi.
919 1558 981 1587 884
998 1568 1087 1598 sqq.:
1111 1556 1183 1586 vide
1206 1555 1365 1586 Brouckh.
1385 1556 1425 1586 ad
1450 1556 1525 1586 Pro-

860 1612 941 1649 pert.
958 1607 985 1637 Ι.
1005 1606 1079 1636 xvii.
1094 1607 1148 1636 23.
1193 1606 1318 1641 Ιηιιηὶα,
1344 1605 1419 1647 quia
1444 1616 1523 1636 mor-

861 1663 949 1688 tuum
971 1666 1030 1686 non
1051 1655 1082 1686 in
1102 1655 1198 1686 vitam
1223 1660 1382 1686 revocant.
1426 1656 1525 1685 Plane

861 1705 904 1735 sic
930 1707 1018 1735 inane
1042 1716 1151 1734 munus
1173 1703 1256 1746 apud
1272 1704 1362 1745 Virg.
1391 1704 1424 1734 d.
1448 1704 1469 1734 l.
1494 1709 1526 1734 et

864 1765 959 1784 vanus
982 1754 1085 1790 honor,
1112 1753 1241 1784 AEneid.
1266 1753 1308 1784 xi.
1334 1754 1394 1784 52:
1424 1756 1526 1789 inane,

864 1813 955 1833 omne
972 1802 1015 1838 id,
1032 1802 1115 1843 quod
1132 1801 1234 1832 fructu
1250 1808 1348 1832 caret.

908 1854 983 1883 342.
1021 1843 1208 1882 Phaethonta
1237 1858 1341 1882 vocant
1370 1862 1408 1882 ex
1441 1861 1526 1882 more

865 1901 1039 1942 lugentium
1067 1906 1099 1932 et
1128 1900 1390 1932 conclamantium
1419 1901 1527 1943 priscis

863 1950 1066 1992 temporibuS.
1090 1950 1218 1981 Homer.
1243 1951 1306 1981 Od.
1321 1951 1342 1981 i.
1360 1951 1412 1981 65.
1436 1950 1526 1991 Virg.

864 1999 995 2030 AEneid.
1014 1999 1058 2030 iii.
1074 2000 1129 2030 68.
1154 1999 1249 2030 Hinc.
1265 1999 1395 2030 AEneid.
1410 1999 1433 2030 i.
1450 2000 1526 2030 219.

864 2051 992 2088 necjum
1008 2050 1150 2079 exaudire
1163 2056 1287 2085 vocatos,
1301 2054 1436 2079 mortuos
1448 2059 1527 2079 esse.

908 2098 981 2128 344.
1005 2098 1097 2128 Luna
1109 2104 1225 2138 quater,
1238 2098 1314 2138 etc.]
1341 2099 1458 2128 Luctus
1473 2108 1528 2139 per

864 2152 985 2178 certum
1008 2153 1140 2189 tempuS‚
1156 2147 1251 2188 idque
1274 2147 1430 2178 interdum
1452 2147 1529 2177 satis

864 2196 1003 2238 longum,
1019 2196 1164 2233 durabat,
1180 2207 1263 2227 nunc
1281 2202 1424 2238 quatuor,
1441 2207 1527 2226 men-

863 2257 921 2282 ses,
938 2247 1021 2288 quod
1037 2245 1158 2289 poetice
1173 2257 1353 2288 expressum
1369 2258 1376 2283 3
1398 2245 1461 2276 vid.
1476 2245 1527 2276 ad.

864 2306 927 2326 ver.
945 2296 1017 2326 453.
1063 2296 1135 2326 Jam
1162 2294 1447 2326 transformationes
1473 2304 1528 2335 per

864 2350 966 2386 partes
991 2355 1096 2375 rursus
1117 2344 1276 2375 describit.
1317 2344 1366 2375 Cf.
1382 2344 1405 2374 i.
1422 2345 1528 2374 548—

865 2396 948 2432 5525
965 2394 1184 2425 ix.35l-—358
1198 2406 1205 2432 3
1221 2394 1443 2425 x.489—500.
1467 2393 1529 2423 Sed

866 2443 981 2474 Claud.
1009 2443 1115 2474 xxviii.
1150 2444 1222 2474 164.
1261 2443 1356 2474 alium
1386 2443 1527 2483 mythum

865 2493 1018 2534 sequitur,
1043 2504 1080 2523 ex
1107 2504 1169 2534 quo
1193 2492 1345 2524 Heliades
1366 2503 1437 2522 cum
1459 2491 1526 2521 Eri-

866 2541 947 2572 dano
963 2547 994 2571 et
1010 2541 1118 2582 Cycno
1133 2542 1213 2573 inter
1227 2541 1330 2572 sidera
1344 2541 1462 2571 relatae.

911 2590 988 2621 349.
1025 2589 1176 2627 Candida,
1216 2590 1357 2633 pulchra,
1387 2590 1530 2631 frequens

867 2639 1042 2680 puellarum
1065 2639 1237 2681 epitheton.
1282 2640 1388 2669 Subita
1414 2640 1527 2674 radice,

869 2687 901 2717 in
912 2698 1007 2729 quam
1023 2687 1118 2729 pedes
1132 2688 1200 2730 ejus
1211 2687 1313 2719 subito
1325 2687 1436 2718 mutati
1448 2693 1530 2718 sunt.

871 2736 973 2766 Tertia
990 2737 1059 2767 aliis
1078 2738 1180 2778 AEgle,
1196 2737 1264 2768 aliis
1282 2737 1399 2768 Phoebe
1417 2743 1475 2767 est.
